,revenue,net_profit,eps,dps,gross_profit,ebit,ebitda,close_price,expense,operating_profit,cash,account_receivable,inventory,current_asset,property_plant_equipment,total_asset,short_term_loan,account_payable,current_portion_long_term_debt,current_liability,non_current_liability,total_liability,paid_in_capital,total_equity,cash_flow_operation,cash_flow_investment,cash_flow_financing,depreciation,P/E,P/BV,D/E,EPS,DPS,DPR%,ROA%,ROAA%,ROE%,ROAE%,ROCE%,NPM%,NPMA%,CurrentRatio,QuickRatio,month,year,dividend,number_of_shares,return_old
2000-03-31,321.11,17.93,0.6,0.0,46.06,44.74,70.23,0.2,276.37,22.97,79.35,217.42,79.48,416.01,803.74,1230.79,355.38,220.02,106.99,708.04,655.37,1363.41,300.0,-132.62,58.34,70.66,-86.3,25.49,0.0825,-0.45,-10.28,0.6,0.0,0.0,5.84,0.0,-54.08,0.0,34.24,6.07,5.58,0.59,0.48,3,2000,0.0,29.883333333333333,17.93
2000-06-30,296.06999999999994,-8.65,-0.2889547413793104,0.0,49.379999999999995,17.299999999999997,41.53999999999999,0.25,278.76,28.25,30.76,234.04,93.79,408.59,780.88,1207.54,321.85,241.92,108.49,699.8,649.93,1349.74,300.0,-142.19,20.689999999999998,-8.699999999999996,-60.57000000000001,24.24,-0.21724855491329478,-0.53,-9.49,0.31,0.0,0.0,-2.8709051724137935,-0.0,24.346767241379315,-0.0,-45.56163793103449,1.59,1.5,0.58,0.45,6,2000,0.0,29.93548387096774,9.28
2000-09-30,324.5400000000001,-44.88,-1.500202247191011,0.0,44.77000000000001,-17.89,6.77000000000001,0.29,342.44000000000005,19.210000000000008,16.2,229.24,96.57,398.74,762.52,1181.5,365.5,238.45,78.31,704.26,665.86,1370.12,300.0,-188.63,20.379999999999995,-6.439999999999998,-28.50999999999999,24.660000000000004,-0.04759358288770053,-0.46,-7.26,-1.19,0.0,0.0,-15.178516853932585,0.0,95.15568539325842,0.0,46.64494382022472,-3.99,-3.78,0.57,0.43,9,2000,0.0,29.915966386554626,-35.6
2000-12-31,369.6199999999999,-15.600000000000001,-0.521015625,0.0,49.29999999999998,11.980000000000004,36.760000000000005,0.26,357.64,24.629999999999995,39.67,237.81,84.63,424.81,1180.99,1626.65,365.18,251.84,94.66,755.48,652.61,1408.09,300.0,218.57,62.03999999999999,-26.230000000000004,-12.340000000000003,24.78,-0.12307692307692306,0.36,6.44,-1.71,0.0,0.0,-3.8390625,0.0,-28.543125000000003,0.0,7.848750000000002,-4.17,-3.9,0.56,0.45,12,2000,0.0,29.94152046783626,-51.2
2001-03-31,313.0,-6.67,-0.22,0.0,49.56,17.9,41.28,0.26,295.1,29.13,8.6,236.74,82.05,384.07,1178.68,1583.62,336.75,264.21,101.38,731.52,640.95,1372.47,300.0,211.15,42.16,-14.02,-59.21,23.38,-0.295,0.37,6.5,-0.22,0.0,0.0,-1.68,5.08,-12.64,-67.96,8.4,-2.21,-2.13,0.53,0.41,3,2001,0.0,30.318181818181817,-6.67
2001-06-30,368.86,31.409999999999997,1.0410751818916733,0.0,67.22,54.1,80.38,0.36,314.77,41.5,20.76,270.28,76.86,424.64,1201.2,1643.99,359.0,268.12,126.28,781.52,617.91,1399.43,300.0,244.56,36.52000000000001,-42.72,18.36,26.279999999999998,0.0866411970709965,0.44,5.72,0.82,0.0,0.0,7.617623282134195,25.645998383185123,51.3935650767987,245.43982215036377,42.404769603880354,3.79,3.63,0.54,0.45,6,2001,0.0,30.170731707317074,24.74
2001-09-30,356.2299999999999,41.22,1.3748332322619772,0.0,63.16999999999999,61.08000000000001,86.19,0.51,295.14,40.27000000000001,54.75,282.35,86.2,482.38,1121.63,1630.75,343.03,269.7,132.84,772.24,576.53,1348.77,300.0,281.99,34.86,42.84,-43.71,25.11,0.09201115963124697,0.54,4.78,2.2,0.0,0.0,10.098775015160705,23.647131594906007,58.46790782292298,353.2071558520316,38.74530018192844,6.64,6.35,0.62,0.51,9,2001,0.0,29.981818181818177,65.96
2001-12-31,359.33000000000015,86.34000000000002,2.879889691398556,0.0,117.88999999999999,101.41999999999999,89.10999999999999,0.62,257.9200000000001,90.72,23.05,204.5,68.73,358.25,1103.64,1490.22,240.43,260.49,98.52,625.82,532.46,1158.28,300.0,331.94,152.65999999999997,-7.8100000000000005,-176.55,-12.309999999999995,0.05291869353717858,0.56,3.49,5.08,0.0,0.0,23.17517531188444,34.127826657912024,104.03884963887067,125.46795009848984,61.52079317137229,11.34,10.9,0.57,0.46,12,2001,0.0,29.980314960629922,152.3
2002-03-31,379.61,90.07,3.0,0.0,114.71,102.39,115.91,3.35,277.22,93.44,7.94,211.5,74.63,346.54,1082.21,1471.72,198.02,229.69,103.04,554.43,489.67,1044.1,300.0,427.62,61.6,-1.44,-75.26,13.52,0.28,2.35,2.44,3.0,0.0,0.0,24.48,26.8,84.24,112.8,44.64,24.32,23.73,0.63,0.49,3,2002,0.0,30.02333333333333,90.07
2002-06-30,394.36,107.93,3.597666666666667,0.0,127.61,118.67999999999999,131.56,6.25,275.67999999999995,104.58000000000001,12.96,250.7,82.34,402.5,1059.98,1533.48,193.43,260.7,95.19,574.6,432.2,1006.79,300.0,526.68,91.46000000000001,-31.109999999999996,-55.33,12.879999999999999,0.4356990642082831,3.56,1.91,6.6,0.0,0.0,28.149016161616164,30.329420202020202,81.9613878787879,111.96374747474749,50.28011717171717,26.39,25.58,0.7,0.56,6,2002,0.0,30.0,198.0
2002-09-30,418.68000000000006,88.22000000000003,0.29281322059953885,0.0,107.24000000000001,97.87,113.13000000000002,5.2,320.81000000000006,82.1,30.63,228.32,95.01,426.65,1128.02,1615.79,156.8,329.59,109.47,634.36,389.1,1023.46,300.0,592.33,162.67000000000002,-74.57000000000001,-70.44,15.259999999999998,4.436701995012468,2.63,1.73,0.95,0.0,0.0,21.83461952344351,24.226441199077637,59.57362029208302,80.7178170637971,40.06917755572637,24.83,24.0,0.67,0.52,9,2002,0.0,301.28421052631586,286.22
2002-12-31,399.03,66.64999999999998,0.2228781137529401,0.0,94.81,73.10000000000002,89.94999999999999,7.25,325.94000000000005,65.01999999999998,1.16,212.43,88.33,382.58,1285.2,1742.72,317.52,350.06,80.0,806.37,286.69,1093.06,300.0,649.66,132.65999999999997,-209.65999999999997,47.53,16.85,8.12686346586647,3.35,1.68,1.18,0.0,0.0,15.299260350837415,18.321336469521345,41.039793691727816,54.321818233343706,31.633581772324074,22.86,22.17,0.47,0.36,12,2002,0.0,299.04237288135596,352.87
2003-03-31,433.92,102.3,0.34,0.0,119.39,106.9,122.48,5.5,327.02,95.88,9.8,235.05,100.48,404.32,1555.96,2023.19,608.64,303.24,84.29,1037.71,242.67,1280.38,300.0,742.81,17.93,-281.02,271.72,15.58,4.045,2.22,1.72,0.34,0.0,0.0,20.24,24.48,55.08,69.92,43.4,24.21,23.58,0.39,0.29,3,2003,0.0,300.88235294117646,102.3
2003-06-30,431.50999999999993,81.57000000000001,0.2706134769130364,0.2,98.73,88.65,108.76,7.05,342.86,74.41,3.52,264.75,149.99,477.53,1569.64,2173.85,685.46,309.33,125.61,1152.44,266.19,1418.63,300.0,755.22,26.479999999999997,-117.55000000000001,84.78999999999996,20.11,6.514457521147481,2.8,1.88,0.61,0.2,0.33,15.012393538913367,18.721129058573993,43.20943057595041,50.91082395170501,33.98195464186654,21.9,21.25,0.41,0.28,6,2003,60.28524590163935,301.42622950819674,183.87
2003-09-30,396.23000000000013,44.25999999999999,0.14744926138605177,0.14916369225772186,58.420000000000016,53.14999999999998,77.37,8.45,343.08000000000004,30.97,2.19,220.88,161.34,453.46,1616.27,2189.57,779.6,283.15,130.01,1224.15,220.21,1444.36,300.0,745.21,54.61,-73.29000000000002,17.350000000000023,24.22,14.328996836873024,3.4,1.94,0.76,0.35,0.46,8.086427913908734,10.142957085872089,23.75485205803708,26.47102266251698,19.991015648972077,18.8,18.08,0.37,0.24,9,2003,44.77462251941328,300.17105263157896,228.13
2003-12-31,434.1399999999999,27.52000000000001,0.09150009778994724,0.10069083450852834,57.26999999999998,38.81,64.19,6.9,395.3299999999999,29.110000000000014,8.62,231.04,132.83,436.91,1603.66,2167.64,383.37,275.77,149.56,844.58,589.52,1434.11,300.0,733.53,66.58,-25.029999999999973,-35.110000000000014,25.38000000000001,18.857903343023246,2.82,1.96,0.85,0.45,0.53,5.076640719734013,6.333959710541759,15.006016037551344,15.918864071973406,9.356692352826133,15.61,15.08,0.52,0.36,12,2003,30.284249226006196,300.7647058823529,255.65
2004-03-31,468.18,68.33,0.23,0.0,88.06,77.69,102.77,4.96,390.5,58.94,3.73,275.4,141.88,478.22,2187.57,2734.82,787.23,321.81,208.77,1367.64,589.45,1957.09,300.0,777.73,85.43,-568.42,478.08,25.08,5.3925,1.91,2.52,0.23,0.0,0.0,10.0,13.08,35.16,35.96,22.72,15.22,14.59,0.35,0.25,3,2004,0.0,297.0869565217391,68.33
2004-06-30,539.1299999999999,58.59,0.19388433658997795,0.05,92.57,65.83000000000001,90.06000000000002,4.82,473.28999999999996,60.75,28.67,302.26,207.99,598.08,2295.25,2955.06,251.56,434.58,238.29,976.54,1151.32,2127.87,300.0,827.2,113.09,-120.10000000000002,31.960000000000036,24.230000000000004,6.21710872162485,1.75,2.57,0.42,0.05,0.12,7.940025212732429,10.34049795146549,28.32557831705011,29.618140560983296,13.387251812165143,12.93,12.6,0.61,0.4,6,2004,15.109523809523811,302.1904761904762,126.92
2004-09-30,583.1400000000001,65.04,0.2168451760783497,-0.00037557427638694674,95.64999999999998,73.44999999999999,98.25999999999996,4.64,509.69000000000005,57.77000000000001,12.17,332.93,347.37,758.85,2339.65,3146.25,333.58,503.11,243.84,1126.2,1137.06,2263.26,300.0,882.98,-20.880000000000024,-69.63,74.01999999999992,24.810000000000002,5.3494388068880685,1.58,2.56,0.64,0.05,0.08,8.26722233798708,11.018445509481143,29.46383829964576,31.95755782454678,14.555732444259222,12.4,12.07,0.67,0.37,9,2004,-0.11264880952380985,299.9375,191.96
2004-12-31,609.9399999999998,48.95999999999998,0.1625767889755935,0.0002013116387182406,97.35000000000002,60.78999999999999,92.79000000000002,6.1,549.1500000000001,54.31999999999999,27.51,267.06,569.33,943.18,2332.99,3368.65,440.56,628.27,248.0,1370.85,1075.94,2446.78,300.0,921.87,49.140000000000015,-87.69000000000005,53.88000000000011,32.0,9.386333741830068,1.99,2.65,0.8,0.05,0.06,5.812120205877468,8.153225967126012,21.240657479661287,23.663051635397633,11.299086833803749,11.25,10.95,0.69,0.27,12,2004,0.06062499999999815,301.15,240.92
2005-03-31,688.85,28.11,0.09000000000000001,0.0,62.28,43.77,79.89,6.0,645.08,18.52,4.53,363.13,533.77,978.13,2305.26,3375.4,599.71,515.24,279.04,1437.07,997.43,2434.5,300.0,940.91,-128.83,-6.38,112.23,36.12,16.6675,1.91,2.59,0.09,0.0,0.0,3.32,5.72,11.96,13.08,9.04,4.24,4.08,0.68,0.31,3,2005,0.0,312.3333333333333,28.11
2005-06-30,736.4999999999999,45.230000000000004,0.14801199890919006,0.25,90.71000000000001,61.73,98.95,5.0,674.7699999999999,37.489999999999995,15.89,346.54,507.49,949.55,2311.8,3354.56,538.0,565.08,313.92,1474.04,919.04,2393.08,359.5,961.49,185.07000000000002,-51.14,-122.58,37.220000000000006,8.443910015476453,1.87,2.49,0.24,0.25,1.04,5.402437960185438,8.239334605944913,18.822192527952005,20.22830651758931,13.839121898009273,5.33,5.15,0.64,0.3,6,2005,76.39583333333334,305.58333333333337,73.34
2005-09-30,607.2900000000002,44.75,0.13642137352866457,0.017105597425692235,86.31,62.28,103.55999999999997,3.88,545.0,41.809999999999995,24.04,318.79,538.92,907.28,2465.44,3469.46,617.65,569.88,348.1,1585.12,877.93,2463.04,359.5,1006.41,130.54,-139.64,17.259999999999998,41.28,7.111788826815642,1.39,2.45,0.36,0.25,0.69,5.153696333305105,7.685070708781438,17.780252349902614,18.947412990092303,13.490558048945719,6.02,5.81,0.57,0.23,9,2005,5.6111111111111,328.02777777777777,118.09
2005-12-31,712.4599999999998,54.75,0.16471881508909975,0.00327695492298592,85.58999999999997,72.80000000000001,112.95000000000005,3.14,639.6700000000001,34.610000000000014,0.91,377.57,507.45,902.72,3275.5,4219.68,1059.64,525.31,356.44,2005.27,846.95,2852.22,359.5,1367.45,37.81,-500.0400000000001,439.09,40.150000000000006,4.766911415525114,0.83,2.09,0.52,0.25,0.48,5.19497801434853,8.033209905114557,16.015737097894007,19.132723906503124,13.760356398981717,6.56,6.3,0.45,0.2,12,2005,1.0892094017093967,332.38461538461536,172.84
2006-03-31,693.61,16.96,0.05,0.0,77.25,42.0,85.81,3.76,651.61,28.22,6.76,362.0,599.86,995.88,3299.33,4332.12,991.8,602.61,418.58,2075.3,889.91,2965.22,359.5,1366.91,34.05,-64.51,36.32,43.81,18.8,0.99,2.17,0.05,0.0,0.0,1.56,4.36,4.96,5.88,7.44,2.51,2.45,0.48,0.19,3,2006,0.0,339.2,16.96
2006-06-30,782.5200000000001,9.52,0.025166163141993957,0.15,75.53,39.91,89.62,2.98,742.61,19.92,11.12,443.3,637.21,1122.54,3275.85,4434.73,1016.69,771.1,441.0,2284.62,846.73,3131.35,359.5,1303.37,107.06000000000002,-53.86,-48.84,49.709999999999994,29.602247899159664,0.82,2.4,0.07,0.15,2.14,0.8628398791540784,3.019939577039275,2.9192749244712983,3.365075528700906,5.479033232628399,1.84,1.79,0.49,0.21,6,2006,56.74285714285714,378.2857142857143,26.48
2006-09-30,948.9099999999999,45.78999999999999,0.12671924726719247,-0.0070301844274447125,122.09,77.21000000000001,129.82999999999998,2.9,871.7099999999998,68.46,1.48,640.32,698.85,1375.14,3252.51,4661.4,610.8,1010.5,491.33,2168.26,1161.8,3330.06,359.5,1331.35,73.61999999999998,-42.75999999999999,-40.5,52.61999999999999,5.721309237824854,0.78,2.5,0.2,0.15,0.75,3.9282966652829665,9.90944513629445,13.7617102532171,15.662498962224987,16.16937595129376,3.04,2.98,0.63,0.31,9,2006,-2.5403571428571468,361.34999999999997,72.27
2006-12-31,919.8899999999999,29.799999999999997,0.0817478201234447,0.0013108650925835125,66.99000000000001,61.829999999999984,115.57,3.04,858.0500000000002,2.25,1.33,459.76,678.41,1168.05,3220.41,4427.17,523.45,965.43,455.86,2010.41,1060.54,3070.96,359.5,1356.22,256.84000000000003,-32.920000000000016,-224.08,53.74000000000001,9.299330536912752,0.81,2.26,0.28,0.15,0.54,2.697678064073675,5.967590869011463,8.793729793279121,8.758695013226216,10.67392965611835,3.16,3.05,0.58,0.24,12,2006,0.47785714285713965,364.5357142857142,102.07
2007-03-31,938.85,18.18,0.05,0.0,97.38,47.01,101.01,2.88,891.85,43.53,0.67,472.47,768.1,1277.72,3174.03,4536.53,580.98,1063.56,484.95,2190.82,989.43,3180.25,359.5,1356.28,57.2,-62.24,4.38,54.0,14.400000000000002,0.76,2.34,0.05,0.0,0.0,1.6,4.24,5.36,5.36,8.0,1.95,1.94,0.58,0.23,3,2007,0.0,363.59999999999997,18.18
2007-06-30,1011.39,20.729999999999997,0.05860447185813415,0.09999999999999999,91.91,48.1,103.39,3.08,963.2800000000001,28.840000000000003,1.2,499.23,733.0,1261.76,3109.12,4476.84,734.57,1010.94,465.32,2268.66,885.33,3153.99,359.5,1322.85,35.81999999999999,-23.749999999999993,-11.55,55.290000000000006,13.13892908827786,0.84,2.38,0.11,0.1,0.91,1.8540323824209712,4.539182729375482,6.265350809560524,6.307972243639166,9.18491904394757,2.02,2.0,0.56,0.23,6,2007,35.37272727272727,353.7272727272727,38.91
2007-09-30,1060.66,44.13000000000001,0.1222290462427746,0.002026405675249623,55.82000000000002,68.92999999999999,124.87999999999997,2.94,991.73,-4.320000000000007,0.74,516.78,720.04,1262.53,3073.51,4463.47,758.16,1045.9,459.38,2325.59,789.43,3115.02,359.5,1348.45,112.45,-41.290000000000006,-71.61,55.95,6.0120734194425545,0.78,2.31,0.23,0.1,0.43,3.953843930635839,7.652601156069366,13.094450867052025,13.17947976878613,16.304291907514454,2.85,2.76,0.54,0.23,9,2007,0.73162055335969,361.04347826086956,83.04
2007-12-31,1212.7599999999998,46.59999999999998,0.1294045047824745,-0.0002589109641415007,96.76999999999998,70.78,126.91000000000003,2.72,1141.9699999999998,32.69,0.74,697.6,750.11,1497.91,3039.25,4659.47,931.46,1115.62,462.91,2599.46,683.78,3283.23,359.5,1376.24,-37.06999999999999,-34.06999999999999,71.13,56.129999999999995,5.257931330472105,0.71,2.39,0.36,0.1,0.28,3.9971613699475457,7.433569885837702,13.54433816723233,13.64498611539648,16.39123727244677,3.17,3.07,0.58,0.29,12,2007,-0.09323671497584485,360.1111111111111,129.64
2008-03-31,1216.62,55.82,0.16,0.0,90.71,79.2,134.83,2.86,1137.42,33.99,0.71,653.82,705.0,1397.24,3612.2,5076.53,1483.31,999.25,469.74,3057.51,605.26,3662.77,359.5,1413.76,85.48,-557.77,472.27,55.63,4.47,0.73,2.59,0.16,0.0,0.0,4.4,6.6,15.799999999999999,16.12,15.68,4.77,4.59,0.46,0.23,3,2008,0.0,348.875,55.82
2008-06-30,1198.83,103.63,0.28596550642834745,0.11,138.07999999999998,128.67000000000002,184.73999999999998,2.84,1070.1599999999999,75.97999999999999,0.73,596.27,744.48,1377.4,3628.13,5086.12,924.95,956.45,477.85,2440.87,1185.71,3626.58,359.5,1459.54,146.26,-117.23000000000002,-29.019999999999982,56.07,2.4810684647302903,0.7,2.48,0.44,0.11,0.25,8.163015365318282,11.308635936030102,28.388575729068673,29.79240639698965,20.433535277516466,6.88,6.6,0.56,0.26,6,2008,39.8625,362.3863636363636,159.45
2008-09-30,1570.5100000000002,123.72000000000003,0.34515944485644673,-0.0012101387858883261,176.48999999999998,154.05,218.84999999999997,3.46,1416.4500000000003,112.18,0.95,879.5,912.24,1832.87,3640.43,5542.79,1164.92,1141.8,460.38,2864.87,1113.17,3978.04,359.5,1564.75,-82.73000000000002,-64.46000000000004,147.41999999999996,64.8,2.5062330261881662,0.79,2.54,0.79,0.11,0.14,8.930454497298445,12.6354571458841,31.632333933679423,33.97417523042696,23.61065367093972,7.36,7.1,0.64,0.32,9,2008,-0.4337658227848067,358.44303797468353,283.17
2008-12-31,1101.4899999999998,-122.86000000000001,-0.3448755536148712,0.0993211254460306,-46.45999999999998,-80.54000000000002,-12.92999999999995,2.96,1182.0399999999995,-107.21000000000001,0.98,583.9,634.77,1235.11,3688.82,4986.57,1261.93,631.02,447.96,2454.84,1160.57,3615.41,359.5,1371.16,32.640000000000015,-83.86000000000001,51.25,67.61000000000001,-2.146426420315806,0.78,2.64,0.45,0.21,0.47,-9.840449129810992,-17.87221757844177,-35.83640197118084,-35.77509076164931,-34.05837689476639,3.26,3.15,0.5,0.24,12,2008,35.38259915611815,356.24444444444447,160.31
2009-03-31,954.94,16.1,0.04,0.0,73.59,47.21,114.03,2.44,907.73,11.87,1.03,521.78,564.0,1108.88,3612.77,4778.1,1161.26,581.55,428.08,2297.14,1110.99,3408.13,359.5,1369.98,176.83,-5.45,-171.33,66.82,15.25,0.64,2.49,0.04,0.0,0.0,1.36,3.84,4.72,4.64,7.6,1.75,1.69,0.48,0.24,3,2009,0.0,402.5,16.1
2009-06-30,1194.5,95.78,0.2653897032534859,0.03,165.85999999999999,122.16999999999999,190.24999999999997,2.74,1072.33,93.89,1.59,593.14,527.58,1158.71,3508.56,4731.7,521.82,653.58,468.78,2249.12,1070.58,3319.71,359.5,1411.99,172.94999999999996,-12.11,-160.28,68.08000000000001,2.581486740446857,0.7,2.35,0.31,0.03,0.1,8.08154451197712,11.814122273864857,27.121115480872366,26.67594565606007,23.35429388630676,5.38,5.21,0.52,0.28,6,2009,10.827096774193548,360.9032258064516,111.88
2009-09-30,1189.8400000000001,96.9,0.2691924513842322,0.09992185013395795,159.82999999999998,119.81,189.05,3.4,1070.0300000000002,90.45,2.04,557.3,600.64,1224.91,3427.08,4732.24,436.15,702.02,445.92,2300.6,972.73,3273.33,359.5,1458.92,149.07000000000005,-17.41,-131.20999999999998,69.23999999999998,3.156477812177503,0.84,2.24,0.58,0.13,0.22,8.187163521410097,10.452093112367086,26.566510202126643,25.63826036976722,22.073781013507045,6.44,6.25,0.53,0.27,9,2009,35.968420467185766,359.96551724137936,208.78
2009-12-31,1239.5799999999995,79.27000000000001,0.2201562228779726,3.501547264902335e-05,127.75,100.88,170.26000000000005,3.98,1138.6999999999998,56.879999999999995,0.77,625.24,624.52,1327.33,3406.39,4837.97,1193.99,667.14,447.48,2421.68,912.38,3334.06,359.5,1503.91,16.600000000000023,-119.25,101.38,69.38,4.524060174088558,0.95,2.22,0.8,0.13,0.16,6.549647630619686,8.740202048255512,21.079958340565877,22.059653532372852,17.766607186252386,6.49,6.29,0.55,0.29,12,2009,0.012607758620688969,360.0625,288.05
2010-03-31,1324.85,79.43,0.22,0.0,123.08,99.89,167.87,4.42,1224.96,57.61,9.15,713.65,593.06,1362.04,3299.01,4763.86,1.67,780.56,441.93,2313.94,888.6,3202.55,359.5,1561.31,261.31,-3.95,-248.98,67.98,5.0225,1.02,2.05,0.22,0.0,0.0,6.679999999999999,8.36,20.360000000000003,21.68,16.32,6.23,6.0,0.59,0.33,3,2010,0.0,361.04545454545456,79.43
2010-06-30,1436.5,82.28,0.22896543194607633,0.2,143.04000000000002,100.77,169.70999999999998,5.25,1335.73,70.16,1.04,726.73,620.54,1393.0,3225.04,4715.84,349.43,763.55,401.56,2450.81,701.87,3152.68,359.5,1563.16,108.19999999999999,-6.069999999999999,-110.24000000000004,68.93999999999998,5.733944154107924,1.21,2.02,0.45,0.2,0.44,6.980901614000371,8.649805206851772,21.06481973903902,22.12314884670088,18.032299795930985,6.04,5.86,0.57,0.32,6,2010,71.87111111111112,359.35555555555555,161.71
2010-09-30,1691.1200000000003,296.56999999999994,0.8218641441913239,0.15082850852947732,300.07000000000005,313.30000000000007,382.49000000000007,12.5,1377.8200000000002,215.19,9.26,789.14,557.0,1436.57,3156.49,4747.87,253.38,751.78,408.96,2372.13,578.51,2950.64,359.5,1797.24,327.65,-78.81,-240.62,69.19000000000003,3.8013581953670306,2.5,1.64,1.27,0.35,0.28,24.979492886444962,28.059865584358903,66.0079863838701,72.86763987082132,55.99030374443571,10.73,10.29,0.61,0.37,9,2010,54.42652668416446,360.8503937007874,458.28
2010-12-31,1796.75,526.64,1.4650871136742072,0.24864605494958456,567.94,542.76,609.8100000000001,31.25,1253.9899999999998,470.34,11.13,970.09,759.05,1816.93,3495.43,5511.61,107.96,890.06,394.77,2736.2,549.97,3286.17,359.5,2225.44,336.23000000000013,-378.92,44.56000000000006,67.05000000000001,5.334733973872095,5.05,1.48,2.74,0.6,0.22,38.22059375380742,43.67456768062381,94.66387686309547,112.97211875076148,81.42462250741177,16.43,15.76,0.66,0.39,12,2010,89.3782746134835,359.4598540145985,984.92
2011-03-31,1882.61,451.41,1.24,0.0,510.65,464.34,529.9,25.5,1418.27,432.82,4.07,1032.16,721.85,1824.32,3665.0,5671.25,3.11,1064.41,74.83,2128.32,62.02,2190.35,395.83,3480.9,686.43,-206.94,-486.55,65.56,5.140000000000001,2.9,0.63,1.24,0.0,0.0,31.84,35.6,51.88,71.64,52.44,24.39,23.98,0.86,0.52,3,2011,0.0,364.0403225806452,451.41
2011-06-30,1736.1299999999999,300.38999999999993,0.7911308858739025,0.45,354.94000000000005,306.3,376.39,25.75,1429.83,271.98999999999995,8.22,843.7,909.09,1827.36,3612.12,5744.85,1.32,1335.23,63.5,2017.51,50.43,2067.94,399.44,3676.91,724.5600000000001,-166.98000000000002,-553.4200000000001,70.09,8.14018276240887,2.8,0.56,1.98,0.45,0.23,20.921016759776535,23.542137270550676,32.68409417398244,45.853626496408616,33.05169034317637,21.18,20.78,0.91,0.46,6,2011,170.86363636363637,379.6969696969697,751.8
2011-09-30,1574.1000000000004,95.59000000000003,0.24704339206268666,0.6084189527415197,218.45999999999992,101.85000000000002,172.28999999999996,15.0,1472.2500000000005,139.0100000000001,0.85,816.91,871.52,1740.54,4145.01,6146.54,31.86,1378.29,45.67,2573.03,48.05,2621.08,399.44,3525.46,338.28999999999996,-575.98,230.31000000000006,70.44,15.181037503922997,1.7,0.74,2.19,1.05,0.48,6.222334934327761,7.228557334875325,10.847348210387192,14.366870508266564,11.018812117206958,16.48,16.32,0.68,0.34,9,2011,235.41924034869243,386.93607305936075,847.39
2011-12-31,1380.87,31.210000000000036,0.07992544957887558,0.009553297743296349,99.40000000000009,37.610000000000014,83.02999999999997,14.2,1343.25,16.75,1.19,709.86,864.59,1610.02,4139.29,6007.62,1145.96,1164.46,30.99,2555.06,44.38,2599.44,399.44,3408.18,-223.99,5.669999999999959,218.65999999999997,45.41999999999999,44.408570970842625,1.66,0.76,2.25,1.05,0.47,2.0773512406100636,2.245017072615527,3.663072160254955,4.4317773730935635,3.7454841793762848,13.5,13.37,0.63,0.29,12,2011,3.730456621004521,390.4888888888889,878.6
2012-03-31,1384.26,39.32,0.1,0.0,65.73,44.24,99.53,15.6,1340.02,-8.18,6.63,819.82,725.47,1633.9,4174.31,6074.63,32.97,1400.9,23.93,2588.36,38.78,2627.14,399.44,3447.49,298.26,198.87,-491.68,55.29,39.0,1.81,0.76,0.1,0.0,0.0,2.6,3.0,4.56,4.56,5.08,2.95,2.84,0.63,0.35,3,2012,0.0,393.2,39.32
2012-06-30,1341.6899999999998,-23.65,-0.06037013401403956,0.1,94.58999999999999,-14.32,42.349999999999994,11.7,1356.0100000000002,16.490000000000002,3.49,755.12,812.13,1984.1,3577.37,5824.23,520.22,1089.36,18.19,2181.91,258.41,2440.32,399.44,3383.91,-237.70999999999998,30.579999999999984,203.98000000000002,56.669999999999995,-48.45110993657506,1.38,0.72,0.04,0.1,2.5,-1.6299936183790682,-3.139246968730057,-2.7770261646458203,-2.6562858966177405,-4.950350989151244,0.61,0.57,0.91,0.54,6,2012,39.175000000000004,391.75,15.67
2012-09-30,1244.5300000000002,114.42999999999999,0.2902528823981553,0.0006322059953881467,137.69,123.08,182.39,14.2,1121.4499999999998,65.66,1.32,733.19,781.4,1573.41,3976.74,5778.68,395.55,1068.34,18.94,2025.4,254.94,2280.34,399.44,3498.34,183.99,-367.67999999999995,181.51999999999998,59.31000000000002,12.230627894782836,1.62,0.65,0.33,0.1,0.3,7.91598770176787,9.041817063797078,13.087766333589547,13.017401998462722,14.354324365872406,3.36,3.28,0.78,0.39,9,2012,0.24924242424241783,394.2424242424242,130.1
2012-12-31,1316.1100000000001,59.91,0.1513436134940266,0.00040715560425051857,117.28000000000003,67.88,120.93,14.8,1248.23,31.400000000000006,2.38,664.44,862.61,1611.69,4307.66,6107.8,364.6,1051.96,14.88,2294.09,255.46,2549.55,399.44,3558.25,50.190000000000026,-194.02,144.89000000000001,53.04999999999998,24.445035469871474,1.66,0.72,0.48,0.1,0.21,3.922321983053523,4.603368243776644,6.734790800484185,6.886134413978211,7.302329351086786,3.69,3.59,0.7,0.33,12,2012,0.16117424242425216,395.8541666666667,190.01
2013-03-31,1363.96,34.25,0.09,0.0,21.16,41.05,96.69,13.7,1322.91,-60.08,25.96,660.34,748.89,1525.61,4784.71,6454.59,348.1,1152.11,8.35,2667.17,194.93,2862.1,399.44,3592.49,232.45,-471.27,262.41,55.64,38.055,1.52,0.8,0.09,0.0,0.0,2.12,2.64,3.8,3.88,4.32,2.71,2.51,0.57,0.29,3,2013,0.0,380.55555555555554,34.25
2013-06-30,1138.1100000000001,-50.39,-0.1248822800495663,0.15,117.31,-37.349999999999994,25.689999999999998,9.3,1175.45,36.11,1.22,719.64,872.16,1681.7,4977.51,6777.72,474.5,1118.02,37.38,2431.43,864.1,3295.53,399.44,3482.19,-106.21,-229.11,310.59,63.040000000000006,-18.617533240722366,1.07,0.95,-0.04,0.15,-3.75,-2.997174721189591,0.7492936802973977,-5.74458488228005,-5.869467162329616,1.1239405204460966,-0.65,-0.65,0.69,0.33,6,2013,60.525,403.5,-16.14
2013-09-30,1537.19,23.79,0.062196078431372544,-0.008235294117647056,131.25000000000003,37.589999999999996,103.03999999999999,10.2,1499.6099999999997,40.989999999999995,2.45,744.74,849.09,1716.68,5426.55,7280.34,447.02,1211.16,63.99,2941.12,833.24,3774.36,399.44,3505.98,174.33999999999997,-515.9499999999999,342.82000000000005,65.44999999999999,40.99936948297604,1.16,1.08,0.02,0.15,7.5,1.368313725490196,7.836705882352941,2.736627450980392,2.736627450980392,11.817254901960784,0.19,0.19,0.58,0.29,9,2013,-3.1499999999999986,382.5,7.65
2013-12-31,1413.0999999999995,-105.63000000000001,-0.2695192896509492,0.0036053276178811917,36.42999999999995,-90.63,-20.45999999999998,9.25,1503.7199999999998,-62.879999999999995,11.54,706.7,950.97,1759.72,5644.8,7541.78,622.41,1273.42,72.55,2101.89,2039.54,4141.43,399.44,3400.36,-22.289999999999964,-232.42000000000007,263.81000000000006,70.17000000000002,-8.580090883271797,1.09,1.22,-0.25,0.15,-0.6,-5.606001224739743,-3.1048622167789346,-12.419448867115738,-12.160710349050827,-3.9242008573178206,-1.81,-1.8,0.84,0.38,12,2013,1.4129999999999967,391.92,-97.98
2014-03-31,1520.6,-18.23,-0.05,0.0,55.23,0.03,73.71,9.95,1520.57,-32.33,2.36,832.36,942.57,1894.0,5642.75,7670.35,568.4,1373.96,2.34,2163.3,2124.92,4288.23,399.44,3382.13,-3.56,-54.27,48.66,73.68,-49.75,1.18,1.27,-0.05,0.0,0.0,-0.96,0.0,-2.16,-2.08,0.0,-1.23,-1.2,0.88,0.44,3,2014,0.0,364.59999999999997,-18.23
2014-06-30,1675.04,13.71,0.03033185840707965,0.0,110.48000000000002,30.84,105.74,10.3,1644.1900000000003,7.409999999999997,6.21,864.74,1089.49,2071.8,5720.55,7929.34,673.54,1362.3,30.9,2438.02,2098.43,4536.45,399.44,3392.89,-105.33,-112.50999999999999,221.69000000000003,74.9,84.89423778264039,1.21,1.34,-0.01,0.0,0.0,0.7279646017699116,-5.095752212389381,1.5772566371681418,1.5772566371681418,-6.794336283185842,-0.14,-0.14,0.85,0.4,6,2014,0.0,451.99999999999994,-4.52
2014-09-30,1738.8899999999999,2.1299999999999994,0.008912133891213387,0.0,86.22,20.13,96.60000000000002,11.0,1718.7699999999995,-24.86,2.37,879.53,1110.54,2083.88,5773.2,7988.5,686.45,1412.46,60.11,2523.66,2069.81,4593.48,399.44,3395.02,107.64,-148.41,36.91999999999996,76.47,308.568075117371,1.29,1.35,-0.01,0.0,0.0,0.10694560669456063,-2.388451882845188,0.24953974895397482,0.24953974895397482,-3.31531380753138,-0.05,-0.05,0.83,0.39,9,2014,0.0,239.0,-2.39
2014-12-31,1611.0200000000004,-245.47000000000003,-0.6140216251109497,0.0,-129.53,-222.23,-136.65,8.85,1833.25,-245.04999999999998,1.77,866.36,1129.09,2092.25,6070.41,8243.01,808.73,1451.98,119.22,2952.97,2140.49,5093.46,399.44,3149.55,-117.22,-202.22999999999996,318.85,85.57999999999998,-3.6022346926304634,1.12,1.62,-0.62,0.0,0.0,-11.923903816670702,-8.596302751553296,-31.17645283627855,-29.988023884450904,-12.835032679738564,-3.86,-3.79,0.71,0.33,12,2014,0.0,399.77419354838713,-247.86
2015-03-31,1358.89,1.73,0.0,,69.56,26.37,112.27,7.9,1332.52,-24.1,1.93,814.24,1016.17,1910.29,6055.87,8050.57,1012.74,1114.08,208.41,2847.55,2051.74,4899.28,399.44,3151.28,-92.12,-53.27,145.55,85.9,0.0,1.0,1.55,0.0,0.0,0.0,0.08,1.36,0.2,0.2,2.04,0.13,0.13,0.67,0.31,3,2015,,inf,1.73
2015-06-30,1825.3299999999997,12.15,0.026260806916426512,,174.8,36.56999999999999,124.96,7.8,1788.7600000000002,53.38,1.94,1030.39,873.37,1956.12,6046.87,8111.21,879.06,1385.28,269.29,2953.21,1994.56,4947.77,399.44,3163.43,335.53999999999996,-75.36999999999998,-260.17,88.38999999999999,74.2551440329218,0.98,1.56,0.03,0.0,0.0,0.5952449567723342,2.7311239193083576,1.540634005763689,1.4706051873198847,4.271757925072046,0.44,0.44,0.66,0.37,6,2015,,462.6666666666667,13.88
2015-09-30,1598.6100000000001,-2.6800000000000015,-0.007178571428571433,0.0,148.28999999999996,19.939999999999998,109.91999999999999,6.45,1578.6699999999996,36.5,2.45,873.78,963.04,1916.71,6095.52,8106.89,719.7,1456.49,329.4,3040.22,1905.92,4946.14,399.44,3160.76,236.94000000000003,-125.74000000000001,-110.68,89.97999999999999,-224.62686567164167,0.82,1.56,0.03,0.0,0.0,-0.1340000000000001,-0.9858571428571434,-0.3350000000000002,-0.3254285714285716,-1.5697142857142867,0.24,0.23,0.63,0.31,9,2015,0.0,373.3333333333333,11.2
2015-12-31,1476.62,-7.409999999999999,-0.01955145118733509,0.0,106.03000000000003,15.100000000000009,109.67000000000002,6.0,1461.5200000000004,-9.82,6.7,878.71,1042.58,1985.19,6191.95,8244.5,976.53,1467.56,361.88,2967.31,2124.82,5092.13,399.44,3152.37,7.659999999999968,-66.24000000000001,62.83000000000001,94.57,-76.72064777327935,0.76,1.62,0.01,0.0,0.0,-0.39102902374670184,-9.306490765171503,-0.9384696569920842,-0.9384696569920842,-14.546279683377309,0.06,0.06,0.67,0.32,12,2015,0.0,379.0,3.79
2016-03-31,1600.35,-18.95,-0.05,0.0,96.75,4.01,99.22,6.35,1596.34,-20.18,2.59,985.11,995.11,2037.78,6122.28,8234.79,929.88,1429.4,369.47,3072.58,2028.78,5101.37,399.44,3133.42,-19.28,-18.59,33.76,95.21,-31.750000000000004,0.81,1.63,-0.05,0.0,0.0,-0.92,0.2,-2.4,-2.4,0.31999999999999995,-1.2,-1.18,0.66,0.34,3,2016,0.0,378.99999999999994,-18.95
2016-06-30,1806.19,-0.5700000000000003,-0.001460040983606558,0.01,142.79,22.64,117.56,6.95,1783.55,17.4,8.88,1014.93,963.12,2043.03,6103.42,8213.14,788.06,1543.36,379.48,2997.47,2084.82,5082.28,399.44,3130.86,223.02,-77.42999999999999,-139.3,94.92,-1190.0350877192975,0.89,1.62,-0.05,0.01,-0.1,-0.028032786885245915,0.03854508196721314,-0.07241803278688529,-0.07241803278688529,0.059569672131147576,-0.58,-0.57,0.68,0.36,6,2016,3.904,390.4,-19.52
2016-09-30,1754.2300000000005,36.56,0.08582159624413148,0.0008356807511737087,154.73999999999998,60.839999999999996,158.08,7.55,1693.3899999999999,33.839999999999996,3.23,965.56,1164.78,2226.75,6046.56,8346.26,854.58,1484.63,387.99,3169.78,1987.56,5157.34,399.44,3188.92,-105.29,-35.780000000000015,135.42000000000002,97.24000000000001,21.993298687089712,0.95,1.62,0.04,0.01,0.13,1.7164319248826294,9.097089201877937,4.5485446009389685,4.6343661971831,14.503849765258217,0.33,0.33,0.7,0.34,9,2016,0.35599999999999987,425.99999999999994,17.04
2016-12-31,1871.7299999999996,104.21000000000001,0.257839175257732,-0.000540206185567009,199.62,128.18,225.59000000000003,11.4,1743.5500000000002,66.07,3.92,1015.78,1312.56,2400.82,5964.55,8495.71,1152.84,1548.3,411.25,3144.69,2059.4,5204.09,399.44,3291.62,97.93999999999998,-71.32,-25.93,97.40999999999997,11.053401784857499,1.38,1.58,0.3,0.01,0.02,4.916133608247423,8.869667628865981,12.651308865979383,12.92633731958763,13.854558350515465,1.75,1.72,0.76,0.35,12,2016,-0.21833333333333282,404.1666666666667,121.25
2017-03-31,2097.62,101.4,0.25,0.0,211.64,125.64,220.26,14.0,1971.98,83.9,2.92,1247.57,1346.93,2677.28,5914.55,8746.42,951.7,1674.16,435.69,3415.48,1937.92,5353.4,399.44,3393.02,30.56,-58.42,26.86,94.62,14.0,1.65,1.58,0.25,0.0,0.0,4.64,5.92,11.96,12.44,9.44,4.93,4.83,0.78,0.39,3,2017,0.0,405.6,101.4
2017-06-30,1900.75,125.97999999999999,0.3158087782566628,0.3,228.85000000000002,149.23000000000002,244.59000000000003,13.2,1751.52,101.19999999999999,4.14,1048.97,1444.54,2571.61,5854.68,8581.27,915.34,1670.4,473.13,3385.92,1796.2,5182.11,399.44,3399.16,327.23,-29.129999999999995,-296.88,95.35999999999999,10.450311160501666,1.55,1.52,0.57,0.3,0.53,5.87293517459759,7.246980385258158,14.826391063418066,15.424765590641217,11.723708329668396,5.82,5.69,0.76,0.33,6,2017,119.67368421052632,398.9122807017544,227.38
2017-09-30,1955.92,92.0,0.2304464900745194,0.14023499477606283,192.01999999999998,114.11000000000001,211.02999999999997,14.0,1841.8100000000004,73.71000000000001,10.13,977.71,1336.03,2412.36,5789.82,8353.64,911.69,1597.49,502.4,3249.68,1668.71,4918.39,399.44,3435.25,282.15000000000003,-24.64,-251.51999999999998,96.91999999999999,15.187907608695651,1.63,1.43,0.8,0.44,0.55,4.40152796042332,5.369403218736302,10.715761788465151,11.107520821591836,8.78001127183919,5.49,5.36,0.74,0.33,9,2017,55.985315789473674,399.22499999999997,319.38
