,revenue,net_profit,eps,dps,gross_profit,ebit,ebitda,close_price,expense,operating_profit,cash,account_receivable,inventory,current_asset,property_plant_equipment,total_asset,short_term_loan,account_payable,current_portion_long_term_debt,current_liability,non_current_liability,total_liability,paid_in_capital,total_equity,cash_flow_operation,cash_flow_investment,cash_flow_financing,depreciation,P/E,P/BV,D/E,EPS,DPS,DPR%,ROA%,ROAA%,ROE%,ROAE%,ROCE%,NPM%,NPMA%,TIE,CurrentRatio,QuickRatio,month,year,dividend,number_of_shares,return_old
2000-03-31,148.98,-10.75,-0.1,0.0,38.63,17.88,24.82,,131.1,-18.43,107.96,49.17,2134.45,2588.14,208.49,4265.32,115.02,385.02,0.0,1141.34,1150.11,2291.45,1067.0,1691.4,-47.69,32.83,16.36,6.94,0.0,0.0,1.35,-0.1,0.0,0.0,-1.0,0.0,-2.56,0.0,2.28,-9.61,-7.22,0.0,2.27,0.4,3,2000,0.0,107.5,-10.75
2000-06-30,243.41,39.230000000000004,0.37191362359550567,0.2,97.02000000000001,65.60000000000001,71.91999999999999,0.6,177.79999999999998,32.72,155.94,49.1,2047.0,2511.22,202.68,4186.25,78.02,130.13,232.07,995.98,1166.08,2162.06,1067.0,1740.48,82.94999999999999,-10.189999999999998,-24.759999999999998,6.319999999999999,0.40291613561050216,0.37,1.24,0.27,0.2,0.74,3.746685393258428,0.0,9.036123595505618,0.0,14.435758426966293,8.81,7.26,0.0,2.52,0.47,6,2000,21.0962962962963,105.48148148148148,28.48
2000-09-30,251.81000000000006,-16.59,-0.15348191757779647,0.004828209201632252,29.900000000000006,-5.469999999999999,2.8900000000000006,0.7,257.28,-36.91,368.18,35.93,1918.87,2650.05,200.59,4335.61,67.0,126.82,220.54,1066.83,1223.18,2290.01,1067.0,1746.0,324.14,18.729999999999997,-130.64,8.360000000000001,-1.1395479204339964,0.43,1.31,0.11,0.2,1.82,-1.5069133725820016,-0.0,-3.7951892346509672,-0.0,-13.33897392767031,2.19,1.85,0.0,2.48,0.69,9,2000,0.5218855218855225,108.0909090909091,11.89
2000-12-31,355.4599999999999,34.6,0.32746827274682727,-0.004603140460314062,65.32999999999998,57.55999999999999,91.75,0.75,297.9000000000001,-11.069999999999997,277.53,6.09,1737.69,2401.14,196.93,4222.26,46.99,120.39,125.72,919.02,1209.29,2128.3,1067.0,1788.25,75.90000000000003,-138.81,-27.75,34.19,0.5710476878612717,0.45,1.19,0.44,0.2,0.45,3.274682727468273,0.0,7.7401591740159175,0.0,12.20563562056356,5.6,4.65,0.0,2.61,0.72,12,2000,-0.4863636363636381,105.6590909090909,46.49
2001-03-31,263.62,19.68,0.18,0.0,79.86,47.79,51.64,0.5,215.83,21.25,236.35,6.09,2736.4,3221.36,206.47,4254.21,73.1,127.02,48.84,902.58,1226.95,2129.53,1067.0,1804.97,447.5,-385.36,-103.32,3.85,0.695,0.3,1.18,0.18,0.0,0.0,1.84,4.48,4.36,4.52,5.72,8.3,7.47,0.0,3.57,0.54,3,2001,0.0,109.33333333333334,19.68
2001-06-30,332.26,92.72,0.8661565836298932,0.0,100.47000000000001,69.27000000000001,73.11,0.69,263.0,45.5,341.11,6.09,2573.07,3121.17,211.06,4324.07,76.33,153.41,32.14,1015.47,1076.99,2092.46,1067.0,1901.73,324.22,-53.91999999999996,-167.24,3.8400000000000003,0.20002157031924075,0.39,1.1,1.05,0.0,0.0,8.579074733096085,9.074021352313165,19.500896797153022,20.35880427046263,11.68074021352313,20.6,18.86,0.0,3.07,0.54,6,2001,0.0,107.04761904761905,112.4
2001-09-30,272.90999999999997,17.94999999999999,0.16800153433064816,0.0,85.00999999999996,35.50999999999999,40.81999999999999,0.85,237.39000000000004,21.83,346.95,6.03,2069.65,2667.51,244.13,4387.92,42.63,123.17,30.84,1202.22,915.08,2117.3,1067.0,1931.29,353.01,-142.81000000000006,-203.75,5.31,1.2708217270194992,0.47,1.1,1.22,0.0,0.0,1.6359493670886067,1.927886459532028,3.7180667433831966,3.9053471423091652,2.638450326045261,16.2,15.0,0.0,2.22,0.5,9,2001,0.0,106.84426229508196,130.35
2001-12-31,404.84000000000015,205.56000000000003,1.9276413324997768,0.0,127.55000000000001,224.34000000000003,254.06,0.97,180.5,35.650000000000006,296.16,13.39,3196.62,3769.64,297.44,4684.92,39.55,134.19,20.28,1348.74,824.28,2173.03,1067.0,2161.07,350.8299999999999,-305.14,-96.74999999999994,29.72,0.12664441039112667,0.48,1.01,3.15,0.0,0.0,17.550715370188446,20.70837545771189,38.038788961328926,41.63705278199519,27.660123247298387,32.93,26.37,0.0,2.79,0.42,12,2001,0.0,106.63809523809525,335.91
2002-03-31,698.84,134.96,1.26,0.0,159.18,157.86,165.46,2.85,540.97,101.46,362.56,13.65,2545.58,3183.86,307.75,4588.0,79.18,141.24,15.0,1113.29,833.48,1946.76,1067.0,2290.61,95.22,-127.28,100.09,7.6,0.565,1.33,0.85,1.26,0.0,0.0,11.76,14.28,23.56,26.36,18.16,21.01,19.31,0.0,2.86,0.57,3,2002,0.0,107.11111111111111,134.96
2002-06-30,547.0500000000001,415.44999999999993,1.9473864937046927,2.0,195.27999999999997,208.18,215.47,3.72,338.88,111.38000000000001,346.46,8.97,2302.33,2881.96,330.58,4418.06,379.96,92.17,126.26,1428.39,192.09,1620.49,1067.0,2471.5,343.98,-162.65,-191.18,7.290000000000001,0.47694692502106156,1.61,0.66,2.58,2.0,0.78,37.61928017296197,25.27073636016787,67.23767010047055,75.99336131247615,36.95505532239603,50.4,44.18,0.0,2.02,0.41,6,2002,426.6744186046511,213.33720930232556,550.41
2002-09-30,488.6299999999999,156.5300000000001,0.7328971341273661,0.0022458404088110603,258.64000000000004,119.85999999999996,129.98000000000002,3.36,368.76999999999987,254.93999999999997,383.64,8.34,3093.62,3688.1,348.67,4649.02,458.39,274.52,23.33,1555.27,85.64,1640.9,1067.0,2646.79,-84.59999999999997,176.26,-60.609999999999985,10.120000000000001,1.1516623011563274,1.35,0.62,3.31,2.0,0.6,13.471136447223252,9.521020171443125,23.65641383992985,27.349683990154766,13.913974594732233,42.37,40.76,0.0,2.37,0.38,9,2002,0.47965994519785227,213.5770392749245,706.94
2002-12-31,551.0100000000002,188.56999999999994,0.8844055342765572,0.9966196581731462,241.13,179.86,201.72999999999996,3.8,371.1600000000001,167.89999999999998,396.83,12.06,3148.73,3719.75,448.69,4753.74,774.21,157.53,33.8,1666.26,103.67,1769.93,1067.0,2619.99,242.14,-363.2,146.26,21.87,1.068514344805643,1.55,0.68,4.2,3.0,0.71,15.868762157876514,11.884725798706876,28.789505868164504,31.552220299047463,18.159793637145306,40.16,39.18,0.0,2.23,0.34,12,2002,212.495921450151,213.21666666666667,895.51
2003-03-31,654.86,172.96,0.16,0.0,274.8,196.54,212.79,3.68,458.32,212.81,326.19,5.07,3018.81,3620.48,470.5,4684.24,681.84,145.07,33.8,1449.47,103.47,1552.94,1067.0,2770.14,109.8,-68.77,-109.92,16.25,5.75,1.42,0.56,0.16,0.0,0.0,14.759999999999998,16.96,24.96,27.359999999999996,24.32,26.55,26.41,0.0,2.5,0.42,3,2003,0.0,1081.0,172.96
2003-06-30,887.0400000000001,260.24,0.24630286241920593,0.2,380.56,282.61,296.77,4.82,604.4200000000001,257.75,433.36,72.35,2991.84,3732.59,509.76,4786.86,668.19,143.65,67.4,1414.48,206.43,1620.9,1067.0,2805.05,206.75,-11.820000000000007,-83.83999999999999,14.16,4.893974792499231,1.83,0.58,0.41,0.2,0.49,21.746740535549403,25.014759002770084,37.10162142197599,39.45651708217913,34.14598707294552,28.27,28.1,0.0,2.64,0.52,6,2003,211.3170731707317,1056.5853658536585,433.2
2003-09-30,552.5799999999999,181.00000000000006,0.17092152393357216,0.00044952387003525035,258.49,200.81000000000006,217.24999999999994,10.5,351.78,217.60999999999996,253.54,58.27,3106.27,3863.69,538.38,4957.26,652.07,83.97,83.17,1365.94,272.27,1638.2,1067.0,2964.25,-180.15,-61.329999999999984,70.46,16.44,15.354999999999999,3.78,0.55,0.58,0.2,0.34,14.604949527841097,16.691370888961252,24.42409638554217,25.803256268316517,22.31409964181049,29.5,29.32,0.0,2.83,0.55,9,2003,0.47603027754422556,1058.9655172413795,614.2
2003-12-31,878.04,197.5999999999999,0.18499137718649905,0.2517211645470686,357.5300000000001,245.81999999999994,260.2600000000001,14.9,632.23,243.55000000000007,221.64,113.89,3520.36,4304.39,516.3,5317.66,832.87,53.49,121.17,1623.62,441.47,2065.09,1067.0,2887.93,-224.38,60.219999999999985,128.56,14.439999999999998,20.140938765182195,5.51,0.72,0.76,0.45,0.59,14.86746489283074,17.89548164572554,27.36898743532889,28.702872628726272,24.39938901207193,27.5,27.31,0.0,2.65,0.48,12,2003,268.87794918330303,1068.157894736842,811.8
2004-03-31,836.16,228.05,0.21000000000000002,0.0,311.67,272.08,282.87,12.2,564.08,219.67,131.08,108.18,4057.16,4729.44,582.09,5822.05,1062.18,186.96,121.17,1952.34,409.77,2362.11,1067.0,3088.62,-196.5,-92.73,199.02,10.79,14.525,4.21,0.76,0.21,0.0,0.0,15.679999999999998,20.72,29.520000000000003,31.12,28.12,29.14,27.27,0.0,2.42,0.34,3,2004,0.0,1085.952380952381,228.05
2004-06-30,769.1,159.39999999999998,0.14810685249709638,0.3,303.48999999999995,217.86,240.55999999999995,11.9,551.2399999999999,210.14000000000001,401.38,35.83,4278.12,5195.45,694.9,6399.48,1727.53,239.26,121.17,2677.44,377.8,3055.24,1067.0,2945.06,73.92,-130.95999999999998,316.1,22.700000000000003,20.08954987452949,4.31,1.04,0.36,0.3,0.83,9.9560717511937,14.415733643050714,21.656513098464316,22.183115240676212,21.656513098464316,25.1,24.14,0.0,1.94,0.34,6,2004,322.875,1076.25,387.45
2004-09-30,651.1099999999999,297.78000000000003,0.2781244253754214,-0.0015629788538155391,285.85,198.08999999999997,215.69000000000005,10.9,453.02,175.05,268.44,61.44,4411.63,5279.88,789.05,6566.3,1315.47,130.54,121.17,2246.56,650.38,2896.94,1067.0,3249.37,103.66,-96.11000000000001,-142.43,17.6,9.79705394922426,3.58,0.89,0.64,0.3,0.47,18.147618755746247,20.755035243640823,36.66027581979773,38.34640514863622,27.690763101440396,31.58,30.37,0.0,2.35,0.39,9,2004,-1.673437500000034,1070.671875,685.23
2004-12-31,749.29,241.84000000000003,0.22695244156320452,0.24857145698275224,379.06999999999994,258.83000000000004,273.20000000000005,9.45,490.46000000000026,220.12,235.51,129.9,4172.79,4995.06,769.6,6630.77,1074.11,151.4,121.17,1979.4,1021.11,3000.51,1067.0,3196.43,457.38,-339.92,-139.47,14.36999999999999,10.407687107178297,3.15,0.94,0.87,0.55,0.63,14.58756383013149,16.53883309782433,30.2603255417606,31.79421100887743,21.24483544931882,32.2,30.84,0.0,2.52,0.42,12,2004,264.87717313218405,1065.5977011494253,927.07
2005-03-31,1030.88,219.6,0.21,0.0,438.62,314.91,333.01,11.7,715.97,299.16,439.69,98.77,3010.05,4154.23,895.66,6958.88,551.33,131.76,408.67,1669.5,1439.2,3108.71,1067.0,3419.58,320.37,-262.66,143.82,18.1,13.9275,3.65,0.91,0.21,0.0,0.0,12.64,19.72,25.68,27.0,23.8,21.86,21.3,0.0,2.49,0.69,3,2005,0.0,1045.7142857142858,219.6
2005-06-30,1503.1799999999998,404.52,0.37592386079600076,0.3,703.9699999999999,593.3499999999999,616.04,11.6,909.8199999999999,600.52,573.76,103.74,2569.68,4045.62,937.99,7140.49,704.11,92.5,438.67,2002.87,1104.57,3107.44,1067.0,3535.64,876.7399999999999,-264.72999999999996,-471.38,22.689999999999998,7.714328092554139,3.5,0.88,0.58,0.3,0.52,22.659134781772735,34.79240146125745,45.75900788309939,49.93305902711017,45.83678523360892,24.85,24.63,0.0,2.02,0.74,6,2005,322.82068965517243,1076.0689655172414,624.12
2005-09-30,1048.5100000000002,261.14,0.2448390303413686,-0.00266946706480932,473.3900000000001,370.6099999999999,381.45000000000005,12.1,677.9000000000001,303.62,541.81,83.8,2478.86,3819.22,1053.82,7299.86,641.23,64.29,468.67,1783.19,1137.81,2921.0,1067.0,3792.74,296.4100000000001,-329.77,-1.670000000000016,10.840000000000003,12.356485793061195,3.4,0.77,0.83,0.3,0.36,14.312758737546034,21.77002462553374,27.539966111650816,29.663870953166303,27.35117457018277,25.35,24.71,0.0,2.14,0.75,9,2005,-2.8471956792687934,1066.578313253012,885.26
2005-12-31,856.3600000000001,193.71000000000004,0.1813276550784545,0.3004798753295617,472.8800000000001,322.6500000000001,351.04999999999995,14.4,533.7199999999998,316.8800000000001,701.86,62.13,2397.85,3980.05,1472.33,7817.86,339.31,43.0,490.34,1855.6,1714.04,3569.64,1067.0,3668.95,269.6100000000001,-52.81000000000006,-34.40999999999997,28.4,19.857147540137316,4.19,0.97,1.01,0.6,0.59,9.910184713198701,15.920927180551827,21.120183508345928,22.57080474897356,19.288953724385298,24.84,24.31,0.0,2.14,0.85,12,2005,320.998783251819,1068.2871287128712,1078.97
2006-03-31,970.14,280.14,0.26,0.0,502.27,383.57,417.21,17.5,586.56,339.81,720.14,81.57,2361.77,4149.97,1576.0,8326.61,217.49,146.86,606.12,1900.13,1923.73,3823.86,1067.0,3917.72,260.83,-403.34,160.8,33.64,16.8275,4.77,0.98,0.26,0.0,0.0,13.44,20.08,28.6,30.56,23.88,30.96,28.88,0.0,2.18,0.94,3,2006,0.0,1077.4615384615383,280.14
2006-06-30,618.33,150.99,0.14008767657087193,0.35,354.43000000000006,242.20999999999998,275.18,17.0,376.1300000000001,201.82,357.73,64.17,2946.28,4130.66,1630.28,8738.19,135.59,152.69,690.65,1813.45,2719.94,4533.39,1067.0,3694.16,485.99000000000007,-1271.25,422.84999999999997,32.97,30.33814325452017,4.91,1.23,0.4,0.35,0.88,6.906322454943984,11.038908913784708,16.348231855820753,16.712459814905017,12.663925962006818,29.35,27.14,0.0,2.28,0.65,6,2006,377.2387499999999,1077.8249999999998,431.13
2006-09-30,750.5800000000002,148.01999999999998,0.13801398601398598,-0.0017377622377621677,348.03,288.52,324.75,12.7,462.05999999999995,254.98000000000002,382.58,63.57,2895.72,4228.96,1785.06,9031.83,281.47,201.26,769.53,1954.39,2643.68,4598.07,1067.0,3854.62,52.1099999999999,-196.68000000000006,169.40999999999997,36.230000000000004,23.006364004864206,3.52,1.19,0.54,0.35,0.65,6.553108521108521,11.450049210049208,15.355333851333848,15.488236208236208,13.208449624449624,27.1,24.76,0.0,2.16,0.68,9,2006,-1.863749999999925,1072.5,579.15
2006-12-31,1082.85,201.72000000000003,0.18857889277344503,0.24907891198278845,507.01,396.74,440.08000000000004,12.3,686.1100000000001,348.55000000000007,582.21,95.82,3602.74,5034.66,1799.33,9230.52,280.04,232.32,860.6,2105.47,2818.17,4923.64,1067.0,3723.71,-127.93999999999994,355.1199999999999,-27.549999999999955,43.34,16.306835588935158,3.52,1.32,0.73,0.6,0.82,8.741794152675864,15.8922924430443,21.668489761419956,21.83381920165969,19.01288562756925,24.71,22.82,0.0,2.39,0.68,12,2006,266.4359589041096,1069.6849315068494,780.87
2007-03-31,768.1,148.78,0.14,0.0,338.42,256.78,298.18,11.0,511.32,221.89,638.9,103.54,3670.12,5217.2,1801.29,9412.76,415.08,208.34,963.93,2374.11,2558.92,4933.03,1067.0,3859.81,136.16,-58.93,-20.54,41.4,19.6425,3.04,1.28,0.14,0.0,0.0,6.32,11.599999999999998,15.4,15.32,14.6,21.03,19.37,0.0,2.2,0.65,3,2007,0.0,1062.7142857142856,148.78
2007-06-30,647.59,109.35,0.10166970131329174,0.2,288.98999999999995,226.20000000000005,266.04,16.9,421.38000000000005,178.35000000000002,487.23,99.48,3800.52,5262.62,1824.73,9428.92,719.4,175.33,1050.84,2829.28,2300.56,5129.84,1067.0,3748.08,125.07000000000002,-188.82999999999998,-87.91,39.839999999999996,41.55810379515318,4.81,1.37,0.24,0.2,0.83,4.642916359973658,9.014713516445202,11.67507070080967,11.75979545190408,12.403703560221594,20.0,18.23,0.0,1.86,0.52,6,2007,215.10833333333335,1075.5416666666667,258.13
2007-09-30,1412.0499999999997,390.13,0.3671047110727177,-0.002412740772735196,663.16,547.02,589.9200000000001,15.4,865.04,501.61,713.5,94.96,3530.69,5149.75,1840.77,9819.06,600.16,90.85,1066.79,2633.44,2470.37,5103.81,1067.0,4134.99,793.73,-623.45,55.980000000000004,42.900000000000006,10.48917348063466,3.97,1.23,0.61,0.2,0.33,15.887810446425817,26.311176996883965,37.74558603029648,39.069570234165305,34.495806620800295,24.97,22.93,0.0,1.96,0.61,9,2007,-2.564071038251342,1062.72131147541,648.26
2007-12-31,1570.8900000000003,406.78,0.3817032529572338,0.20055844359253566,736.8100000000002,559.98,603.2199999999998,17.7,1010.9100000000001,514.43,476.74,71.48,3325.0,4944.1,2007.05,9754.82,396.9,284.48,968.16,2488.36,2319.21,4807.58,1067.0,4321.45,661.5899999999999,-234.38999999999987,-637.14,43.239999999999995,11.59356113869905,4.37,1.11,0.99,0.4,0.4,16.686986654534426,25.832442371853197,37.6459652714589,40.45283363663937,33.744109796784954,25.77,23.99,0.0,1.99,0.65,12,2007,213.7345255837059,1065.6969696969697,1055.04
2008-03-31,868.12,264.05,0.25,0.0,422.07,367.99,412.16,16.9,500.13,312.18,566.37,75.75,3735.12,5540.89,2075.24,10099.28,484.98,255.67,986.4,2642.18,2293.95,4936.13,1067.0,4558.54,213.03,-186.76,78.46,44.17,16.9,3.96,1.08,0.25,0.0,0.0,10.44,15.08,23.16,25.08,19.72,33.35,30.42,0.0,2.1,0.68,3,2008,0.0,1056.2,264.05
2008-06-30,1098.3400000000001,328.8,0.3105810913384499,0.35,497.22999999999996,495.43999999999994,541.8199999999999,12.5,602.9,362.14000000000004,583.62,89.41,4675.92,6526.5,2254.73,10942.72,742.6,205.71,1031.37,2946.06,2827.2,5773.26,1067.0,4540.2,310.19000000000005,-757.1800000000001,450.37000000000006,46.379999999999995,10.061140510948904,2.94,1.27,0.56,0.35,0.63,12.023925107531417,18.81234038964325,28.972778949143965,31.74582440752298,23.959112760394706,34.21,30.15,0.0,2.22,0.63,6,2008,370.53124999999994,1058.6607142857142,592.85
2008-09-30,1086.71,373.04999999999995,0.35146029609690443,0.000912685060565276,587.3400000000001,528.91,575.49,8.3,557.79,462.28999999999985,541.53,76.45,4720.16,6437.9,2372.53,11464.41,957.05,275.48,1085.9,3322.79,2648.75,5971.54,1067.0,4865.99,514.6299999999999,-642.8299999999999,82.12,46.58,5.903369521511863,1.82,1.23,0.91,0.35,0.38,13.023341960865512,20.207035925044,30.665876384718917,33.15313386478931,26.41745522310798,35.31,31.64,0.0,1.94,0.52,9,2008,0.96875,1061.4285714285713,965.9
2008-12-31,1008.1399999999999,226.39999999999998,0.21267130755682295,0.20102742598339357,468.8599999999999,419.21000000000004,477.44000000000005,4.08,588.9400000000003,346.3800000000001,552.02,79.7,4585.31,6246.91,2697.16,12359.39,775.38,333.99,1304.68,3391.12,3383.48,6774.6,1067.0,4890.75,407.95000000000005,-983.27,579.45,58.23000000000002,4.792371908127208,0.89,1.39,1.12,0.55,0.49,7.329564706869077,12.441271492074142,18.517594565126224,19.664500545164806,15.342715759456512,32.71,29.36,0.0,1.84,0.49,12,2008,214.0044642857144,1064.5535714285713,1192.3
2009-03-31,587.1,67.12,0.06,0.0,208.6,153.66,209.18,3.1,433.44,78.93,616.44,80.19,4512.88,6073.15,2755.68,12261.69,706.17,98.08,1307.92,3065.69,3497.7,6563.39,1067.0,4966.12,201.94,-105.88,-33.62,55.52,12.9175,0.67,1.32,0.06,0.0,0.0,2.2,5.48,5.3999999999999995,5.64,6.68,13.87,11.43,0.0,1.98,0.51,3,2009,0.0,1118.6666666666667,67.12
2009-06-30,369.5799999999999,-23.860000000000007,-0.022061950993989835,0.1,58.22,59.81,116.63,5.3,309.77000000000004,-37.720000000000006,400.37,89.04,4547.08,5739.38,2721.93,12167.78,747.42,48.34,1007.5,2819.7,3820.74,6640.44,1067.0,4822.38,158.14,-331.53000000000003,-42.830000000000005,56.82,-60.05815171835707,1.17,1.38,0.04,0.1,2.5,-0.794230235783634,-4.0814609338881205,-1.9855755894590852,-2.029699491447065,-5.030124826629682,5.95,4.52,0.0,2.04,0.42,6,2009,108.15,1081.5,43.26
2009-09-30,507.48000000000013,140.27,0.12992916689369588,-0.00017708276576037623,149.99,35.22,87.5,8.7,472.26,67.28,388.43,91.34,4596.95,5716.58,2793.25,12544.38,641.97,240.95,1104.67,2736.42,4096.58,6833.0,1067.0,4957.93,-160.52999999999997,-113.32999999999998,264.24,52.28,16.74104477079917,1.87,1.38,0.17,0.1,0.59,4.463449027406964,6.32831471694001,11.311480411921758,11.433766686645237,7.765178444940882,14.06,12.53,0.0,2.09,0.41,9,2009,-0.19117647058824616,1079.5882352941176,183.53
2009-12-31,871.6000000000001,134.98999999999998,0.12714115283184727,-0.0016816748047956925,308.07,249.2,311.31,7.35,622.3999999999999,179.96999999999997,970.64,92.22,4394.61,6158.27,2784.86,12982.38,532.43,160.34,1460.01,2729.24,4451.37,7180.61,1067.0,5090.51,475.09,-143.99,252.34,62.109999999999985,14.452440921549746,1.54,1.41,0.3,0.1,0.33,4.153277659173678,6.662196408388797,10.61204822303152,10.815474067562475,8.238746703503704,15.21,13.64,0.0,2.26,0.65,12,2009,-1.7854901960784133,1061.7333333333333,318.52
2010-03-31,725.75,106.44,0.1,0.1,326.55,233.64,290.84,8.25,492.1,212.44,761.1,91.72,4313.79,5744.83,2764.68,12769.24,441.65,103.56,1590.56,2661.16,4301.63,6962.79,1067.0,5080.02,480.1,-206.09,-478.52,57.2,20.625,1.73,1.37,0.1,0.1,1.0,3.32,7.48,8.4,8.48,9.24,15.22,14.67,0.0,2.16,0.54,3,2010,106.44,1064.3999999999999,106.44
2010-06-30,695.0899999999999,132.37,0.12194380469829572,0.001943804698295729,178.22999999999996,233.7,290.14000000000004,8.4,461.40999999999997,78.08999999999997,763.28,126.47,4219.39,5593.95,2762.58,12616.2,542.06,71.66,1694.89,2729.39,3963.97,6693.36,1067.0,5185.82,131.25,-8.840000000000003,-104.90999999999997,56.44,17.220227015184708,1.73,1.29,0.22,0.1,0.45,4.190432561450526,8.358693522046815,10.221107993802605,10.575853607470373,10.487167204053431,20.54,16.81,0.0,2.05,0.5,6,2010,2.1100000000000136,1085.5,238.81
2010-09-30,809.47,229.76,0.21575090167957828,-0.0019314083274644177,275.80000000000007,291.77000000000004,345.86,16.1,517.69,166.05,708.2,122.64,4176.49,5624.71,2771.59,12963.69,952.05,87.06,1771.9,3223.84,3628.16,6851.99,1067.0,5386.79,176.95999999999992,-395.07,176.50999999999993,54.08999999999999,18.655310215006967,3.19,1.27,0.44,0.1,0.23,7.08055231875707,11.670162409031734,17.06393495102119,17.770028811063447,15.279086582581044,25.73,21.01,0.0,1.74,0.45,9,2010,-2.056818181818187,1064.9318181818182,468.57
2010-12-31,1589.1399999999999,488.92,0.4595640685542408,0.14990092467141836,951.9,688.87,749.57,14.4,900.26,773.77,1099.07,127.84,3421.82,5278.46,2862.2,14049.2,965.72,139.34,1629.94,3454.47,3699.95,7154.42,1067.0,6150.31,1692.63,-632.05,-682.55,60.70000000000002,7.833510594780332,2.5,1.16,0.9,0.25,0.28,13.929897544621877,21.87524966318186,31.801833543953464,34.80431879184117,27.921070298384315,26.95,25.07,6.07,1.53,0.54,12,2010,159.4762626262626,1063.8777777777777,957.49
2011-03-31,648.05,112.05,0.11,0.0,269.99,265.88,312.81,15.5,382.17,167.68,1190.51,127.49,4233.64,5739.41,954.84,14770.74,797.58,96.53,1571.72,4848.94,3729.63,8578.56,1067.0,5513.7,819.84,-306.1,-404.02,46.93,35.2275,3.0,1.56,0.11,0.0,0.0,3.04,7.719999999999999,8.12,8.48,10.72,20.38,17.29,4.28,1.18,0.31,3,2011,0.0,1018.6363636363636,112.05
2011-06-30,961.3400000000001,167.7,0.15586058981233245,0.15,380.43999999999994,328.66999999999996,377.84,13.4,632.6700000000001,245.62,1206.52,209.8,4240.91,6142.8,1006.15,15549.12,935.31,182.64,1578.1,4878.95,4431.46,9310.41,1067.0,5535.71,80.29999999999995,-326.72,255.95999999999998,49.169999999999995,21.494208407871202,2.58,1.68,0.26,0.15,0.58,4.316139410187668,10.118949061662196,12.109168900804287,12.516804289544234,13.356053619302948,19.59,17.38,4.84,1.26,0.39,6,2011,161.39423076923075,1075.9615384615383,279.75
2011-09-30,805.5199999999998,173.63,0.16084653050421277,0.0004883829831997215,285.82000000000005,325.55000000000007,377.4599999999999,11.0,479.9699999999999,172.43,1296.56,100.6,5074.6,7365.8,1047.0,16862.83,1241.48,190.7,1805.56,5509.93,4937.14,10447.08,1067.0,5707.0,-407.71,-382.89,880.6400000000001,51.91,17.096731843575423,2.06,1.83,0.42,0.15,0.36,4.120734924346023,9.451648506771361,12.163061449556665,12.515391944946844,12.408160924610701,21.79,18.77,4.56,1.34,0.42,9,2011,0.5271978021978327,1079.4761904761906,453.38
2011-12-31,1645.2800000000002,478.82000000000005,0.4468712722591719,0.1488825972354185,548.6099999999999,631.64,685.8100000000002,12.6,1013.6399999999999,279.0,1542.91,203.38,5197.68,7013.76,1125.6,18117.87,1162.33,379.5,1924.55,5618.23,5760.0,11378.23,1067.0,6023.96,1449.4199999999998,-1867.48,666.4999999999999,54.170000000000016,7.047667181821979,2.23,1.89,0.87,0.3,0.34,10.581089894872347,19.826702424372453,31.78436129585926,31.455628405921477,25.49734477579919,28.7,22.96,5.59,1.25,0.32,12,2011,159.52684729064038,1071.4942528735633,932.2
2012-03-31,981.1,198.12,0.19,0.0,381.74,390.4,445.44,16.7,590.7,222.2,1848.42,210.7,5840.3,7980.75,1150.51,19540.9,1085.4,373.47,1864.63,5914.91,6638.4,12553.31,1067.0,6224.99,761.65,-672.52,213.37,55.04,21.9725,2.86,2.02,0.19,0.0,0.0,4.04,9.12,12.72,13.52,11.48,25.73,20.19,4.1,1.35,0.36,3,2012,0.0,1042.7368421052631,198.12
2012-06-30,1300.5700000000002,191.65999999999997,0.18193391143722099,0.25,608.0699999999999,397.97,454.23999999999995,15.6,902.5999999999999,379.31,1681.7,258.22,6152.87,8174.77,1337.63,19627.45,1059.32,437.83,1637.06,5956.42,6507.78,12464.2,1067.0,6146.97,643.5000000000001,-252.10000000000002,-555.49,56.27,21.43525618282375,2.71,2.03,0.37,0.25,0.68,3.9140376622710242,8.811501872851352,12.469848632561957,13.118910154446096,11.34874236748935,18.61,17.08,4.1,1.37,0.34,6,2012,263.36486486486484,1053.4594594594594,389.78
2012-09-30,1527.46,439.56000000000006,0.4134092169677094,0.0023035249781819343,747.3600000000001,691.1,695.66,16.7,836.3599999999999,517.98,1765.78,296.45,6670.46,8797.75,1394.35,22011.98,943.07,521.84,1543.67,6217.84,7313.31,13531.15,1067.0,7005.65,383.8899999999999,-610.7099999999999,307.8,4.560000000000002,10.098831445081444,2.54,1.93,0.78,0.25,0.32,7.992578194709046,16.133559698073167,25.10135963537271,27.66661682783901,19.864842887115053,24.04,21.77,5.11,1.41,0.34,9,2012,2.449237699237699,1063.2564102564102,829.34
2012-12-31,2358.0199999999995,615.1999999999999,0.5749373502983649,0.25158248406998873,964.6100000000001,1177.16,1171.78,16.2,1180.8600000000001,677.6099999999999,1784.18,232.25,6347.63,8681.77,1049.16,23848.42,873.51,591.12,1099.6,6134.51,6520.51,12655.03,1067.0,8853.68,1394.29,-249.86000000000013,-1106.55,-5.38000000000001,7.04424577373212,1.95,1.43,1.35,0.5,0.37,10.323319534246194,21.566538828969772,27.801414983316487,33.08232101568665,25.55277112437177,27.22,23.42,6.66,1.42,0.38,12,2012,269.2007122507122,1070.0296296296294,1444.54
2013-03-31,1223.82,130.67,0.12000000000000001,0.0,454.73,298.92,359.75,24.5,924.9,206.25,1626.11,260.84,6750.34,9073.94,1093.77,21529.79,770.53,552.36,1020.83,6329.36,6130.56,12459.92,1067.0,7436.89,483.76,-328.17,-245.38,60.83,51.0425,3.52,1.68,0.12,0.0,0.0,2.44,5.84,7.04,7.64,7.88,11.55,10.68,3.51,1.43,0.37,3,2013,0.0,1088.9166666666665,130.67
2013-06-30,2109.08,684.08,0.6381108315434183,0.3,1141.51,946.01,1011.0799999999999,18.2,1163.0699999999997,851.6800000000001,1870.12,326.97,6882.5,9775.48,1146.16,22423.58,1041.32,584.83,1050.98,6576.76,6360.73,12937.49,1067.0,7808.78,776.8900000000001,-748.46,122.77,65.07000000000001,7.131206328207227,2.49,1.66,0.76,0.3,0.39,12.191275360540043,19.88219011966861,35.02892617367291,39.22702374961645,26.39763755753299,25.9,24.45,7.56,1.49,0.44,6,2013,321.6118421052631,1072.0394736842104,814.75
2013-09-30,2409.2999999999997,626.0899999999999,0.586617181644041,-0.0013353230352470022,1147.4199999999998,941.0699999999999,1014.3699999999999,17.5,1468.2200000000003,854.73,1401.44,379.31,6360.37,8951.8,1202.5,21906.66,851.58,488.12,1189.03,5496.72,6208.3,11705.02,1067.0,8436.26,517.9199999999998,-576.79,-393.88,73.29999999999998,7.456310754044947,2.21,1.39,1.35,0.3,0.22,11.436862385830485,17.29434357735765,29.687174703645088,32.433412176230526,23.151824768884815,26.35,25.09,7.87,1.63,0.47,9,2013,-1.4251754385965114,1067.2888888888888,1440.84
2013-12-31,1863.3500000000004,74.74000000000001,0.07002652449887173,0.2500058943330827,693.1200000000003,451.1399999999999,528.5500000000002,13.8,1412.2199999999998,283.16999999999985,1129.34,507.9,5975.87,8557.39,1193.36,22203.24,909.16,644.05,1386.58,5707.37,6304.37,12011.74,1067.0,8317.96,1056.0200000000002,-1431.35,72.16000000000003,77.41000000000003,49.275614128980465,1.77,1.44,1.42,0.55,0.39,1.3472708797951942,2.2586019873579755,3.594037398223783,3.481600443394608,3.154152469681575,21.15,19.93,7.58,1.5,0.45,12,2013,266.8337558685447,1067.3098591549297,1515.58
2014-03-31,2144.12,432.79,0.41,0.0,949.97,772.61,853.0,14.8,1371.51,652.3,1544.55,386.45,7776.17,10561.57,1181.63,22432.15,972.31,630.86,1437.28,5257.61,6477.3,11734.91,1067.0,8729.04,824.97,-556.89,191.49,80.39,9.025,1.81,1.34,0.41,0.0,0.0,7.720000000000001,14.040000000000001,19.84,21.4,18.0,21.38,20.18,7.01,2.01,0.53,3,2014,0.0,1055.5853658536587,432.79
2014-06-30,765.1400000000003,-12.010000000000048,-0.011131470126907217,0.25,288.45000000000005,181.75,268.48,16.9,583.3900000000001,60.3900000000001,1177.27,317.53,8520.41,11173.95,1230.04,22752.06,918.42,603.21,1505.82,5923.1,6416.41,12339.51,1067.0,8455.31,599.5799999999999,-480.0100000000001,-489.51,86.73,-379.52534138218,2.13,1.46,0.39,0.25,0.64,-0.2112125101002908,-0.48293455012120545,-0.5685612434051072,-0.5902533390370289,-0.6473378012262967,15.77,14.46,4.65,1.89,0.45,6,2014,269.7307692307692,1078.923076923077,420.78
2014-09-30,1036.6699999999996,137.57000000000005,0.12812107101280562,-0.0012044416584579523,376.0999999999999,351.58000000000004,441.3499999999999,16.2,685.0899999999997,206.58999999999992,1091.5,333.65,8547.53,11235.57,1285.04,23074.95,897.93,533.52,1577.91,6379.43,6079.78,12459.21,1067.0,8591.66,655.0200000000002,-331.5899999999999,-405.77,89.76999999999998,31.606822890164995,2.01,1.45,0.52,0.25,0.48,2.385023014238382,5.726026327572313,6.406053550640281,6.4651863526461915,7.706975194770307,15.69,14.15,4.45,1.76,0.42,9,2014,-1.2932692307692264,1073.75,558.35
2014-12-31,3910.6300000000006,1665.62,1.5577951141427269,0.19893995872246473,2212.86,1964.0099999999998,2058.96,15.7,1946.62,1888.91,1021.32,321.32,8002.96,10465.24,1085.0,22136.79,713.69,466.39,1747.34,4211.42,5710.31,9921.72,1067.0,10114.36,787.19,-208.3699999999999,-674.5699999999999,94.94999999999999,2.5202287286415865,1.66,0.98,2.08,0.45,0.22,30.10738634064309,44.18745756462542,65.87675876922799,72.28768481589229,54.64265938839103,30.07,28.31,8.98,2.48,0.58,12,2014,212.70985576923067,1069.216346153846,2223.97
2015-03-31,1262.11,133.1,0.11999999999999998,0.0,477.98,334.67,410.43,16.2,927.44,258.65,1222.79,428.07,7710.43,10552.71,1079.86,22354.79,890.51,398.64,1774.63,4197.4,5781.87,9979.27,1067.0,10206.97,301.7,-194.81,138.3,75.76,33.75,1.69,0.98,0.12,0.0,0.0,2.4,5.96,5.2,5.64,7.36,11.22,10.55,3.31,2.51,0.68,3,2015,0.0,1109.1666666666667,133.1
2015-06-30,1931.22,443.55999999999995,0.4153615648735824,0.5,395.14,1141.46,1218.22,15.0,789.76,160.48000000000002,2905.91,302.73,7642.11,11285.79,1092.88,24363.53,1271.41,437.89,1604.53,4751.83,7273.16,12024.99,1067.0,10184.63,385.24000000000007,3637.61,-2386.32,76.76,9.029001037063757,1.57,1.18,0.54,0.5,0.93,7.291903027780668,19.2912371241286,17.414418201366487,19.04509693753685,23.167945062948704,26.99,18.06,7.82,2.38,0.77,6,2015,533.9444444444443,1067.8888888888887,576.66
2015-09-30,1808.6400000000003,456.7900000000001,0.4287447868789008,-0.0011622343713880157,880.58,706.4099999999999,783.2799999999997,12.4,1102.2299999999998,606.8000000000001,1761.13,312.82,7379.09,9745.36,1090.88,23774.25,1361.56,466.48,1764.59,4702.76,6730.43,11433.18,1067.0,10670.68,489.20000000000005,-753.44,-920.6599999999999,76.86999999999998,7.228426082007048,1.24,1.07,0.97,0.5,0.52,7.690885867724612,16.477943974067447,17.114431080361896,18.970851807054046,20.22614582224588,26.88,20.66,8.58,2.07,0.5,9,2015,-1.2382588774339638,1065.4123711340208,1033.45
2015-12-31,1389.0699999999997,182.56999999999994,0.17115655992500117,0.22059616490979433,537.3500000000001,412.1300000000001,490.5800000000004,12.3,976.94,293.1199999999999,3152.22,269.32,7555.18,11345.49,1054.63,25451.4,1987.63,458.12,1869.43,5095.6,6855.28,11950.88,1067.0,11170.07,-16.63000000000011,-300.98,1708.86,78.44999999999999,17.966883661061516,1.17,1.07,1.14,0.72,0.63,2.870625812075458,6.545987730464957,6.539982237134256,6.8642788769921514,7.657003996644789,23.77,19.03,8.41,2.23,0.74,12,2015,235.30644601193694,1066.6842105263158,1216.02
2016-03-31,830.7,80.27,0.08,0.0,376.66,230.4,306.57,12.3,600.3,186.91,2639.68,360.57,7680.98,11035.67,1029.76,25418.98,1991.78,502.22,1885.0,5279.9,6560.92,11840.82,1067.0,11246.29,-10.89,-260.48,-243.49,76.17,38.4375,1.17,1.05,0.08,0.0,0.0,1.28,3.8399999999999994,2.8399999999999994,3.0,4.56,10.2,9.66,2.75,2.09,0.64,3,2016,0.0,1003.3749999999999,80.27
2016-06-30,1033.4199999999998,191.81,0.17624411937665393,0.24000000000000002,383.2,350.52,439.55,12.8,682.9000000000001,138.13000000000002,1002.43,393.74,7864.9,9412.33,1019.14,24533.02,1283.89,501.31,2264.12,5024.68,6101.67,11126.35,1067.0,11181.78,142.10000000000002,-520.02,-1259.11,89.02999999999999,18.156634169229967,1.22,1.0,0.25,0.24,0.96,3.130095560129374,6.711376065862982,6.852371361364305,7.190760070567481,8.40331961187886,16.92,14.6,3.86,1.87,0.31,6,2016,261.1968,1088.32,272.08
2016-09-30,909.5799999999999,183.04000000000002,0.17293724731938828,0.14321975742661278,294.4899999999999,328.7700000000001,410.4,11.2,580.8199999999999,126.69,1184.82,338.56,8002.95,9711.56,1010.39,25663.9,1854.05,435.98,1855.99,5246.51,7031.51,12278.02,1067.0,11144.13,55.45999999999998,-710.44,905.79,81.63000000000002,16.193012456293705,1.07,1.1,0.43,0.39,0.91,2.847431886095975,5.920084373352084,6.56357180523818,6.7083564774125515,7.174884865529971,19.65,16.41,4.39,1.85,0.33,9,2016,151.58645581395353,1058.418604651163,455.12
2016-12-31,2284.29,743.15,0.6946080599530992,0.004179403213275812,1359.9500000000003,1018.49,1099.0500000000002,11.5,1265.79,1142.45,1757.65,365.12,7642.07,10218.17,1022.4,26595.7,1880.81,446.16,2124.18,5862.62,6492.92,12355.55,1067.0,11947.63,1460.87,-535.6499999999999,-324.5300000000001,80.55999999999997,4.139888616026374,1.03,1.03,1.12,0.39,0.35,11.188151251387415,18.382306158044514,24.881853004748514,25.725305648977276,23.070910562727935,26.72,23.69,6.22,1.74,0.44,12,2016,4.471476328903577,1069.8839285714284,1198.27
2017-03-31,987.42,250.63,0.24,0.0,381.22,355.82,434.83,17.8,631.61,183.81,852.24,378.98,8373.46,10022.71,963.86,26007.77,887.46,392.17,1716.84,4399.25,7317.53,11716.78,1067.0,12061.44,45.2,-219.19,-560.92,79.01,18.5425,1.57,0.97,0.24,0.0,0.0,3.84,5.52,8.32,8.6,6.6,32.33,25.38,4.66,2.28,0.37,3,2017,0.0,1044.2916666666667,250.63
2017-06-30,1226.5299999999997,256.04,0.23750922691298085,0.3,467.5899999999999,425.02000000000004,504.11000000000007,17.2,801.4999999999999,241.18,868.41,451.51,9401.7,10828.01,958.89,26675.67,776.22,412.68,1694.05,4188.93,8245.12,12434.05,1067.0,11997.58,139.5,-507.76000000000005,360.60999999999996,79.08999999999999,18.106664974222777,1.53,1.04,0.47,0.3,0.64,3.8405747330609668,6.165133124124183,8.530118617640674,8.833321886040224,7.014102275642925,28.21,22.89,5.69,2.58,0.34,6,2017,323.4063829787234,1078.0212765957447,506.67
2017-09-30,1728.3700000000003,586.73,0.5473427839765868,0.19830390466590647,904.26,867.4399999999999,948.94,21.9,860.9300000000001,689.6299999999999,1530.38,470.18,7986.96,10090.94,982.41,27919.47,994.21,480.9,1547.28,4194.19,9015.04,13209.23,1067.0,12370.79,809.1800000000001,-616.72,472.04,81.5,10.002598299047262,1.89,1.07,1.02,0.5,0.49,8.414053777208705,13.20062008414121,18.974549844521675,19.961913297969637,14.91777391622462,33.04,27.73,7.77,2.41,0.5,9,2017,212.57400917813936,1071.9607843137255,1093.4
