,revenue,net_profit,eps,dps,gross_profit,ebit,ebitda,close_price,expense,operating_profit,cash,account_receivable,inventory,current_asset,property_plant_equipment,total_asset,short_term_loan,account_payable,current_portion_long_term_debt,current_liability,non_current_liability,total_liability,paid_in_capital,total_equity,cash_flow_operation,cash_flow_investment,cash_flow_financing,depreciation,P/E,P/BV,D/E,EPS,DPS,DPR%,ROA%,ROAA%,ROE%,ROAE%,ROCE%,NPM%,NPMA%,TIE,CurrentRatio,QuickRatio,month,year,dividend,number_of_shares,return_old
2003-12-31,3462.22,896.77,0.9,0.0,3388.77,1562.92,1915.57,,1899.31,2037.46,2305.44,1028.68,0.0,11672.97,13040.55,66426.72,0.0,3098.13,629.66,7179.19,20615.44,27794.63,10000.0,38612.51,2183.5,-4245.88,1723.83,352.65,0.0,0.0,0.72,0.9,0.0,0.0,5.4,0.0,9.28,0.0,10.56,26.46,25.9,0.0,1.63,1.63,12,2003,0.0,996.411111111111,896.77
2004-03-31,3669.56,1273.1100000000001,1.2145084981657972,0.0,3555.15,1844.1599999999999,1491.51,46.75,1825.3899999999999,2188.9799999999996,19287.87,1670.18,80.1,26289.86,52101.26,85247.71,0.0,4393.65,731.14,7002.9,24569.67,31572.58,13748.0,53655.94,1794.71,-1791.13,16978.85,-352.65,9.621299494937592,1.2,0.59,2.07,0.0,0.0,5.984534628643059,0.0,9.481380352830572,0.0,10.20891201356757,31.25,30.43,0.0,3.75,3.74,3,2004,0.0,1048.2512077294687,2169.88
2004-06-30,3677.3100000000004,1313.1599999999999,1.1197359777665488,0.0,3419.7299999999996,2050.9400000000005,2050.9400000000005,51.5,1626.38,1871.9000000000005,6146.16,1321.89,101.16,23371.66,55959.22,93342.6,0.0,3306.51,733.46,6005.52,30111.91,36117.43,14285.7,57143.49,3780.7799999999997,-21944.6,5022.110000000001,0.0,11.498201590057572,1.29,0.63,2.97,0.0,0.0,5.625070972483806,0.0,9.199177729799255,0.0,9.425387018236941,33.61,32.22,0.0,3.89,3.87,6,2004,0.0,1172.7407407407406,3483.04
2004-09-30,3651.869999999999,1287.3000000000002,1.0389416687280153,0.0,3610.2800000000007,1780.25,1780.25,49.75,1871.6099999999997,1568.2399999999998,15859.72,1435.12,112.05,24801.81,70611.75,108744.56,8.28,7196.76,742.24,10801.88,39464.16,50266.04,14285.7,58397.31,2710.99,-3192.7599999999984,10195.339999999997,0.0,11.969391905538723,1.22,0.86,3.85,0.0,0.0,4.738653429315311,0.0,8.818860710138063,0.0,7.976913176000034,34.14,32.99,0.0,2.3,2.29,9,2004,0.0,1239.0493506493506,4770.34
2004-12-31,3991.13,1830.04,1.28,0.0,3815.08,2493.49,2841.42,51.5,1497.64,2338.23,11786.98,837.45,0.0,23174.59,79988.03,116551.5,0.0,14.44,638.67,8930.21,47234.29,56164.5,14285.7,60225.67,1490.54,-12603.63,7040.34,347.93,10.057499999999997,1.22,0.93,1.28,0.0,0.0,6.28,10.92,12.16,14.8,9.28,47.97,45.85,0.0,2.6,2.6,12,2004,0.0,1429.71875,1830.04
2005-03-31,4741.400000000001,2619.25,1.8308241314906422,1.2,3611.05,3207.2,3546.8500000000004,46.75,1534.2,2061.97,9222.87,818.86,0.0,23141.8,11586.22,123446.36,17.2,15.1,620.36,6855.62,55288.98,62144.59,14285.7,61144.07,3760.12,-11973.38,5649.15,339.65000000000003,6.382822248735325,1.09,1.02,3.11,1.2,0.39,8.477127811403617,12.85697718062882,17.142636240838424,18.249372371771678,11.51476527715658,59.91,50.95,0.0,3.38,3.38,3,2005,1716.767845659164,1430.6398713826368,4449.29
2005-06-30,2944.3999999999996,769.3999999999996,0.5381254682688565,-0.0007232919862934138,3657.7300000000005,1367.9500000000007,1711.6699999999992,45.0,1576.4499999999998,2081.66,14564.66,815.67,0.0,29909.95,11397.75,130630.94,0.0,20.49,635.2,10384.7,57942.05,68326.75,14285.7,61907.17,1624.5900000000001,1382.9299999999967,2334.2700000000004,343.7199999999999,20.90799574343645,1.04,1.1,3.65,1.2,0.33,2.353008896868754,3.7211744709879286,4.971394736993381,5.171901760786708,3.4675920585434263,47.08,44.69,0.0,2.88,2.88,6,2005,-1.034147029027281,1429.7780821917806,5218.69
2005-09-30,5238.16,2190.17,1.5342417456936697,-0.0018931247034512432,3810.539999999999,2569.5299999999997,2917.87,50.0,2668.63,1160.83,19416.86,836.16,0.0,28699.0,11221.29,134520.79,0.0,1331.99,926.37,9494.91,60544.38,70039.29,14285.7,64095.25,2818.1000000000004,-2152.279999999999,4186.379999999999,348.34000000000015,8.144039252660752,1.11,1.09,5.19,1.2,0.23,6.515354157049803,9.365082563309334,13.669236670688878,14.307765027278151,9.116765980191284,49.74,43.8,0.0,3.02,3.02,9,2005,-2.7024847573047737,1427.5260115606934,7408.86
2005-12-31,5595.88,3299.46,2.31,0.0,4006.59,3993.55,4346.03,52.5,1602.33,2404.98,17288.98,915.68,0.0,31072.22,10981.27,140115.32,0.0,0.0,0.0,8466.73,63874.52,72341.24,14285.7,67396.81,-1687.34,-4753.38,4312.84,352.48,5.6825,1.11,1.07,2.31,0.0,0.0,9.4,12.44,19.6,20.68,12.12,82.35,58.96,0.0,3.67,3.67,12,2005,0.0,1428.3376623376623,3299.46
2006-03-31,6697.490000000001,3731.3900000000003,2.611126506752384,1.7000000000000002,4278.18,4956.13,5304.929999999999,48.25,1741.37,2555.94,20368.51,888.58,0.0,26832.25,10726.06,142400.23,0.0,0.0,0.0,8671.94,64656.27,73328.21,14285.7,68698.58,3994.0599999999995,289.02999999999975,-1203.5700000000002,348.79999999999995,4.621108923216281,1.0,1.07,4.92,1.7,0.35,10.486963368582746,14.286895439384997,21.71693021469666,22.990650461892944,14.201980756238578,84.86,57.19,0.0,3.09,3.09,3,2006,2429.358739837399,1429.0345528455287,7030.85
2006-06-30,4006.8899999999994,2086.7299999999996,1.4601832284443894,6.331064135386504e-05,3954.49,2244.41,2528.4300000000003,56.0,1762.4700000000003,2118.55,19403.17,832.43,0.0,27608.54,10411.58,145639.26,0.52,19.37,1135.8,7692.88,66759.44,74452.31,14285.7,70815.75,1073.9300000000003,-3379.5299999999997,1340.2599999999998,284.02,9.59064569925194,1.13,1.05,6.38,1.7,0.27,5.730875868377353,7.415350564513828,11.791322872955321,12.578631698323457,7.424505318297178,74.49,55.94,0.0,3.59,3.59,6,2006,0.09047646354156313,1429.087774294671,9117.58
2006-09-30,5687.039999999999,1260.9699999999993,0.8820733339435658,0.950552455752988,4022.4699999999993,1339.3999999999996,1754.1400000000012,58.0,4347.639999999999,-237.82000000000062,19759.67,756.17,0.0,23539.06,114077.98,150505.06,0.0,167.36,1131.91,13993.24,65442.98,79436.22,14285.7,70736.39,7022.49,-6648.499999999999,-17.48999999999978,414.74,16.44063984472272,1.17,1.12,7.26,2.65,0.37,3.35333664143835,4.271859286701897,7.129485294188491,7.47939868286032,4.4613957055658044,63.82,47.2,0.0,1.68,1.68,9,2006,1358.8644889332195,1429.5523415977962,10378.55
2006-12-31,5483.99,505.35,0.35,1.8,4077.8,1544.03,3281.8,58.5,3939.96,178.49,10231.39,1789.51,130.98,19142.5,111815.59,143476.91,0.0,924.06,1428.39,10998.39,62791.36,73789.75,14285.7,69389.36,-192.83,-3495.34,-152.98,1737.77,41.785,1.2,1.06,0.35,1.8,5.14,1.4,4.36,2.92,2.96,4.68,12.39,9.22,0.0,1.74,1.73,12,2006,2598.9428571428575,1443.8571428571431,505.35
2007-03-31,5548.76,720.84,0.505567978861351,-0.022793251570194656,4973.61,1443.39,3345.92,58.0,4105.37,894.9000000000001,6487.12,1347.32,0.0,18517.04,111139.26,143449.27,0.0,0.0,0.0,9134.47,64625.33,73759.8,14285.7,69363.99,322.8,-8164.98,-1589.2,1902.5300000000002,28.679822706842014,1.19,1.06,0.86,1.8,2.09,1.9987571257309225,4.914591050326621,4.162117779463215,4.185632569177697,5.22028331661488,13.55,11.11,0.0,2.03,2.03,3,2007,-32.49867109634533,1425.8023255813955,1226.19
2007-06-30,6283.970000000001,331.30999999999995,0.23186382022471907,0.0039010190749928903,-7690.41,1853.9899999999998,3828.4399999999996,59.0,4429.98,287.6099999999999,12846.66,1765.43,126.46,17794.53,112500.83,142772.44,15.39,292.7,1172.86,9126.13,63604.39,72730.52,14285.7,69731.41,1790.76,4283.88,284.8900000000001,1974.4499999999998,63.61675998309742,1.21,1.04,1.09,1.8,1.65,0.9274552808988763,2.858944719101123,1.8974543820224714,1.888945617977528,3.0801725842696626,11.36,8.99,0.0,1.95,1.94,6,2007,5.574162577340758,1428.8990825688072,1557.5
2007-09-30,5974.98,-462.6300000000001,-0.32535835304648053,-0.008848656407031951,18140.41,338.72000000000025,2483.4699999999993,62.0,5636.26,144.25,10231.39,1789.51,0.0,19142.5,111815.59,143476.91,0.0,924.06,1428.39,10998.39,62791.36,73789.75,14285.7,69389.36,3384.8799999999997,-4322.06,-1678.1,2144.75,-47.640086246028126,1.28,1.06,0.77,1.8,2.34,-1.284531679560131,-5.9494098842785,-2.670473754875009,-2.636670289623426,-6.608577456684357,5.61,4.7,0.0,1.74,1.74,9,2007,-12.581984987489705,1421.9090909090908,1094.87
2007-12-31,5711.8,340.76,0.24000000000000002,0.39999999999999997,5414.85,1449.86,3391.66,57.5,4261.94,1152.92,12077.69,2543.86,152.95,19556.23,110578.08,142902.33,0.0,530.15,1464.63,9216.52,63648.49,72865.02,14285.7,69740.2,1521.58,-548.74,873.46,1941.8,59.89500000000001,1.18,1.04,0.24,0.4,1.67,0.96,4.04,1.96,1.96,4.32,6.29,5.97,0.0,2.12,2.11,12,2007,567.9333333333333,1419.8333333333333,340.76
2008-03-31,9187.810000000001,3157.96,2.211380733525404,0.002301222542339261,6061.65,4231.280000000001,6164.16,57.0,4956.53,1838.6399999999999,7863.7,1967.4,142.92,19119.38,109242.18,142226.07,0.0,331.77,1498.94,8384.66,61239.55,69624.21,14285.7,72306.58,2717.74,-5842.37,-1089.3600000000001,1932.8799999999999,6.445237938415939,1.13,0.96,2.45,0.4,0.16,8.881627109342846,14.36946174600997,17.474420816755842,17.835462569168158,15.30817030228198,30.49,23.48,0.0,2.28,2.26,3,2008,3.2862585034013136,1428.0489795918365,3498.72
2008-06-30,9119.75,3631.86,2.5415858737998875,0.0002589181714102164,5185.799999999999,4739.599999999999,6719.380000000001,48.75,4380.1500000000015,977.77,7514.06,1263.25,197.7,23123.69,108097.09,144521.42,0.0,403.98,1498.66,8841.66,59499.76,68341.42,14285.7,75912.32,4749.700000000001,-5486.2300000000005,386.89,1979.7800000000002,4.795460631742413,0.92,0.9,4.99,0.4,0.08,10.044102892050857,14.770739547133614,19.130654392770296,19.945591747094905,15.646797203032571,42.79,29.69,0.0,2.62,2.59,6,2008,0.3699873215820162,1428.9739478957915,7130.58
2008-09-30,7175.149999999998,190.47000000000025,0.1332058106419163,0.00025697880897124816,5348.57,903.75,-1542.0600000000013,31.0,6271.4,-474.3499999999999,8437.37,1654.33,209.71,24686.12,108182.17,146455.97,0.0,505.07,1861.57,10388.59,59758.99,70147.58,14285.7,76051.13,2848.9300000000003,-1863.619999999999,-62.000000000000014,-2445.81,58.13560206331698,0.58,0.92,5.12,0.4,0.08,0.5203351978199855,0.8127635789948173,1.0021655910012923,1.0479550884094508,0.8658377691724559,33.26,23.47,0.0,2.38,2.36,9,2008,0.3674520916833899,1429.892578125,7321.05
2008-12-31,5593.66,-1679.3,-1.18,2.58,5399.95,-1057.58,938.13,18.1,6651.24,1089.22,11380.69,1913.94,214.32,24411.59,106703.36,153010.49,0.0,402.84,2775.77,9510.04,68945.24,78455.28,14285.7,74315.13,-170.59,3388.14,-274.22,1995.71,-3.835,0.35,1.06,-1.18,2.58,-2.19,-4.4,-2.84,-9.04,-9.32,-2.96,-31.1,-30.02,0.0,2.57,2.54,12,2008,3671.6898305084746,1423.135593220339,-1679.3
2009-03-31,5904.66,1832.9099999999999,1.312545407200052,-0.04929419540350365,5740.320000000001,2512.18,4455.94,16.0,3392.4799999999996,1374.3300000000002,7761.01,1748.81,220.46,18882.08,104889.92,145725.49,0.0,428.19,3576.8,9991.95,63050.95,73042.9,14285.7,72464.88,3701.07,-1882.52,-5438.24,1943.7599999999998,3.0474183811534665,0.32,1.01,0.11,2.58,23.45,5.250181628800207,48.20621313716554,10.023074018618576,10.023074018618576,51.069948571056564,1.38,1.34,0.0,1.89,1.87,3,2009,-68.83710323574724,1396.4545454545455,153.61
2009-06-30,6268.52,1313.77,0.9221763278768962,0.05104478111265724,-8029.370000000001,2059.9300000000003,4025.630000000001,26.75,4208.59,647.3499999999999,5290.03,4168.28,221.71,21522.76,103239.08,146235.95,10.44,377.59,4061.76,11217.1,61013.32,72230.42,14285.7,73808.89,2390.6699999999996,-32.7199999999998,-328.9200000000001,1965.7000000000003,7.2516229248650825,0.52,0.98,1.03,2.58,2.5,3.5812672927258102,8.66666684839646,7.126721912524362,7.019283893742588,9.311294961087107,9.03,8.26,2.47,1.92,1.9,6,2009,72.72047661076795,1424.6407766990292,1467.38
2009-09-30,6160.579999999998,-750.1200000000001,-0.5229066168474473,0.01776789178018058,-151.76000000000022,-383.0500000000002,1617.58,42.25,6543.629999999999,-151.76000000000022,3347.0,2674.4,206.55,25082.87,101841.5,149019.88,4.47,768.61,4901.48,13313.85,62446.25,75760.1,14285.7,73086.49,5055.15,-4998.700000000001,-1999.4899999999998,2000.63,-20.199591398709536,0.83,1.04,0.5,2.58,5.16,-2.0079614086941975,-8.868496221732707,-4.099587876083987,-4.015922817388395,-9.663314279340828,3.34,3.0,1.25,1.88,1.87,9,2009,25.488396116504646,1434.52,717.26
2009-12-31,7057.55,798.05,0.56,0.42,1408.97,1905.69,3909.18,39.0,5151.86,1396.51,2224.6,2114.69,221.78,22718.63,100072.98,146143.21,5.2,492.59,4777.79,12046.35,60041.43,72087.78,14285.7,73894.61,6893.54,-7384.92,-631.01,2003.49,17.41,0.75,0.98,0.56,0.42,0.75,2.2,5.08,4.32,4.32,5.68,12.83,11.31,12.14,1.89,1.87,12,2009,598.5374999999999,1425.0892857142856,798.05
2010-03-31,7637.909999999999,1776.9600000000003,1.2421419722641855,0.0016064791981390614,2304.3599999999997,3048.97,5019.17,38.25,4588.94,2292.26,3193.29,1389.5,240.8,25866.01,98439.96,143590.99,0.0,475.96,4587.64,12261.69,56082.0,68343.69,14285.7,75091.74,5044.240000000001,-880.75,-3194.8100000000004,1970.2,7.698395363429677,0.73,0.91,1.8,0.42,0.23,4.940964734117538,9.467882144147016,9.467882144147016,9.63350107378224,10.406389412079953,19.66,17.52,4.12,2.11,2.09,3,2010,2.2981666666667024,1430.5611111111111,2575.01
2010-06-30,4759.990000000002,-516.23,-0.3610736455570775,-0.00025051729665132223,548.8800000000001,-105.47999999999956,1892.5599999999995,34.0,4865.470000000001,535.8300000000004,3174.17,1221.26,238.79,27256.87,96845.24,145342.37,5.8,482.27,4849.92,12033.49,58603.17,70636.67,14285.7,74556.61,2014.9399999999987,-1479.8400000000001,-554.2199999999998,1998.0399999999995,-23.539796118009416,0.65,0.95,1.44,0.42,0.29,-1.4242349352529164,-3.339931221402967,-2.76823128260426,-2.7882909295796536,-3.6508557495215612,11.21,10.58,3.59,2.27,2.25,6,2010,-0.3581666666665342,1429.7083333333335,2058.78
2010-09-30,5858.899999999998,-642.8100000000002,-0.4494317676221955,0.0001657344435262349,-446.1500000000001,-282.4500000000007,2025.3700000000008,41.5,6141.360000000001,-475.85000000000036,3518.91,3283.91,254.27,28289.02,96745.51,145832.0,0.0,798.94,4997.01,14176.72,57566.47,71743.19,14285.7,73955.39,2246.6500000000015,903.0100000000002,-2804.92,2307.8199999999997,-23.085150511037472,0.8,0.97,0.99,0.42,0.42,-1.761409351893049,-5.629246382338611,-3.4683421258924985,-3.5046598444882315,-6.3011241763596715,5.89,5.59,1.91,2.0,1.98,9,2010,0.2370454545452958,1430.2727272727273,1415.97
2010-12-31,6732.71,682.93,0.48,0.55,1684.42,1579.47,3684.34,39.0,5153.24,1670.39,2402.8,4623.64,259.71,28938.32,94871.95,145100.7,0.0,595.89,5107.58,12594.01,57723.35,70317.36,14285.7,74660.99,814.28,-919.36,-1011.01,2104.87,20.3125,0.75,0.94,0.48,0.55,1.15,1.8800000000000001,4.32,3.64,3.6800000000000006,4.76,10.43,10.14,4.5,2.3,2.28,12,2010,782.5239583333333,1422.7708333333333,682.93
2011-03-31,8015.740000000001,1712.54,1.2010449723853773,0.001197364191578308,12688.82,2997.9799999999996,5066.4400000000005,36.0,5017.76,6850.87,3143.51,2666.39,254.89,28623.8,93634.96,145083.01,0.0,589.01,5043.04,13979.12,55399.62,69378.73,14285.7,75592.86,7002.7300000000005,-3044.9,-3217.13,2068.46,7.493974169946395,0.68,0.92,1.68,0.55,0.33,4.7183909629425544,9.065029910622968,9.065029910622968,9.093626219489288,9.980111794345161,16.67,16.24,3.99,2.05,2.03,3,2011,1.7072916666667197,1425.875,2395.47
2011-06-30,7137.3499999999985,-26.769999999999982,-0.01876058597542955,0.00040576054375816693,-8593.119999999999,774.5200000000004,2891.0,36.0,6362.830000000002,-2741.1400000000003,6733.84,1495.22,274.51,29740.97,92303.96,146910.49,0.0,728.57,5246.07,14039.16,57198.01,71237.16,14285.7,75581.21,4477.860000000001,131.25,-1018.79,2116.4800000000005,-479.80111131864055,0.68,0.94,1.66,0.55,0.33,-0.07278203233841343,-0.16545480643390878,-0.1414955038628783,-0.14285169080086116,-0.18218111200236406,11.14,10.82,3.6,2.12,2.1,6,2011,0.5789909638554036,1426.9277108433735,2368.7
2011-09-30,7675.48,159.60000000000036,0.1117319938298464,0.0005738533773586418,22860.57,538.5699999999997,2114.41,39.5,7136.91,9356.25,5179.44,1660.19,313.24,31954.28,89707.05,147119.79,0.11,1042.04,5517.62,16758.96,58806.25,75565.21,14285.7,71408.87,4431.35,-3570.3599999999997,-2415.3899999999994,1575.8399999999992,88.39545112781936,0.79,1.06,1.77,0.55,0.31,0.43430289127081534,1.015056757505045,0.8938559506387711,0.8787058497804869,1.1413075979907472,8.83,8.55,2.68,1.91,1.89,9,2011,0.819702538969409,1428.4180790960452,2528.3
2011-12-31,7131.9,1257.17,0.88,0.8,2544.95,2799.12,3970.19,45.0,4332.78,2544.95,6921.73,1682.99,284.14,36143.39,82245.72,150637.05,0.0,751.28,5603.48,16438.07,60617.22,77055.28,14285.7,73428.7,3452.99,-762.23,-948.47,1171.07,12.785,0.88,1.05,0.88,0.8,0.91,3.32,7.56,6.84,6.8,8.36,18.44,17.63,8.67,2.2,2.18,12,2011,1142.8818181818183,1428.6022727272727,1257.17
2012-03-31,9833.609999999999,2996.37,2.0992356014049474,-0.0006949078136842135,12427.0,5023.11,6142.799999999999,58.25,4810.490000000001,5961.94,7778.23,1829.95,251.93,36198.64,81849.46,146702.34,0.0,608.88,5185.87,16885.71,54312.06,71197.77,14285.7,75346.65,4603.51,-145.37,-3601.6399999999994,1119.6900000000003,6.938120709391698,1.1,0.94,2.98,0.8,0.27,8.171521132985701,15.103225266483916,15.920377379782488,15.892199720703223,16.991128424794407,28.41,25.07,7.33,2.14,2.13,3,2012,-0.9918852959121978,1427.3624161073826,4253.54
2012-06-30,7022.59,702.1999999999998,0.4916791437807471,0.00045077685389174275,-6249.230000000001,1853.3999999999996,2988.6900000000005,59.75,5169.199999999999,215.82999999999993,4697.34,1631.69,247.66,36228.25,81503.08,149402.4,0.0,754.89,5496.86,16254.38,56975.1,73229.48,14285.7,76020.63,3522.040000000001,-5605.0599999999995,-997.8699999999999,1135.29,30.382313728282544,1.12,0.96,3.47,0.8,0.23,1.8817000084750204,3.7010545347415316,3.6953867636316664,3.706722305851396,4.120469596871505,21.95,20.66,6.99,2.23,2.21,6,2012,0.6437846933445144,1428.1671469740631,4955.74
2012-09-30,8487.07,1544.0100000000002,1.0808485710988887,0.00019563598821642334,2057.33,2384.5600000000013,3627.3899999999994,79.5,6102.51,2057.33,3652.83,1765.9,251.76,37183.34,81162.96,150011.59,0.0,1259.32,5445.19,17418.36,54798.41,72216.77,14285.7,77643.25,4501.58,-3134.8899999999994,-2411.2000000000007,1242.83,18.385669862889486,1.46,0.93,4.55,0.8,0.18,4.114351044270934,7.715595953690527,7.953145090195777,8.28571388130313,8.64678856879111,21.33,20.01,5.76,2.13,2.12,9,2012,0.27946923393619727,1428.5164835164835,6499.75
2012-12-31,10296.0,3432.51,2.4,1.8,3615.93,5207.62,6395.31,97.25,5088.37,3615.93,5762.29,2052.25,257.44,38690.25,80280.85,145774.68,0.0,635.63,4899.18,15853.38,48613.35,64466.73,14285.7,81152.37,2837.22,256.2,-983.95,1187.69,10.13,1.71,0.79,2.4,1.8,0.75,9.4,14.04,16.92,17.76,16.04,39.89,33.34,17.26,2.44,2.42,12,2012,2574.3825,1430.2125,3432.51
2013-03-31,11504.330000000002,4508.639999999999,3.15672646908823,-0.002455148183827355,4811.26,6438.2699999999995,7609.64,121.5,5066.070000000001,4811.26,3542.8,2244.78,237.82,42958.36,79470.59,143126.92,0.0,483.85,4358.07,16499.15,43281.3,59780.45,14285.7,83180.78,6024.52,-3521.96,-4722.05,1171.37,9.62120104399553,2.09,0.72,5.56,1.8,0.32,12.604195613985379,18.259050943503144,21.688300561001867,22.755682892276308,20.893441378137926,43.14,36.43,12.3,2.6,2.59,3,2013,-3.5066007194245685,1428.2643884892086,7941.15
2013-06-30,9720.469999999998,3152.4500000000007,2.2079880742049474,-0.0006513428832903472,18856.43,4697.960000000001,5878.09,168.5,5022.51,9289.409999999998,4173.5,2310.3,251.68,44838.19,79274.81,145728.58,10.74,605.85,4401.67,16295.17,42969.01,59264.18,14285.7,86305.01,4377.08,-2795.67,-950.71,1180.13,19.081998445653376,2.79,0.69,7.77,1.8,0.23,8.650084553255933,12.594341241797073,14.606253154972238,15.538325340737003,14.356185007571936,40.66,35.19,13.25,2.75,2.74,6,2013,-0.9299533346293174,1427.7477477477478,11093.6
2013-09-30,13429.05,5253.75,3.676614252462937,0.0015322592578231745,9526.790000000005,6859.480000000001,8095.52,188.5,6569.57,4920.32,6617.68,2275.16,206.49,43532.19,82676.81,153060.95,4.84,1255.62,4455.4,19452.02,41869.0,61321.03,14285.7,91578.92,7345.07,-2729.879999999999,-2175.8599999999997,1236.0399999999995,12.8196206519153,2.94,0.67,11.44,1.8,0.16,13.729454621085374,19.681456015806845,22.946700841420782,24.83642914600837,22.329646701147283,44.41,36.37,11.99,2.24,2.23,9,2013,2.189543564543328,1428.964160839161,16347.35
2013-12-31,10309.41,3773.18,2.64,4.6,9695.13,5280.43,6662.71,158.5,5028.98,6536.91,6876.04,2332.31,186.34,47674.72,83835.5,155015.56,0.0,735.25,4335.9,18079.33,41360.19,59439.52,14285.7,95400.44,3165.91,-1974.97,-927.74,1382.28,15.01,2.37,0.62,2.64,4.6,1.74,9.72,14.04,15.840000000000002,17.08,15.44,38.92,36.6,19.27,2.64,2.63,12,2013,6574.480303030302,1429.2348484848483,3773.18
2014-03-31,10616.23,3694.7100000000005,2.587522486271223,-0.0043168799819606135,10118.340000000002,5206.219999999999,6575.97,194.0,5410.01,6765.57,4762.63,2385.62,265.03,43282.2,83122.85,150664.44,0.0,727.97,4279.56,17916.81,40082.7,57999.51,14285.7,92459.98,5918.120000000001,672.97,-8704.5,1369.7500000000002,18.741933744461676,3.0,0.63,5.23,4.6,0.88,9.815764077939017,14.129950708968666,15.99019632051356,16.821369891629363,15.633979075749645,37.69,35.69,11.14,2.42,2.4,3,2014,-6.1640506402454776,1427.8948374760994,7467.89
2014-06-30,9094.760000000002,2479.46,1.7348380825043854,0.0042552924512765915,8722.329999999998,3597.1400000000012,4998.27,198.5,5497.620000000001,5293.670000000002,6784.25,1725.87,234.52,45179.13,82463.11,153030.21,3.04,881.98,4323.38,17931.29,39702.2,57633.49,14285.7,95190.5,4550.76,-1638.52,-893.6599999999999,1401.1299999999997,28.604859727521315,2.98,0.61,6.96,4.6,0.66,6.4807169748727045,9.40202478046917,10.418998828833809,10.927485853016131,10.38908782741132,34.86,33.14,11.73,2.52,2.51,6,2014,6.081736115690546,1429.2169540229886,9947.35
2014-09-30,9750.330000000002,2273.0200000000004,1.5903218151332574,0.00021269390991094438,9049.66,3021.369999999999,4518.43,239.0,6728.959999999999,4723.609999999997,7048.83,2094.42,195.44,47355.45,81624.19,153788.84,11.39,1443.79,3959.83,18508.09,38033.35,56541.44,14285.7,97044.25,5305.91,-2991.15,-2058.5200000000004,1497.0600000000004,37.56668897545996,3.52,0.58,8.55,4.6,0.54,5.9148811369868515,8.295713795899799,9.367088492410625,9.642372268597434,9.40428900270614,32.51,30.73,9.36,2.56,2.55,9,2014,0.30399979834601254,1429.2830409356725,12220.37
2014-12-31,11088.66,3913.07,2.74,3.4,10540.32,5454.11,6942.02,282.0,5634.55,7036.31,4442.61,2404.4,181.64,47390.9,94718.5,154197.95,7.25,722.44,3846.09,15107.45,38050.3,53157.74,14285.7,100831.27,4018.36,-5675.45,-945.0,1487.91,25.73,4.0,0.53,2.74,3.4,1.24,10.16,14.12,15.520000000000001,15.960000000000003,15.68,37.12,35.29,22.03,3.14,3.12,12,2014,4855.634306569343,1428.1277372262773,3913.07
2015-03-31,12146.18,4890.4,3.4219306705196932,0.0023957225426840503,11627.45,6412.400000000001,7832.15,280.0,5733.79,7972.009999999999,2695.32,2572.78,202.51,46818.12,94661.56,153581.68,18.23,763.46,3839.29,15834.8,36655.87,52490.67,14285.7,100874.85,7290.8499999999985,-2279.3900000000003,-6763.72,1419.7499999999998,20.454242572182235,3.97,0.52,6.16,3.4,0.55,12.732248533816781,17.33185664289195,19.398347242621377,20.242719745736625,19.131703294269187,39.71,37.89,14.76,2.96,2.94,3,2015,3.423810313773174,1429.13474025974,8803.47
2015-06-30,11256.05,4075.26,2.854229042770522,1.5368147313993146,10856.249999999996,5486.960000000001,6964.519999999999,303.0,5769.079999999998,7172.98,3487.22,2240.82,261.48,47630.94,94786.76,154604.01,25.46,707.46,3860.47,15566.74,36063.14,51629.89,14285.7,102759.26,5691.220000000001,-1758.119999999999,-3134.4299999999994,1477.5600000000004,26.5379718533296,4.21,0.5,9.02,4.94,0.55,10.543560055999311,14.27747388135321,15.859640756503165,16.46719283656075,15.796354081497167,39.0,37.34,16.28,3.06,3.04,6,2015,2194.259643649035,1427.7971175166297,12878.73
2015-09-30,11282.480000000003,5849.920000000002,4.09492682067314,0.002698280945158003,10944.970000000001,7586.829999999998,9389.630000000001,281.0,3695.640000000003,6520.41,3086.2,2355.83,237.85,51924.66,95252.59,159623.66,20.0,1150.5,4207.7,15853.91,34957.61,50811.52,14285.7,108587.57,7905.239999999998,-6365.76,-1935.0599999999995,1802.8000000000002,17.15215633290711,3.7,0.47,13.11,4.94,0.38,14.655527568724926,19.890536990119422,21.552246424595477,22.764169846732152,21.677186983578643,42.6,40.92,15.51,3.28,3.26,9,2015,3.854703235967463,1428.5774218154083,18728.65
2015-12-31,12177.13,4626.01,3.2399999999999998,5.0,11814.11,6225.86,7806.38,346.0,5951.27,8101.01,4525.15,3005.39,223.44,55537.78,94040.28,161925.57,30.0,592.25,4197.33,14429.48,33938.47,48367.95,14285.7,113323.16,5195.6,-2890.72,-865.93,1580.52,26.6975,4.36,0.43,3.24,5.0,1.54,11.439999999999998,15.76,16.32,17.28,16.88,39.16,37.99,26.88,3.85,3.83,12,2015,7138.9043209876545,1427.780864197531,4626.01
2016-03-31,14104.950000000003,5566.619999999999,3.89399012816123,0.006157605187082548,13800.119999999999,7282.170000000001,8893.84,402.0,6822.779999999999,9222.109999999999,7578.49,3279.59,278.09,55245.05,93400.91,160994.03,30.0,749.4,4396.62,15747.31,33174.84,48922.15,14285.7,111823.22,8486.27,3672.62,-9105.539999999999,1611.67,25.808321719463517,5.14,0.44,7.13,5.0,0.7,13.828307159192473,18.765427882695633,19.90140256243972,20.928148907593034,20.31647023388468,39.79,38.78,17.97,3.51,3.49,3,2016,8.802551382610545,1429.541374474053,10192.63
2016-06-30,13396.809999999998,5064.52,3.5451623402798034,-0.0033924682469809626,12572.250000000004,6589.139999999998,8189.509999999998,390.0,6807.670000000002,8132.43,3211.48,2727.16,247.94,60241.17,92424.24,166516.51,30.0,590.18,4711.73,15573.99,33736.69,49310.69,14285.7,116957.1,7663.789999999999,-11114.46,-916.3500000000004,1600.3700000000003,27.504636076074334,4.76,0.42,10.68,5.0,0.47,12.162429601858802,16.62375749075024,17.32747885417657,18.442810826399427,17.67270065510269,39.95,38.45,20.47,3.87,3.85,6,2016,-4.846385478878801,1428.5720973782772,15257.15
2016-09-30,13104.449999999997,4314.3099999999995,3.0200121503454516,5.688363975061377e-06,12775.469999999994,5704.080000000002,7315.57,399.0,7400.369999999999,7714.740000000002,5886.26,2870.96,261.07,64157.71,91692.24,172216.39,30.0,1370.27,4766.81,18428.59,32209.24,50637.84,14285.7,121321.87,8980.170000000002,-4389.720000000001,-1915.67,1611.4899999999998,33.02503269352458,4.7,0.42,13.7,5.0,0.36,10.0167410300509,13.711296040254535,14.222714156225441,15.016293991352715,14.795855148261806,38.4,37.08,17.61,3.48,3.47,9,2016,0.008126247299514944,1428.5737226277372,19571.46
2016-12-31,13185.79,5084.22,3.56,6.83,12612.88,6736.29,8165.64,398.0,6449.5,8262.51,6577.04,3032.38,232.33,67676.72,90847.53,172537.32,30.0,803.49,4349.25,16048.09,29831.08,45879.17,14285.7,126387.25,4063.79,-2490.33,-882.69,1429.35,27.949999999999996,4.5,0.36,3.56,6.83,1.92,11.799999999999999,16.12,16.08,16.96,17.2,40.31,38.56,32.0,4.22,4.2,12,2016,9754.276011235956,1428.1516853932585,5084.22
2017-03-31,15032.689999999999,6411.909999999999,0.4461960677201806,6.15121324228338,14664.980000000001,8325.189999999999,9708.990000000002,39.25,6707.49,9915.88,5793.3,3308.08,246.93,63459.22,91328.66,168646.05,30.0,742.33,4329.29,18118.49,28397.13,46515.62,14285.7,121841.13,8765.11,2120.16,-11669.01,1383.8000000000002,21.990332747964338,4.6,0.38,0.8,6.83,8.54,15.21528590925816,20.391160294812252,21.060454396392522,21.952846531832886,22.332113189395038,42.14,40.74,22.7,3.5,3.49,3,2017,88393.93386376403,14370.162499999999,11496.13
2017-06-30,13894.530000000002,5398.17,0.3770408125817583,-0.025264062583236446,13503.220000000001,7039.279999999999,8427.48,47.25,6855.26,8643.740000000002,4084.12,2784.57,287.91,66608.8,91860.95,172208.93,30.0,983.38,4303.85,16763.04,27727.47,44490.51,14285.7,127421.98,6278.129999999999,-7137.95,-849.3499999999985,1388.2000000000003,31.327643071633535,5.3,0.35,1.18,6.83,5.79,12.538204648905253,16.679263065057448,16.94766499943768,17.676184535612606,18.174645270890185,41.43,40.12,25.84,3.97,3.96,6,2017,-361.71072245760297,14317.203389830509,16894.3
2017-09-30,14631.259999999995,3789.2999999999993,0.26564452029627333,-0.025210107098689146,14120.080000000002,5279.140000000003,6722.300000000003,59.0,9352.119999999999,7086.259999999998,9317.75,3068.57,277.43,71655.01,93625.44,178409.94,30.0,1954.75,4251.95,20728.19,25993.05,46721.24,14285.7,131376.25,7995.190000000002,-915.2799999999997,-1846.2800000000007,1443.1599999999999,55.525801863140956,6.42,0.36,1.45,6.83,4.71,8.493296524782918,11.446530778007695,11.534468274381634,11.996140130344813,12.721624475429808,37.67,36.45,21.62,3.46,3.44,9,2017,-359.61087668030814,14264.551724137931,20683.6
