,revenue,net_profit,eps,dps,gross_profit,ebit,ebitda,close_price,expense,operating_profit,cash,account_receivable,inventory,current_asset,property_plant_equipment,total_asset,short_term_loan,account_payable,current_portion_long_term_debt,current_liability,non_current_liability,total_liability,paid_in_capital,total_equity,cash_flow_operation,cash_flow_investment,cash_flow_financing,depreciation,P/E,P/BV,D/E,EPS,DPS,DPR%,ROA%,ROAA%,ROE%,ROAE%,ROCE%,NPM%,NPMA%,CurrentRatio,QuickRatio,month,year,dividend,number_of_shares,return_old
2000-03-31,53.07,-10.55,-0.59,0.0,4.93,-4.32,1.03,0.36,57.38,-5.45,18.08,54.81,16.9,93.73,182.77,293.79,30.21,45.36,0.0,220.35,32.03,252.38,179.03,26.32,-21.84,-0.34,-10.29,5.35,-0.1525,2.45,9.59,-0.59,0.0,0.0,-14.36,0.0,-160.32,0.0,-23.52,-20.32,-19.88,0.43,0.35,3,2000,0.0,17.88135593220339,-10.55
2000-06-30,50.419999999999995,-12.84,-0.7191278324070115,0.0,4.92,-6.65,-1.3,0.3,57.07999999999999,-7.2700000000000005,14.66,49.88,17.01,84.15,179.56,280.78,32.04,37.13,0.0,217.78,34.76,252.53,179.03,13.47,-5.830000000000002,-2.1500000000000004,4.559999999999999,5.35,-0.10474493769470407,3.99,18.75,-1.31,0.0,0.0,-18.29109876015391,0.0,-381.3024369388628,0.0,-38.22905515177426,-22.99,-22.6,0.39,0.31,6,2000,0.0,17.85496183206107,-23.39
2000-09-30,158.2,-6.129999999999999,-0.08721544715447152,0.0,37.29,-17.18,-4.880000000000001,0.32,175.38,-5.609999999999998,30.64,51.08,1144.72,1241.41,231.3,1712.83,161.66,28.83,386.33,681.88,512.71,1194.6,1750.0,502.2,-29.03,-205.98,235.76,12.3,-0.9149755301794454,1.12,2.38,-0.42,0.0,0.0,-1.4286720867208669,0.0,-4.884065040650405,0.0,-2.2676016260162597,-11.73,-11.28,1.82,0.14,9,2000,0.0,70.28571428571429,-29.52
2000-12-31,437.69,90.42999999999999,0.93532917419143,0.0,106.05999999999999,89.08,103.76,0.29,348.61000000000007,92.26,44.54,52.97,1053.54,1230.98,205.57,1682.4,117.42,45.75,357.2,613.22,463.66,1076.88,1750.0,592.62,125.03,-4.689999999999998,-106.45,14.68,0.07745936083158245,0.86,1.82,0.63,0.0,0.0,21.497724511574454,0.0,61.048786734526345,0.0,33.850008208832705,8.97,8.71,2.01,0.29,12,2000,0.0,96.68253968253967,60.91
2001-03-31,279.95,32.17,0.18,0.0,79.24,47.87,58.98,0.36,232.08,44.8,23.4,83.86,1058.44,1212.7,202.45,1645.08,97.16,70.65,48.61,297.08,710.36,1007.45,1750.0,624.8,58.27,4.03,-83.43,11.11,0.5,1.01,1.61,0.18,0.0,0.0,7.84,19.76,20.6,39.52,14.2,11.62,11.49,4.08,0.52,3,2001,0.0,178.72222222222223,32.17
2001-06-30,300.03000000000003,53.379999999999995,0.30574167153711274,0.0,104.26,67.07,77.70000000000002,0.87,232.94999999999996,63.08,77.09,75.45,1023.07,1204.23,207.06,1626.96,80.08,72.54,56.13,305.49,630.54,936.04,1750.0,678.18,140.57,3.0299999999999994,-89.91,10.629999999999999,0.7131837766953916,2.24,1.38,0.49,0.0,0.0,13.128172998246638,30.07499707773232,31.472673290473406,61.7473383985973,21.713898305084744,14.94,14.75,3.94,0.59,6,2001,0.0,174.59183673469389,85.55
2001-09-30,324.85,75.83,0.43229396455570707,0.0,124.97000000000003,87.83000000000001,97.25,1.23,237.02999999999997,86.20000000000002,95.0,69.89,1653.12,1830.91,195.11,2222.03,75.24,57.19,112.49,332.73,1064.44,1397.17,1925.0,824.01,-550.92,12.900000000000002,555.92,9.420000000000002,0.7076203349597785,2.86,1.7,0.92,0.0,0.0,13.645452968149709,19.37804684595365,36.80137315652497,45.747978683851784,20.1674532160119,18.02,17.84,5.5,0.53,9,2001,0.0,175.41304347826085,161.38
2001-12-31,392.4999999999999,103.13999999999999,0.5731732950249508,0.0,128.80999999999995,94.08000000000001,98.82999999999998,1.59,298.4200000000001,87.16,146.77,62.06,1599.55,1825.41,187.51,2197.72,66.97,47.94,257.51,476.5,793.4,1269.91,1925.0,927.15,142.82999999999998,25.92,-116.96999999999997,4.7499999999999964,0.6924607329842933,3.3,1.37,1.47,0.0,0.0,18.778248903674577,23.862724935732647,44.496963556630874,54.291598366853165,26.904052623620142,20.64,20.39,3.83,0.47,12,2001,0.0,179.9455782312925,264.52
2002-03-31,424.21,95.66,0.5,0.0,141.58,105.23,112.06,2.7,318.98,99.9,139.62,108.25,1618.34,1889.85,187.17,2312.33,257.68,65.52,227.13,660.33,628.95,1289.28,1925.0,1022.81,2.58,-6.44,-3.3,6.83,1.3499999999999999,5.08,1.26,0.5,0.0,0.0,16.56,21.28,37.4,46.44,25.48,22.84,22.55,2.86,0.41,3,2002,0.0,191.32,95.66
2002-06-30,665.8,191.89000000000001,0.9876445835506868,0.0,244.42999999999998,166.57999999999998,172.69,4.53,499.22,156.49999999999997,261.48,125.63,2091.54,2582.71,186.06,2985.19,432.02,92.48,75.97,770.4,975.06,1745.46,1949.85,1239.54,-294.28,-18.759999999999998,434.91,6.109999999999999,1.1463638021783313,7.12,1.41,1.48,0.0,0.0,25.705452269170582,31.471161189358373,61.92798469831334,80.05259746131108,32.752429838289,26.77,26.38,3.35,0.64,6,2002,0.0,194.29054054054055,287.55
2002-09-30,618.0,160.43,0.820091745167195,0.0,235.93000000000006,192.42000000000002,201.12,3.73,425.5799999999999,184.26000000000005,293.84,168.2,2250.91,2815.41,196.5,3298.61,415.0,101.89,327.92,1123.69,684.65,1808.34,2000.39,1450.52,61.16,-234.41000000000003,-4.449999999999989,8.700000000000001,1.1378909804899333,5.14,1.25,2.29,0.0,0.0,19.453005937765077,24.094223849278986,44.23481762578687,56.42517701683111,30.569009330773696,26.61,26.23,2.51,0.5,9,2002,0.0,195.6244541484716,447.98
2002-12-31,1035.82,239.89,1.2171138441856746,0.0,371.40999999999997,321.96000000000004,332.02,4.2,713.8600000000001,304.03000000000003,280.27,78.49,2530.21,3110.78,193.03,3585.81,328.96,102.96,110.7,806.01,1033.59,1839.59,2015.86,1705.88,-50.03999999999999,-74.34999999999997,110.81,10.059999999999999,0.8602317728959107,4.96,1.08,3.49,0.0,0.0,26.755579978775057,37.929312806198844,56.24530681669501,72.88733336240858,39.44983325337636,25.47,25.07,3.86,0.72,12,2002,0.0,197.0974212034384,687.87
2003-03-31,707.88,141.73,0.68,0.0,259.25,185.58,192.93,3.9,522.3,173.11,231.67,95.36,2933.58,3540.06,198.62,4063.81,229.69,114.13,83.92,732.04,1399.61,2131.65,2088.87,1920.62,-259.71,-67.81,282.41,7.35,1.435,4.24,1.11,0.68,0.0,0.0,13.96,23.28,29.52,38.52,22.28,20.4,20.02,4.84,0.83,3,2003,0.0,208.42647058823528,141.73
2003-06-30,854.89,204.49000000000004,0.10040812200335049,1.0,320.91999999999996,275.15999999999997,282.52,4.54,579.73,256.78,297.13,87.0,3114.82,3699.89,196.06,4212.41,220.95,169.88,397.1,1201.28,1086.08,2287.36,2097.69,1925.04,282.31,3.960000000000001,-220.8,7.360000000000001,11.305609320749179,4.95,1.19,0.17,1.0,5.88,19.420112067471553,30.24056380336203,42.50216740800647,51.69246375137196,36.146923921206174,22.62,22.15,3.08,0.49,6,2003,2036.5882352941176,2036.5882352941176,346.22
2003-09-30,1129.04,268.54999999999995,0.1223124095190071,0.0724259383471006,401.18000000000006,354.45000000000005,363.07,6.25,774.5899999999999,335.02,314.17,141.24,3529.36,4374.65,194.93,4963.73,2.19,170.29,118.61,792.16,1855.2,2647.35,2220.47,2316.37,-314.78000000000003,-57.10999999999999,388.91999999999996,8.619999999999997,12.773846955874141,5.99,1.14,0.28,1.0,3.57,21.64929648486426,34.47462628300015,46.37387640906354,57.03252923857702,34.14263545716284,23.29,22.84,5.52,1.07,9,2003,159.0189075630251,2195.6071428571427,614.77
2003-12-31,2138.89,576.78,0.26139163274726196,0.004970116954507047,789.4499999999999,697.3999999999999,710.27,5.75,1441.4900000000002,676.32,584.15,63.44,3922.45,5206.52,178.5,6620.44,4.03,209.61,378.61,1176.27,2118.81,3295.08,2242.18,3325.36,440.70000000000005,-712.88,542.26,12.870000000000005,5.500367341100593,3.88,0.99,0.54,1.0,1.85,34.85221769963493,57.38998514539885,69.37527556543996,91.71941957953925,53.78858931643658,25.05,24.67,4.43,1.09,12,2003,10.966931216931243,2206.574074074074,1191.55
2004-03-31,755.03,143.8,0.06,0.0,260.53,186.32,196.12,4.66,568.71,164.48,328.11,124.28,4643.34,5847.55,203.64,8010.11,4.21,216.27,399.85,1313.35,2420.09,3733.44,2263.74,4205.72,-1025.27,374.5,361.36,9.8,19.4175,2.51,0.89,0.06,0.0,0.0,7.2,12.360000000000001,13.68,18.759999999999998,11.12,19.63,19.05,4.45,0.92,3,2004,0.0,2396.666666666667,143.8
2004-06-30,1333.6699999999998,210.72999999999996,0.09510281217386397,0.2,429.63,296.3,315.84,4.32,1037.37,274.84000000000003,463.6,140.52,5589.79,6802.5,206.79,8722.95,1.96,216.28,299.85,1117.85,3817.03,4934.88,2263.74,3706.3,-689.19,-55.25999999999999,834.5600000000001,19.54,11.356131068191527,2.64,1.33,0.16,0.2,1.25,9.652935435647192,17.736674470425633,22.753347812596957,29.93361013172369,15.097571432600905,17.34,16.97,6.09,1.08,6,2004,443.1625,2215.8125,354.53
2004-09-30,1449.02,287.1600000000001,0.1253016253954402,0.006627031744300208,526.88,439.63,447.96,3.88,1009.3899999999999,354.85999999999996,673.37,144.69,6002.15,7442.16,215.79,9356.69,349.72,262.28,299.84,1487.9,3801.62,5289.53,2264.27,3978.39,-197.93000000000006,76.03999999999996,325.5,8.330000000000002,7.742916318428749,2.21,1.33,0.28,0.2,0.71,12.27955928875314,23.055499072760995,28.87307453754929,36.498573454471796,20.97907213763656,18.83,18.14,5.0,0.97,9,2004,15.1875,2291.75,641.69
2004-12-31,2341.47,455.49,0.19927012887584533,-0.0005213365172532956,787.1500000000001,584.1600000000001,635.7300000000001,3.66,1757.3200000000002,575.2100000000002,592.7,146.09,5902.47,7475.57,380.26,9246.51,334.31,263.89,289.84,1385.64,3448.22,4833.86,2265.11,4266.45,436.46000000000004,-125.75999999999999,-391.3800000000001,51.56999999999999,4.594767942216076,1.94,1.13,0.48,0.2,0.42,19.711136914635702,31.534497894602527,42.71023095572285,47.99088937093275,31.816797243843304,19.11,18.66,5.4,1.14,12,2004,-1.191666666666606,2285.791666666667,1097.18
2005-03-31,1101.12,148.48,0.07,0.0,309.34,234.08,249.46,4.08,867.04,176.01,529.39,177.97,7134.49,8308.53,381.58,9900.39,259.36,337.15,289.84,1403.77,4084.63,5488.4,2271.69,4258.58,-738.78,116.5,558.96,15.38,14.572500000000002,2.18,1.29,0.07,0.0,0.0,6.0,10.44,13.959999999999999,14.04,11.0,14.24,13.48,5.92,0.84,3,2005,0.0,2121.142857142857,148.48
2005-06-30,1374.0500000000002,166.94000000000003,0.07409675987572127,0.2,447.71,269.44999999999993,286.28999999999996,3.62,1104.6000000000001,251.90000000000003,408.63,171.11,7672.96,8531.39,382.26,9570.48,473.12,316.15,289.84,1661.58,4046.44,5708.03,2271.8,3708.43,88.26999999999998,76.65,-285.67,16.839999999999996,12.21510902120522,2.22,1.54,0.14,0.2,1.43,6.9862659311394335,11.664947054720692,18.016097901211083,18.016097901211083,13.485610297381271,13.17,12.74,5.13,0.52,6,2005,450.6,2253.0,315.42
2005-09-30,1401.3199999999997,206.90000000000003,0.09110698422423037,0.0015814060346148056,434.98,294.24,305.19000000000005,3.62,1107.0799999999997,258.08,366.89,0.88,7966.68,8443.25,65.86,9266.17,203.49,296.07,650.0,1669.85,3764.2,5434.05,2271.89,3824.26,30.039999999999964,-28.27000000000001,-43.51000000000002,10.950000000000003,9.9339255679072,2.15,1.42,0.23,0.2,0.87,8.936406800428855,13.578901822637466,21.643850513095423,21.216043804564254,16.636927553989892,13.9,13.47,5.06,0.29,9,2005,3.59130434782611,2270.9565217391305,522.32
2005-12-31,1537.5,242.53999999999996,0.10781528645765237,-0.0018997509063892466,491.4100000000001,329.6700000000001,340.03999999999996,3.42,1207.8300000000004,290.23,516.22,0.66,8811.41,9581.19,66.65,10291.46,557.32,171.78,511.29,1975.21,4321.36,6296.57,2271.9,3982.82,-671.3299999999999,49.84,770.82,10.369999999999997,7.9311573348726,1.95,1.58,0.34,0.2,0.59,9.42432445153361,14.637510655544801,24.353570588081475,23.516416599116173,17.19970922783254,14.55,14.13,4.85,0.39,12,2005,-4.2736572890025855,2249.5882352941176,764.86
2006-03-31,1552.1,233.46,0.1,0.0,505.35,330.17,340.33,4.2,1221.93,324.32,562.86,1.87,8960.1,9876.93,67.69,10565.4,758.03,266.28,685.41,2538.4,3802.78,6341.18,2272.78,4212.9,179.31,16.28,-148.95,10.16,10.5,2.27,1.51,0.1,0.0,0.0,8.84,12.92,22.16,22.04,16.44,15.1,15.04,3.89,0.36,3,2006,0.0,2334.6,233.46
2006-06-30,1741.71,234.35999999999999,0.10520200076952674,0.14,535.91,329.2,341.77000000000004,2.76,1412.51,325.41,520.83,1.29,8983.73,10174.73,66.9,10804.34,972.26,256.56,1633.18,3711.4,2992.68,6704.08,2273.75,4098.54,129.3,-196.0,24.669999999999987,12.57,6.557384792626729,1.53,1.64,0.21,0.14,0.67,8.676660253943824,12.964894190073105,22.863901500577143,24.00609465178915,18.635782993459024,14.26,14.2,2.74,0.32,6,2006,311.88000000000005,2227.714285714286,467.82
2006-09-30,1768.9199999999996,636.1700000000001,0.28236061920850736,0.0015737461390048747,308.43000000000006,837.12,828.33,3.84,931.7999999999997,81.04999999999995,869.96,0.18,8568.92,10208.9,71.75,10850.82,594.77,232.32,1680.01,3502.08,2610.22,6112.3,2273.94,4736.11,-171.46,1240.03,-719.45,-8.790000000000001,3.401324174355911,1.84,1.29,0.49,0.14,0.29,23.44169385592261,34.2981715414089,53.729192112247404,59.44555403581554,46.92948740477722,25.71,21.81,2.92,0.47,9,2006,3.5457142857142685,2253.0408163265306,1103.99
2006-12-31,2065.2800000000007,240.0999999999999,0.10539398403380722,0.0015411382953734894,646.71,328.6299999999999,349.77,4.68,1736.6400000000003,315.48,758.82,0.13,8569.77,9786.05,54.51,10417.57,71.08,248.74,1680.01,2972.89,2394.43,5367.32,2293.62,5047.85,410.21000000000004,175.80999999999995,-697.1600000000001,21.14,11.098119221157853,2.13,1.06,0.59,0.14,0.24,9.217507756177039,12.59726060010862,19.028079964883297,21.271721387704687,17.520410091586122,21.19,18.86,3.29,0.41,12,2006,3.5108958837772093,2278.1186440677966,1344.09
2007-03-31,1420.87,158.3,0.07,0.0,455.9,237.78,244.6,4.4,1183.1,231.67,637.28,0.56,8709.89,9857.25,59.3,10464.81,293.62,261.17,1805.01,3307.14,1941.75,5248.89,2298.64,5213.47,-166.95,163.19,-117.78,6.82,15.715000000000002,1.94,1.01,0.07,0.0,0.0,6.04,9.04,12.16,13.44,13.280000000000001,11.19,11.14,2.98,0.35,3,2007,0.0,2261.4285714285716,158.3
2007-06-30,1404.37,98.12,0.04209188050854068,0.23,429.81000000000006,181.42,196.23999999999998,6.0,1222.94,177.67,895.39,1.41,9061.94,10485.83,62.7,11110.27,2107.72,401.97,375.0,3968.33,2335.02,6303.34,2299.95,4804.4,39.489999999999995,-10.030000000000001,228.65,14.82,35.63929626987362,2.87,1.31,0.11,0.23,2.09,3.535717962717417,5.862250994462211,8.173477887840262,8.816335699243428,8.984703221277591,9.12,9.08,2.64,0.36,6,2007,536.1509090909091,2331.090909090909,256.42
2007-09-30,2135.75,244.16999999999996,0.10730817635190473,-0.0056283585369264035,709.8299999999999,404.22999999999996,427.39000000000004,6.7,1731.5299999999997,393.92,741.63,1.95,10128.45,11712.0,64.26,12327.83,1489.77,297.97,600.0,3778.34,3428.6,7206.94,2325.3,5118.23,-745.4499999999999,-159.06,750.75,23.159999999999997,15.606918847524266,3.04,1.41,0.22,0.23,1.05,7.921294472522423,13.872020615673504,19.081344813120513,19.822746758824586,18.788686150342595,10.15,10.09,3.1,0.42,9,2007,-12.80681818181813,2275.409090909091,500.59
2007-12-31,2910.79,398.24000000000007,0.1727953005573913,0.002922359673636324,981.3800000000001,607.2500000000001,654.8699999999999,6.4,2303.5300000000007,585.74,721.4,2.5,11345.37,12569.7,65.0,13145.16,920.42,261.1,600.0,3438.6,4190.28,7628.88,2326.31,5513.49,-330.89,147.12,163.54000000000008,47.620000000000005,9.259366399658497,2.7,1.38,0.39,0.23,0.59,12.122254931410836,21.515230243761337,28.88782973421003,30.163856569095383,26.12310492529177,11.49,11.42,3.66,0.36,12,2007,6.735139860139839,2304.6923076923076,898.83
2008-03-31,1324.26,151.52,0.07,0.0,457.19,241.49,244.93,7.5,1082.77,232.17,439.63,3.09,12475.9,13443.19,64.54,14022.32,1542.42,489.18,675.0,4538.34,3794.57,8332.91,2331.5,5686.56,-608.58,-2.53,329.35,3.44,26.785,3.08,1.47,0.07,0.0,0.0,4.32,7.88,10.64,11.12,10.2,11.52,11.44,2.96,0.21,3,2008,0.0,2164.5714285714284,151.52
2008-06-30,2588.3599999999997,496.02,0.2144818852889397,0.15,980.6799999999998,728.52,731.3599999999999,5.05,1859.8400000000001,714.58,897.34,3.19,13096.94,14519.0,84.7,15124.86,1975.71,455.36,675.0,5053.63,4221.61,9275.25,2334.37,5846.74,-33.539999999999964,-30.310000000000002,521.56,2.8400000000000003,5.887676706584411,2.02,1.59,0.28,0.15,0.54,13.114035271952313,22.64315903264663,33.94941841430645,37.25856750162152,29.506579361892705,16.65,16.55,2.87,0.28,6,2008,346.89642857142854,2312.642857142857,647.54
2008-09-30,2744.1900000000005,452.52,0.19333890878679344,0.0017887011357822207,938.1800000000003,667.1500000000001,671.19,4.88,2077.0399999999995,654.3499999999999,827.84,4.04,14166.2,15715.48,107.56,16322.06,1131.97,529.4,750.0,4325.97,5721.85,10047.81,2334.61,6271.38,-752.0300000000001,-26.049999999999997,708.58,4.04,6.308352559002918,1.82,1.6,0.47,0.15,0.32,11.09024889551479,18.80735087177063,28.86097412868389,31.789852917113613,22.460222169699833,16.62,16.53,3.63,0.36,9,2008,4.186550151975723,2340.553191489362,1100.06
2008-12-31,3239.54,538.1100000000001,0.22993767435614135,-1.9891162933624674e-05,1107.5499999999997,837.72,844.5099999999998,2.38,2401.8200000000006,866.3800000000001,1676.53,13.32,14457.05,16820.55,100.9,17378.25,164.57,404.22,896.37,3464.77,7125.19,10589.97,2334.61,6786.74,291.10000000000014,-33.260000000000005,590.8399999999999,6.789999999999999,2.5876577279738338,0.82,1.56,0.7,0.15,0.21,12.390355823876645,21.311937588894928,31.718259765470012,35.00308368484346,23.374807010261453,16.66,16.55,4.85,0.68,12,2008,-0.04655015197567991,2340.2428571428572,1638.17
2009-03-31,2824.44,480.73,0.21000000000000002,0.0,987.84,712.89,718.67,2.3,2111.55,714.62,1495.22,6.51,13878.54,16035.15,101.2,16578.92,0.0,363.96,375.0,2742.85,6571.26,9314.11,2334.61,7263.28,973.49,92.94,-1247.74,5.78,2.7375,0.74,1.28,0.21,0.0,0.0,11.6,18.64,26.48,29.68,20.6,17.08,17.02,5.85,0.79,3,2009,0.0,2289.190476190476,480.73
2009-06-30,2425.28,350.25,0.15173650388697682,0.25,815.87,527.38,533.7300000000001,4.76,1897.8899999999999,525.5300000000001,788.62,8.78,13915.05,15499.1,106.3,16099.22,99.12,430.5,375.0,2626.95,6392.29,9019.24,2334.61,7077.2,-37.73000000000002,-11.039999999999992,-657.8399999999999,6.3500000000000005,7.84122455389008,1.57,1.27,0.36,0.25,0.69,8.69955955618667,13.386531565139956,19.793183951478976,21.681460444294686,15.52770223110063,15.91,15.83,5.9,0.6,6,2009,577.0694444444445,2308.277777777778,830.98
2009-09-30,2730.46,339.30999999999995,0.14496834118039117,0.003450236930827199,886.21,540.23,547.0799999999999,6.5,2190.2400000000002,538.9499999999998,1549.82,5.12,14853.23,17280.22,106.64,17912.32,79.78,479.7,1500.01,3888.17,6579.15,10467.32,2334.61,7440.45,-503.15999999999997,2.5999999999999943,1261.78,6.85,11.209343962747932,2.04,1.41,0.5,0.25,0.5,7.573146143263635,12.061365986208544,18.242816054140423,19.796876671594216,14.728783463927742,14.74,14.66,4.44,0.62,9,2009,8.075555555555525,2340.58,1170.29
2009-12-31,4517.9400000000005,695.81,0.2982948395048497,-0.0008525802475751979,1476.1899999999996,1074.06,1081.15,5.75,3443.869999999999,1070.7200000000003,1708.2,3.86,15513.1,18341.83,109.34,19006.81,15.3,466.9,1500.02,4141.84,6677.76,10819.6,2334.61,8181.77,155.65999999999997,-14.189999999999998,16.899999999999977,7.09,4.820733749155661,1.64,1.32,0.8,0.25,0.31,14.646276619688118,23.401230159155457,34.020526445528105,37.18245174427951,28.63630459246557,15.02,14.93,4.43,0.68,12,2009,-1.9887500000000955,2332.6249999999995,1866.1
2010-03-31,6225.06,1237.66,0.53,0.0,2133.86,1785.0,1792.49,5.25,4440.06,1673.48,4865.76,5.1,16195.02,21677.1,118.67,22176.56,0.0,783.36,1500.02,4759.12,8176.49,12935.61,2334.61,9234.02,1447.39,225.51,1484.66,7.49,2.4775,1.33,1.4,0.53,0.0,0.0,22.320000000000004,36.84,53.6,60.0,41.0,20.31,19.88,4.55,1.15,3,2010,0.0,2335.2075471698113,1237.66
2010-06-30,2211.37,286.28999999999996,0.12210932117195444,0.32,813.31,451.1100000000001,458.22,5.55,1760.2599999999993,429.6999999999998,3380.7,6.26,16704.44,20998.25,124.44,21502.88,0.0,974.4,1500.01,4843.89,7869.52,12713.4,2339.87,8789.04,-437.05000000000007,-6.319999999999993,-1041.68,7.109999999999999,11.364816270215517,1.48,1.45,0.65,0.32,0.49,5.327723612979427,8.93464509990485,13.030003871518092,14.435200367466123,10.08435132386233,18.44,18.06,4.33,0.89,6,2010,750.2523076923077,2344.5384615384614,1523.95
2010-09-30,1414.9300000000003,90.63999999999987,0.03873528264141355,-0.0006226300842271316,517.3299999999999,158.00999999999976,165.67999999999984,7.55,1256.9300000000003,151.4300000000003,715.64,7.54,19002.55,20735.0,159.37,21286.32,99.58,790.43,2000.0,5168.96,7227.06,12396.03,2343.26,8889.86,-2637.76,-8.259999999999991,-19.04000000000002,7.67,48.71914883053845,1.99,1.39,0.69,0.32,0.46,1.7043524362221967,2.7440298775540506,4.077870914597509,4.439400219250702,3.3346025926086456,16.71,16.39,4.01,0.34,9,2010,-1.4569453734670788,2339.985507246377,1614.59
2010-12-31,4193.609999999999,613.0699999999999,0.26144766256969193,0.0006713797424658285,1773.7200000000003,914.77,1070.65,5.8,3278.83,937.9899999999998,355.41,8.85,21347.18,23221.24,156.01,24114.48,1633.65,710.98,2226.0,7508.63,7091.77,14600.4,2343.33,9513.69,-403.27,-816.74,859.78,155.88,5.550346045312934,1.43,1.53,0.95,0.32,0.34,10.171690114290332,16.897775243977986,25.78149161003026,27.718956393704605,21.9395870105851,16.1,15.86,3.09,0.25,12,2010,1.5743218916857131,2344.9052631578948,2227.66
2011-03-31,2223.16,132.17,0.05,0.0,798.03,288.58,351.98,6.3,1934.58,259.69,362.13,5.63,23704.8,25267.9,130.88,26142.02,2111.88,718.72,3000.0,8971.74,7520.01,16491.75,2343.73,9649.88,-1637.26,5.45,1638.53,63.4,31.5,1.53,1.71,0.05,0.0,0.0,2.04,4.76,5.48,5.6,6.72,6.02,5.95,2.82,0.17,3,2011,0.0,2643.3999999999996,132.17
2011-06-30,4079.5200000000004,468.12,0.16376284795682086,0.18,1512.2,772.74,834.8499999999999,4.94,3306.7799999999997,758.9200000000001,860.0,6.22,23767.4,26541.26,144.64,27377.04,2285.59,669.02,3242.5,9503.79,8151.79,17655.58,2819.64,9721.06,-144.30999999999995,0.8399999999999999,641.3300000000002,62.11000000000001,7.540171750833119,1.43,1.82,0.21,0.18,0.86,6.831250229055957,13.537728764430526,19.277226673774344,20.244207299805097,18.528596511686022,9.59,9.52,2.79,0.29,6,2011,514.5342857142857,2858.5238095238096,600.29
2011-09-30,4581.629999999999,603.3700000000001,0.21555015535948693,-0.003814152549011217,1761.7800000000002,1000.6200000000001,1042.8400000000001,5.45,3581.000000000001,990.89,483.5,6.69,24523.72,26885.87,147.97,27672.6,2451.9,565.92,2362.5,8866.17,8505.27,17371.44,2821.47,10300.76,19.62999999999988,-19.42,-376.71000000000004,42.219999999999985,6.318830982647463,1.49,1.69,0.43,0.18,0.42,8.722262100593191,16.88309123838958,23.43982619676653,25.144176262399682,21.976090258046295,11.11,11.06,3.03,0.27,9,2011,-10.676611295681028,2799.2093023255816,1203.66
2011-12-31,2833.08,347.27,0.12315094814079296,0.0013190015473086322,1132.6599999999999,523.8699999999999,552.4499999999998,4.96,2309.2199999999993,499.8600000000001,437.72,68.73,26616.09,28599.34,142.96,29374.52,3629.35,574.96,2292.51,10066.46,8647.5,18713.95,2821.98,10660.16,-1328.6399999999999,4.600000000000001,1278.27,28.580000000000013,10.070974025974026,1.31,1.76,0.55,0.18,0.33,4.728996408606449,8.660870316519764,13.031609421443907,13.774993326584694,11.992663240765218,11.37,11.31,2.84,0.2,12,2011,3.7194164904861395,2819.872727272727,1550.93
2012-03-31,3164.99,421.33,0.15,0.0,1121.36,535.7,554.62,6.1,2629.29,521.66,758.67,67.73,27233.77,29179.16,140.0,29955.32,3810.41,599.58,2000.01,10051.13,8787.54,18838.67,2825.22,11116.24,253.81,25.54,41.6,18.92,10.1675,1.55,1.69,0.15,0.0,0.0,5.64,7.64,15.16,16.24,10.76,13.37,13.31,2.9,0.19,3,2012,0.0,2808.866666666667,421.33
2012-06-30,3921.55,575.69,0.20209373934324287,0.18,1308.91,698.05,715.2199999999999,7.25,3223.5,622.41,2111.77,61.16,26381.16,29769.24,130.18,30493.36,3979.29,596.25,2000.01,9904.91,9368.0,19272.91,2841.11,11220.04,944.23,89.66999999999999,319.19,17.17,8.966754763848598,1.84,1.72,0.35,0.18,0.51,7.552531744598905,9.839078052596738,20.53272391727348,21.987798840544823,13.83475998475457,14.25,14.07,3.01,0.34,6,2012,512.7531428571428,2848.6285714285714,997.02
2012-09-30,3702.9100000000008,429.5899999999999,0.15056322330559857,0.0002896577000221035,1234.13,593.22,624.96,9.05,3109.6899999999996,522.19,417.23,74.72,26845.06,28788.88,117.37,29437.59,3037.12,676.62,2500.0,9634.24,8174.86,17809.1,2846.87,11628.07,-132.82999999999993,93.91000000000001,-1655.61,31.739999999999995,15.026909960660166,2.22,1.53,0.5,0.18,0.36,5.841853064257224,7.708837033246647,14.779285999677557,15.670620281646698,11.117588408885398,13.42,13.22,2.99,0.2,9,2012,0.8264571428570662,2853.22,1426.61
2012-12-31,6713.59,902.6500000000003,0.3177717386637817,-0.000802174081038559,2371.86,1263.1299999999999,1347.8,8.5,5450.460000000001,1241.8700000000001,743.82,108.09,26490.02,28752.91,126.57,29312.24,1659.5,776.6,2550.0,8395.91,8396.26,16792.18,2848.27,12519.65,1426.71,6.389999999999986,-1106.5000000000002,84.67,6.689864897800917,1.93,1.34,0.82,0.18,0.22,12.323343035985681,16.322616625022544,28.83197238607971,31.157131449473237,22.895066244214906,13.46,13.31,3.42,0.27,12,2012,-2.278624390243749,2840.5609756097565,2329.26
2013-03-31,2864.81,222.68,0.08,0.0,965.34,331.89,372.99,9.25,2532.92,314.63,625.93,123.49,28786.81,31254.77,122.89,31952.65,3576.48,889.16,2550.0,10512.71,8508.22,19020.93,2859.92,12931.3,-2160.3,-8.71,2051.12,41.1,28.9075,2.05,1.47,0.08,0.0,0.0,2.8,4.28,6.88,7.4,6.2,7.82,7.77,2.97,0.23,3,2013,0.0,2783.5,222.68
2013-06-30,4296.610000000001,452.16,0.16080611700551242,0.25,1461.35,623.33,658.3499999999999,6.5,3673.2799999999997,612.38,978.54,120.36,30008.74,32764.03,130.79,33737.88,4482.97,852.59,2550.0,11245.1,9823.88,21068.98,2859.92,12668.48,-1111.5499999999997,-41.87,1506.0300000000002,35.02,10.104093241330501,1.47,1.66,0.24,0.25,1.04,5.360203900183747,7.9599027917728655,14.284943393989685,15.142576018019088,11.390433287890463,9.46,9.42,2.91,0.25,6,2013,702.9583333333334,2811.8333333333335,674.84
2013-09-30,4462.870000000001,405.58000000000004,0.14264859961866683,0.0027589579361112625,1489.54,596.1299999999999,627.4200000000001,5.9,3866.7400000000007,578.44,549.42,110.45,32204.74,34277.0,125.09,35252.7,4708.41,1015.97,2410.0,11418.75,10759.47,22178.22,2859.92,13074.07,-1401.1799999999998,-25.939999999999998,997.9999999999995,31.289999999999992,10.34254807929385,1.29,1.7,0.38,0.25,0.66,4.594786471927583,7.207508191258954,12.402920345791452,13.13868680698247,9.775182984394958,9.33,9.29,3.0,0.18,9,2013,7.844298245614027,2843.2105263157896,1080.42
2013-12-31,8436.04,932.8799999999999,0.32435106541499026,0.002862543036177845,2833.97,1293.3000000000002,1344.78,4.4,7142.74,1268.7499999999998,888.96,110.41,30783.63,33157.82,129.16,34409.59,2698.97,1290.33,2360.0,9666.96,10735.26,20402.22,2859.92,14006.95,2004.5099999999998,-12.969999999999999,-1651.9999999999995,51.47999999999999,3.3936993503987654,0.9,1.46,0.7,0.25,0.36,10.842592758158245,16.551171509462073,26.633856057219486,28.135138131426014,21.31449858441365,10.07,10.04,3.43,0.25,12,2013,8.233082706766936,2876.1428571428573,2013.3
2014-03-31,3537.29,259.7,0.09,0.0,1158.85,410.79,439.45,5.2,3126.5,405.54,935.34,117.88,32179.7,34520.52,135.89,35848.46,3894.44,1179.06,2800.0,10925.89,10657.7,21583.59,2859.92,14264.44,-1365.29,-102.33,1514.0,28.66,14.445,1.04,1.51,0.09,0.0,0.0,2.88,4.84,7.28,7.64,6.6,7.37,7.34,3.16,0.21,3,2014,0.0,2885.5555555555557,259.7
2014-06-30,5932.28,711.73,0.2491051336689211,0.25,2000.06,985.5799999999999,1006.3399999999999,6.25,4946.7,990.9300000000001,1175.5,121.01,31907.47,34397.57,139.16,35718.06,2619.67,1129.36,2800.0,9481.25,11975.18,21456.43,2859.92,14261.2,943.4,-26.260000000000005,-676.97,20.76,6.271649150661065,1.25,1.5,0.34,0.25,0.74,7.971364277405476,11.781207498224266,19.95771717982768,21.129976632387308,15.591050719043063,10.29,10.26,3.63,0.26,6,2014,714.2867647058823,2857.1470588235293,971.43
2014-09-30,7656.77,1035.5500000000002,0.3611819749075726,0.0008690991967445633,2584.3900000000003,1315.35,1332.73,7.2,6341.420000000001,1357.76,1003.32,103.46,30217.57,32990.09,136.04,34864.27,1683.88,1668.05,2750.0,8997.67,10569.41,19567.07,2859.92,15296.75,1916.5500000000002,326.27,-2415.0,17.379999999999995,4.985713920139055,1.35,1.28,0.7,0.25,0.36,11.88804671695782,15.953923805917352,27.078328633070587,29.204142542526586,21.62964055446492,11.75,11.72,3.67,0.31,9,2014,2.491806722689148,2867.114285714286,2006.98
2014-12-31,6080.639999999999,608.4699999999998,0.19309491674472837,0.04253389883740302,2101.6899999999996,873.94,891.46,5.95,5206.699999999999,950.46,462.88,96.07,31673.31,33735.74,132.42,35563.58,1681.34,1618.79,2750.0,8951.66,10763.46,19715.12,3145.9,15848.03,-538.6700000000001,-78.57000000000001,76.79999999999995,17.519999999999996,7.704889517971307,1.18,1.24,0.83,0.27,0.33,6.839747653367487,9.538423598233571,15.354535548375992,16.303725018639234,12.534884474946947,11.3,11.27,3.77,0.23,12,2014,134.03046471600692,3151.144578313253,2615.45
2015-03-31,5239.71,559.59,0.18,0.0,1771.4,783.43,800.65,7.2,4456.28,778.47,751.57,77.51,33738.05,36319.53,135.11,38330.79,3940.76,1113.09,2550.0,10272.31,11650.41,21922.73,3145.9,16407.62,-2480.02,-198.29,2967.0,17.22,10.0,1.38,1.34,0.18,0.0,0.0,5.84,8.44,13.64,14.6,11.16,10.72,10.68,3.54,0.25,3,2015,0.0,3108.8333333333335,559.59
2015-06-30,5495.570000000001,642.66,0.20312813474734873,0.26,1894.9099999999999,907.38,924.6899999999999,7.2,4588.19,908.95,876.92,124.5,31952.0,34157.07,162.26,36718.44,2652.09,1153.68,2683.0,8949.25,11536.28,20485.52,3145.9,16232.47,780.5,1402.6499999999999,-2057.8,17.310000000000002,8.862632457286901,1.4,1.26,0.38,0.26,0.68,6.9918842170929505,9.985351466001248,15.8439945102932,16.870326138490327,13.021582532751092,11.32,11.2,3.82,0.25,6,2015,822.5921052631579,3163.815789473684,1202.25
2015-09-30,5683.889999999998,745.06,0.2372181111379287,-0.0019033976424697827,1875.9699999999998,1029.06,1045.84,5.4,4654.83,917.2399999999998,528.38,104.73,32478.1,33854.6,111.35,36485.46,1745.41,1224.94,3083.0,8350.22,11157.26,19507.47,3145.9,16977.54,76.57999999999993,73.88000000000011,-499.00000000000006,16.78,5.691175912007087,1.0,1.15,0.62,0.26,0.42,8.172546538558318,11.661948431425914,17.554140224206726,18.472403880224512,14.799349256153361,12.08,11.86,4.05,0.16,9,2015,-5.978234295415859,3140.8225806451615,1947.31
2015-12-31,5978.830000000002,676.0700000000002,0.21389890141725562,0.0016350231749781452,1991.2700000000004,916.1199999999999,932.1000000000004,5.35,5062.709999999999,959.9000000000001,421.01,72.41,31937.63,33281.23,102.5,36146.98,797.36,1071.18,3183.0,7450.78,11042.14,18492.92,3145.9,17653.6,1154.8400000000001,-312.21000000000004,-950.0,15.980000000000004,6.257044758678833,0.95,1.05,0.83,0.26,0.31,7.483884454406149,10.452698122269746,15.318253855712863,16.142924319008305,13.060718462441587,11.88,11.71,4.47,0.18,12,2015,5.167815779245984,3160.698795180723,2623.38
2016-03-31,4229.88,454.78,0.14,0.0,1422.34,637.67,652.44,6.1,3592.21,627.43,689.77,57.58,32014.72,34207.43,94.71,37448.21,2066.26,1231.22,3033.0,8485.99,10853.37,19339.36,3145.9,18108.38,-2266.62,254.88,2280.5,14.77,10.8925,1.06,1.07,0.14,0.0,0.0,4.84,6.72,10.04,10.56,8.8,10.9,10.75,4.03,0.26,3,2016,0.0,3248.428571428571,454.78
2016-06-30,4524.9800000000005,525.98,0.16625249806272688,0.3,1516.39,737.5500000000001,752.3899999999999,7.35,3787.4300000000003,680.59,948.42,65.64,31361.43,33525.11,90.52,37174.07,2324.25,1174.38,3453.0,9027.84,10455.14,19482.98,3145.9,17690.6,-31.340000000000146,209.81,80.17999999999984,14.84,11.052615878930757,1.31,1.1,0.31,0.3,0.97,5.6633109017496635,7.98011990701089,11.884372119580734,12.39921856519434,10.489996329377217,11.4,11.2,3.71,0.24,6,2016,949.1225806451612,3163.7419354838707,980.76
2016-09-30,4481.119999999999,456.53999999999996,0.14611312878313504,-0.0037614882743854574,1564.0099999999998,608.4100000000001,620.8100000000002,7.25,3872.7200000000003,628.8,674.1,79.07,31493.5,33543.54,85.24,37484.89,3368.65,888.16,3450.0,9721.56,9615.58,19337.14,3145.9,18147.15,-143.78999999999996,-345.03,214.5,12.399999999999999,12.404087265080825,1.26,1.07,0.46,0.3,0.65,4.8662024629513665,6.810142350240033,10.062747651847214,10.393090377791692,9.071719474013774,11.01,10.86,3.45,0.21,9,2016,-11.753015427770038,3124.565217391304,1437.3
2016-12-31,7582.420000000002,1265.26,0.40262699070510927,0.0017132548076799732,2458.01,1526.6399999999999,1538.78,7.5,6055.77,1012.0899999999999,1086.82,39.84,30742.69,33118.45,94.23,37789.97,1990.84,924.16,4450.0,9720.95,8645.09,18366.03,3145.9,19423.31,2044.84,-255.62,-1376.4999999999998,12.14,4.656419075921155,1.21,0.95,0.86,0.3,0.35,13.389688295542005,17.790494938132735,26.04902995678172,27.3037280208395,23.427272808004265,13.34,12.98,3.41,0.24,12,2016,5.383923154701847,3142.5116279069766,2702.56
2017-03-31,4425.8,548.65,0.17,0.0,1376.11,687.42,699.68,7.2,3738.38,462.1,964.46,57.57,32922.88,35349.89,183.99,40068.87,3104.43,930.61,5050.0,11169.12,8927.17,20096.29,3145.9,19971.96,-2276.03,142.66,2011.0,12.26,10.5875,1.13,1.01,0.17,0.0,0.0,5.48,7.08,11.0,11.52,9.52,13.06,12.4,3.16,0.22,3,2017,0.0,3227.3529411764703,548.65
2017-06-30,4655.7300000000005,612.9499999999999,0.19524061639118456,0.3,1647.1700000000003,825.7900000000001,841.36,8.1,3829.9399999999996,644.7099999999999,1037.99,88.17,33535.66,35587.79,238.7,40793.2,4291.4,880.04,4550.0,11751.3,9405.23,21156.54,3145.9,19641.15,-1200.75,-325.84000000000003,1600.12,15.569999999999999,10.370920956032304,1.3,1.08,0.37,0.3,0.81,6.0155216942148755,8.189552341597796,12.474292355371901,13.128612258953169,10.996795798898072,12.91,12.79,3.03,0.17,6,2017,941.8378378378377,3139.459459459459,1161.6
2017-09-30,5362.369999999999,636.75,0.20182250396196513,0.0014777059151069108,1809.1699999999996,821.7799999999997,840.4499999999998,7.85,4540.59,721.94,664.24,95.02,34348.77,35813.17,263.12,41465.17,5041.87,979.71,4300.35,12373.86,8814.12,21187.98,3145.9,20277.9,-1725.94,-399.17,1751.37,18.67,9.722528268551235,1.22,1.04,0.57,0.3,0.53,6.146734506631079,8.384485778630411,12.562565685211442,13.25655183918592,11.372875135540912,12.9,12.45,2.89,0.12,9,2017,4.6621621621623035,3155.0,1798.35
