,revenue,net_profit,eps,dps,gross_profit,ebit,ebitda,close_price,allowance_doubtful_accounts,expense,operating_profit,cash,account_receivable,inventory,current_asset,property_plant_equipment,total_asset,short_term_loan,account_payable,current_portion_long_term_debt,current_liability,non_current_liability,total_liability,paid_in_capital,total_equity,cash_flow_operation,cash_flow_investment,cash_flow_financing,depreciation,P/E,P/BV,D/E,EPS,ROA%,ROAA%,ROE%,ROAE%,ROCE%,NPM%,NPMA%,TIE,CurrentRatio,QuickRatio,month,year,dividend,number_of_shares,return_old
2000-03-31,1083.12,886.34,2.19,0.0,7.97,1113.01,1131.42,0.88,0.0,-29.89,-43.02,19.57,2306.0,2617.59,5064.08,1163.56,12955.28,4329.18,97.07,7769.67,18260.34,163.5,18423.84,4095.0,-5468.57,22.35,-9.24,-19.42,18.41,0.10000000000000002,-0.29,-3.37,2.19,27.36,0.0,-64.84,0.0,-83.92,-1207.05,81.83,0.0,0.28,0.13,3,2000,0.0,404.72146118721463,886.34
2000-06-30,105.04000000000019,-288.11,-0.8139108704010163,0.0,54.56,19.65000000000009,38.49000000000001,0.88,0.0,85.39,-8.469999999999999,18.31,31.78,2347.99,4675.74,1156.22,12536.88,3643.68,94.14,7532.49,17537.52,693.5,18231.02,1023.75,-5694.15,37.23,0.3800000000000008,-38.4,18.84,-0.26993127624865504,-0.07,-3.2,1.69,-9.189005566420942,-0.0,20.246634906306937,-0.0,43.6333283185397,20074.83,50.35,0.0,0.27,0.13,6,2000,0.0,353.9822485207101,598.23
2000-09-30,-735.45,1133.1399999999999,4.175556466844175,0.0,111.57,69.00999999999999,87.08999999999992,0.88,0.0,-804.46,88.55000000000001,28.98,1233.7,3204.96,4621.06,1140.0,12466.04,2469.46,94.38,5019.29,13018.09,3583.25,16601.34,1023.75,-4135.31,77.61999999999999,31.169999999999998,-105.85,18.08,0.05347790211271335,-0.09,-4.01,6.38,36.362682962047394,0.0,-109.6116296343358,0.0,-569.8391072965339,-215.58,382.45,0.0,0.35,0.11,9,2000,0.0,271.3746081504702,1731.37
2000-12-31,6.910000000000025,-274.65999999999985,-1.182197005581069,0.0,44.46000000000001,-75.16000000000008,-55.799999999999955,1.67,0.0,82.07000000000005,-50.370000000000005,24.43,1211.74,3066.18,4596.06,1134.07,12308.66,2461.78,88.39,4719.51,12848.93,3642.46,16491.38,2359.23,-4182.73,28.05000000000001,-35.06,2.969999999999999,19.36,-0.3579987074929005,-0.41,-3.94,6.27,-8.922099251052023,-0.0,26.268530592911407,-0.0,157.25671300396087,-213.52,316.94,0.0,0.36,0.12,12,2000,0.0,232.33014354066987,1456.71
2001-03-31,68.09,-296.35,-2.04,0.0,13.17,-14.9,2.01,1.84,0.0,83.0,-51.24,44.67,1149.67,3092.19,4575.31,1129.75,12285.33,2463.38,86.81,4762.54,13194.89,3569.52,16764.4,2359.23,-4479.08,54.96,-22.81,-29.63,16.91,-0.225,-0.42,-3.74,-2.04,-9.64,-0.48000000000000004,26.48,23.84,6.56,-948.32,-435.23,0.0,0.35,0.11,3,2001,0.0,145.26960784313727,-296.35
2001-06-30,365.87,835.71,5.686472300504302,0.0,82.09,152.08,144.37,2.11,0.0,213.76999999999998,44.86,41.96,1189.26,2921.14,4551.92,1119.04,12438.48,597.35,91.0,3886.72,9584.24,5016.22,14600.46,3840.62,-2161.98,14.699999999999996,-10.790000000000003,-7.260000000000002,-7.710000000000001,0.09196826650393079,-1.63,-6.75,3.67,26.898408484129337,6.817568970631861,-154.6348598338772,-85.09565633343222,29.811369771581134,346.01,124.29,0.0,0.47,0.17,6,2001,0.0,146.96457765667574,539.36
2001-09-30,94.99000000000007,-108.40000000000003,-0.7143493595693339,0.0,10.349999999999994,2.1899999999999977,3.950000000000017,1.84,0.0,92.81,-42.089999999999996,37.65,1175.18,2942.47,4486.59,1119.85,12345.34,595.8,91.88,3665.61,9367.6,5077.05,14444.65,4011.68,-2099.32,-31.709999999999994,5.34,28.47,1.7600000000000016,-0.6460424354243541,-1.53,-6.88,2.84,-3.511379246333768,-1.1268609615741605,20.65576387599778,13.9046593651383,-4.708669018006313,209.11,81.47,0.0,0.48,0.16,9,2001,0.0,151.74647887323943,430.96
2001-12-31,-104.97000000000003,-128.19,-0.08467813852098953,0.0,-31.060000000000002,-188.14000000000001,-189.3,2.56,0.0,83.17000000000002,-94.5,38.77,1078.59,2961.24,4245.83,1122.18,12178.87,599.67,100.2,3841.85,9540.21,4866.16,14406.37,4011.68,-2227.51,-4.8700000000000045,-6.959999999999997,9.87,-1.1600000000000001,-7.5639357594196115,-2.01,-6.47,0.2,-4.216971298345279,0.6774251081679163,23.015518050004957,16.004168180467023,3.133091125276613,155.87,71.41,0.0,0.45,0.13,12,2001,0.0,1513.85,302.77
2002-03-31,143.5,-118.21,-0.73,0.0,14.67,2.79,6.12,3.95,0.0,140.71,-29.93,8.28,1060.32,2959.39,4204.79,1122.08,12174.48,597.86,106.97,3906.79,9740.25,4779.96,14520.2,4011.68,-2345.72,22.54,-3.82,-15.54,3.33,-1.3525,-2.94,-6.19,-0.73,-3.88,0.08,20.16,13.84,0.44,-107.22,-82.38,0.0,0.43,0.13,3,2002,0.0,161.93150684931507,-118.21
2002-06-30,135.06,36.55,2.2200342885133475,0.0,38.089999999999996,31.93,33.75,5.18,0.0,103.13,-18.200000000000003,7.59,1039.08,2938.46,4176.38,1122.57,12156.99,503.11,83.9,4553.66,10249.17,4113.13,14362.3,4115.54,-2205.31,13.689999999999998,-1.4499999999999997,-12.93,1.8200000000000003,0.5808919288645691,-4.2,-6.51,-4.96,1.1995346558902766,-0.5012980651481753,-6.624295860886604,-6.695909870193486,-3.25843742346314,-41.95,-29.32,0.0,0.41,0.12,6,2002,0.0,16.463709677419356,-81.66
2002-09-30,124.07999999999998,-58.75999999999999,-0.34732089445947867,0.0,21.509999999999998,-7.059999999999999,-1.1299999999999955,3.9,0.0,131.14000000000001,-30.919999999999995,5.69,1026.49,2925.4,4137.56,1117.16,12093.4,456.39,95.45,4629.46,10241.44,4028.21,14269.65,4201.44,-2176.25,31.000000000000007,44.06,-76.96000000000001,5.93,-2.80194775357386,-3.27,-6.56,-0.83,-1.941649337701182,0.3849821962683378,10.796239851872953,10.997100128186867,2.4940150975644495,-47.7,-34.87,0.0,0.4,0.12,9,2002,0.0,169.18072289156626,-140.42
2002-12-31,-1004.3199999999999,-1176.27,-6.5482832709293755,0.0,-871.8,-1064.67,-1061.02,5.44,0.0,60.339999999999975,-957.0,4.75,433.21,3147.24,3720.51,1111.96,11509.0,458.35,79.48,4639.48,10307.35,3969.09,14276.44,4201.44,-2767.45,13.829999999999998,-2.490000000000002,-12.279999999999987,3.6500000000000004,-0.20708481046018345,-3.59,-5.16,-7.33,-40.87986936940357,-31.30311675489295,170.02309305911035,188.3904469541046,-308.3857278478609,176.78,218.84,0.0,0.36,0.06,12,2002,0.0,179.63028649386086,-1316.69
2003-03-31,1255.91,549.17,2.43,0.0,5.95,-2040.48,-2029.11,4.26,0.0,3296.39,-55.7,5.64,320.24,1117.92,1560.97,798.81,6768.49,273.56,89.05,884.98,3292.14,2525.65,5817.8,4790.44,950.7,32.74,1.9,-33.74,11.37,0.44,9.34,6.12,2.43,32.44,-86.16,231.04,-314.92,-234.8,2424.59,43.73,0.0,0.47,0.13,3,2003,0.0,225.9958847736625,549.17
2003-06-30,-124.91000000000008,116.97000000000003,0.4916624133065122,0.0,31.890000000000004,-15.460000000000036,-648.28,5.84,30.08,-109.44999999999982,-31.22,6.45,338.44,1132.01,1615.57,793.44,6821.6,684.95,73.0,430.04,3170.8,2475.11,5645.91,4953.91,1125.84,103.22,-25.759999999999998,-76.66,-632.82,2.9613815508249974,11.16,5.01,2.8,6.8622025400066065,-15.220463566217317,41.559521421923336,-86.68710721469964,-39.55072927612815,426.82,58.9,0.0,0.51,0.15,6,2003,0.0,237.90714285714287,666.14
2003-09-30,1075.77,111.80000000000007,0.458444095945703,0.0,-284.56,103.79999999999995,750.3899999999999,19.83,-46.19,971.9699999999998,-340.10999999999996,5.42,555.44,1118.45,1697.19,778.82,6409.19,674.04,68.75,405.19,2946.1,2125.46,5071.56,8015.57,1337.63,141.42999999999998,119.92999999999999,-262.39,646.59,10.820185152057238,51.67,3.79,3.19,6.978697585932081,-12.129367303391016,33.43336504100575,-106.65220454019597,-32.40438080057589,86.46,35.25,0.0,0.58,0.2,9,2003,0.0,243.86833855799375,777.94
2003-12-31,666.25,119.30999999999995,0.4787027027027025,0.0,83.94,158.70000000000005,164.73000000000002,17.55,16.14,507.53999999999996,-10.590000000000032,123.17,537.04,900.3,1583.84,852.25,6427.86,538.0,92.96,266.57,2584.02,2186.9,4770.92,8315.57,1656.94,101.18,-29.33,45.900000000000034,6.030000000000001,9.174796747967484,38.3,2.88,3.6,7.425210810810808,-10.637837837837832,28.801945945945935,-85.94841081081078,-24.81807567567566,79.84,31.23,0.0,0.61,0.26,12,2003,0.0,249.23611111111111,897.25
2004-03-31,214.78,17.93,0.060000000000000005,0.0,47.13,32.02,37.18,8.99,0.47,182.76,-14.96,1491.27,617.49,922.84,4159.55,849.08,9007.16,551.42,83.87,326.28,2636.49,2124.86,4761.35,10029.53,4245.82,-100.15,-1102.26,2570.51,5.16,37.4425,9.23,1.12,0.06,0.8,1.64,1.68,2.76,2.0,10.75,8.35,0.0,1.58,1.23,3,2004,0.0,298.8333333333333,17.93
2004-06-30,297.93000000000006,30.380000000000003,0.0754626371351687,0.0,58.93999999999999,27.72,35.919999999999995,7.58,0.47,270.21000000000004,-21.269999999999996,479.81,86.02,1747.3,4696.75,861.25,9570.6,558.67,91.04,461.82,2783.1,2473.07,5256.17,4636.82,4314.3,-746.1700000000001,-892.21,626.9199999999996,8.2,25.117065503620804,3.54,1.22,0.12,1.2577106189194784,1.8362575036224384,2.817271786379632,4.477449803353344,2.213570689298282,11.63,9.42,0.0,1.69,1.06,6,2004,0.0,402.58333333333337,48.31
2004-09-30,214.8499999999999,19.659999999999997,0.046279240841547734,0.0,124.21000000000001,17.82,26.710000000000008,5.43,0.01,197.02999999999997,50.87,410.33,514.91,1848.95,4111.68,869.11,9392.74,555.34,72.88,533.4,2715.44,2343.22,5058.66,4636.82,4333.96,651.0300000000001,109.21000000000004,-829.7199999999998,8.89,29.326323753814858,2.53,1.17,0.16,0.8330263351478592,1.1338414006179196,1.8164602030307486,2.776754450492864,1.3420979844048841,10.06,9.34,0.0,1.51,0.83,9,2004,0.0,424.8125,67.97
2004-12-31,-217.48999999999995,-341.32000000000005,-0.7991395646606916,0.0,-317.57,-320.8,-306.27,4.06,2.75,103.30999999999995,-408.78999999999996,171.34,53.34,2159.53,3128.45,871.27,9240.34,24.58,78.04,1486.89,2636.95,2648.74,5285.68,4636.82,3954.53,-268.04999999999995,111.08999999999992,-82.0300000000002,14.530000000000001,-1.2713674118129612,2.07,1.34,-0.64,-14.784081946222793,-15.483329065300897,-34.512839948783615,-48.647620998719596,-18.380209987195904,-77.12,-53.59,0.0,1.19,0.37,12,2004,0.0,427.109375,-273.35
2005-03-31,198.31,-17.66,-0.04,0.0,60.86,-8.02,3.19,3.74,0.0,206.33,-30.73,235.6,46.26,2456.67,3176.4,884.55,9321.03,51.9,237.4,1344.79,2568.99,2815.04,5384.03,4636.82,3936.87,-113.09,241.43,-64.08,11.21,-23.4025,1.92,1.37,-0.04,-0.76,-0.36,-1.8,-1.72,-0.48,-9.76,-8.91,0.0,1.24,0.28,3,2005,0.0,441.5,-17.66
2005-06-30,179.42000000000002,-4.98,-0.010998233215547704,0.0,32.44,6.2299999999999995,13.74,3.41,0.0,173.18999999999997,-69.32,153.04,18.06,2621.05,3048.98,894.96,9450.58,63.42,129.2,1227.5,2510.74,3007.81,5518.56,4636.82,3931.89,-370.20000000000005,-82.1,369.74,7.509999999999998,-77.44425702811245,1.75,1.4,-0.05,-0.2111660777385159,-0.017597173144876327,-0.5103180212014135,-0.48392226148409906,-0.026395759717314487,-8.1,-5.99,0.0,1.21,0.17,6,2005,0.0,452.8,-22.64
2005-09-30,131.66999999999996,-41.32,-0.09044402751719825,0.0,34.7,-30.96,-21.189999999999998,3.46,0.0,162.64,-52.35000000000001,49.23,119.75,2760.05,3080.96,897.58,9503.63,108.14,213.51,1518.21,2730.71,2882.22,5612.93,4636.82,3890.57,-122.93,-18.360000000000014,37.47999999999996,9.77,-9.5738770571152,1.79,1.44,-0.14,-1.7313570981863666,-0.9044402751719823,-4.237948717948718,-4.031219512195122,-1.240375234521576,-16.41,-12.56,0.0,1.13,0.12,9,2005,0.0,456.85714285714283,-63.96
2005-12-31,279.78,-2347.55,-5.0134075745072595,0.0,92.6,-1378.99,-1366.33,3.33,17.57,1658.7600000000002,-52.53,25.98,60.58,2154.69,2371.51,894.19,5700.75,91.3,197.68,1189.01,2356.49,1800.73,4157.22,4640.16,1543.4,45.25999999999999,10.830000000000013,-79.34999999999997,12.66,-0.16692738173840813,4.36,2.69,-5.15,-164.71234205953945,-73.59487623936869,-608.4232493334051,-341.5736795617683,-164.36189026792343,-419.51,-305.57,0.0,1.01,0.09,12,2005,0.0,468.25436893203886,-2411.51
2006-03-31,443.65,66.81,0.14,0.0,130.44,71.28,81.98,2.9,0.0,372.36,44.13,19.49,20.85,2025.78,2402.92,888.79,5722.99,116.47,211.35,1347.23,2487.28,1625.36,4112.64,4640.16,1610.22,-26.27,1.59,18.2,10.7,5.1825,3.64,2.55,0.14,4.68,3.8,16.6,9.639999999999999,8.8,16.04,15.06,0.0,0.97,0.15,3,2006,0.0,477.21428571428567,66.81
2006-06-30,262.85,17.08,0.036647991417332215,0.0,84.00999999999999,21.75,31.0,2.06,0.0,241.11,-9.520000000000003,45.78,148.84,2016.3,2326.05,881.68,5569.98,41.17,195.97,1601.91,2721.17,1220.87,3942.04,4644.75,1627.82,229.77,20.16,-223.64999999999998,9.25,14.047154566744732,2.55,2.42,0.18,1.2297437120038144,1.009855763499821,4.194159017761354,2.4594874240076288,2.663087376326141,12.94,11.87,0.0,0.85,0.11,6,2006,0.0,466.0555555555556,83.89
2006-09-30,687.24,52.709999999999994,0.11190263543191799,0.0,106.44999999999999,55.53,66.64,1.7,0.0,631.71,4.549999999999997,28.39,301.75,2010.7,2450.27,876.64,5377.99,82.18,157.86,1620.86,2561.47,1135.86,3697.33,4644.75,1680.52,-353.36,335.23,0.7299999999999898,11.11,3.803082906469361,2.05,2.2,0.29,3.920450951683748,3.08696925329429,12.548530014641289,7.56307467057101,8.134163982430453,10.73,9.8,0.0,0.96,0.17,9,2006,0.0,471.0344827586207,136.6
2006-12-31,228.33999999999992,23.590000000000003,0.05006929271490106,0.0,12.210000000000036,28.810000000000002,43.859999999999985,1.46,10.25,199.52999999999997,-145.5,467.64,10.58,2129.68,2695.95,872.02,5625.65,58.42,102.32,1594.75,2346.29,1049.42,3395.71,4644.75,2229.81,154.06,-99.68,384.89,15.05,7.282906952098346,1.32,1.52,0.34,1.6787939322055063,1.8437280729134156,4.229382608152819,5.001038766464824,3.1867632186778208,12.17,9.88,0.0,1.15,0.24,12,2006,0.0,471.1470588235294,160.19
2007-03-31,155.48,-83.51,-0.1,0.0,60.65,-77.65,-67.23,1.03,0.0,233.12,-79.28,13.67,31.07,2121.85,2462.41,867.69,5398.14,23.58,97.56,1686.63,2352.83,898.88,3251.71,2020.02,2146.3,-156.64,-207.01,-31.67,10.42,-2.575,0.42,1.52,-0.1,-6.2,-5.6,-15.56,-17.8,-10.2,-56.1,-53.71,0.0,1.05,0.14,3,2007,0.0,835.1,-83.51
2007-06-30,83.79000000000002,-104.33999999999999,-0.1277519297311685,0.0,-19.25,-94.98999999999998,-85.96999999999998,1.1,4.97,178.79000000000002,-131.38,24.07,15.93,2126.19,2410.26,858.56,5282.24,14.09,100.55,2167.97,2795.54,444.62,3240.16,2020.02,2041.96,-67.42000000000002,62.26999999999998,-43.099999999999994,9.020000000000001,-2.1514352118075526,0.47,1.59,-0.23,-7.909510779877562,-7.0652371573063615,-20.440308756986955,-22.750952355602873,-15.419102475379292,-95.71,-78.51,0.0,0.86,0.1,6,2007,0.0,816.7391304347825,-187.85
2007-09-30,168.83,-38.81,-0.04794317479925881,0.0,23.330000000000005,14.309999999999974,23.72999999999999,1.15,0.0,154.50999999999993,-69.70000000000002,50.95,10.25,2299.44,2488.18,852.97,5364.09,0.0,60.02,2260.31,2856.59,503.63,3360.22,2021.4,2003.74,-72.92000000000002,88.16000000000001,11.629999999999995,9.419999999999998,-6.000854161298634,0.5,1.68,-0.28,-2.897137562869497,-2.0204623665401926,-7.746247242565959,-8.424300714726904,-4.321734756904615,-79.67,-55.54,0.0,0.87,0.07,9,2007,0.0,809.4999999999999,-226.66
2007-12-31,430.14,-429.6,-0.5171486910675648,0.0,28.739999999999995,-411.9,-399.28,0.84,0.02,842.0500000000001,-62.47999999999996,22.69,5.32,2468.11,2770.31,847.16,5023.6,0.0,60.17,2253.09,2889.75,559.57,3449.32,2021.4,1574.15,-34.379999999999995,171.44,-165.31,12.619999999999997,-0.4048158752327747,0.47,2.19,-0.79,-34.19727547008808,-28.043860664980347,-109.1641971169963,-90.33736628775182,-69.96563557126748,-95.19,-78.29,0.0,0.96,0.1,12,2007,0.0,830.7088607594936,-656.26
2008-03-31,505.41,-28.01,-0.03,0.0,76.56,-16.16,-3.24,0.81,0.0,521.58,-24.02,27.66,4.97,2155.59,2372.44,841.6,4624.14,0.0,73.35,1973.38,2512.15,565.73,3077.88,2021.4,1546.14,97.39,85.91,-178.33,12.92,-6.750000000000001,0.46,1.99,-0.03,-2.44,-1.28,-7.239999999999999,-6.08,-3.08,-6.01,-5.54,0.0,0.94,0.09,3,2008,0.0,933.6666666666667,-28.01
2008-06-30,479.84999999999997,66.93,0.06878725590955807,0.0,33.28,76.36,86.39,0.53,0.0,403.4799999999999,-163.45999999999998,27.09,3.63,2066.4,2276.75,837.46,4493.41,0.0,74.81,1873.14,2367.46,512.76,2880.22,2021.4,1613.06,-227.31,106.72,120.01000000000002,10.03,1.9262288958613476,0.29,1.79,0.04,5.984491264131552,8.460832476875643,16.577728674203495,14.651685508735868,19.466793422404933,5.51,3.95,0.0,0.96,0.09,6,2008,0.0,973.0,38.92
2008-09-30,197.28999999999996,-22.080000000000002,-0.026223277909738718,0.0,38.31999999999999,-13.650000000000006,-4.040000000000006,0.33,4.07,210.94000000000005,-18.700000000000017,21.96,0.75,2009.57,2112.6,833.89,4325.8,0.0,71.85,1741.48,2235.51,499.16,2734.68,2021.4,1590.99,123.17999999999999,13.140000000000015,-141.45000000000002,9.610000000000003,-3.1460597826086953,0.18,1.72,0.02,-2.04541567695962,-5.034869358669834,-5.559334916864609,-4.929976247030879,-11.695581947743468,1.93,1.42,0.0,0.95,0.05,9,2008,0.0,842.0,16.84
2008-12-31,227.09000000000015,-381.71999999999997,-0.43938390703793023,0.0,44.20000000000002,-373.21000000000004,-366.32,0.25,4.99,600.3,-13.669999999999987,21.67,85.59,1948.89,2069.81,533.12,3952.14,0.0,65.27,1814.01,2304.38,438.36,2742.75,2021.4,1209.26,-2.4000000000000004,-5.060000000000002,7.180000000000007,6.890000000000001,-0.14338258409305252,0.18,2.27,-0.42,-38.6239377329533,-30.463950887963165,-126.24964262223197,-109.72043850032887,-82.93894321420741,-33.32,-25.88,0.0,0.9,0.05,12,2008,0.0,868.7619047619048,-364.88
2009-03-31,250.08,-10.26,-0.01,0.0,41.76,2.15,3.68,0.23,0.9,247.93,-0.74,37.84,11.27,1799.54,1941.57,531.34,3825.23,0.0,67.47,1826.33,2286.62,339.48,2626.09,2021.4,1199.01,126.08,-16.38,-93.54,1.53,-5.75,0.17,2.19,-0.01,-1.08,0.2,-3.44,-2.9999999999999996,0.56,-4.27,-4.1,0.0,0.85,0.06,3,2009,0.0,1026.0,-10.26
2009-06-30,94.55999999999997,-61.88,-0.06862212364846133,0.0,18.760000000000005,-50.58,-46.58,0.6,1.35,145.14,-23.07,42.2,9.19,1766.82,1852.56,527.5,3712.13,0.0,31.11,1938.66,2391.21,183.67,2574.88,2021.4,1137.12,50.530000000000015,4.059999999999999,-50.219999999999985,4.0,-2.185883968972204,0.46,2.26,-0.08,-6.656345993900749,-4.048705295259218,-21.75321319656224,-18.013307457721098,-12.592159689492654,-22.18,-20.93,0.0,0.77,0.04,6,2009,0.0,901.75,-72.14
2009-09-30,103.52000000000004,-26.929999999999993,-0.029901080044413032,0.0,29.57999999999999,-18.1,-5.130000000000003,0.6,1.38,121.62000000000006,-12.669999999999998,24.05,5.02,1717.46,1768.74,525.7,3625.67,0.0,28.58,1934.57,2349.78,165.57,2515.35,2021.4,1110.19,-0.17000000000001592,-5.009999999999998,-12.980000000000018,12.969999999999999,-5.012360750092835,0.47,2.27,-0.11,-2.968361764409003,-1.8158110426970822,-9.698823054405974,-7.980870091854243,-5.664895528414251,-23.1,-22.11,0.0,0.75,0.02,9,2009,0.0,900.6363636363636,-99.07
2009-12-31,183.69,-412.07,-0.46758344093594706,0.0,34.59,-395.08000000000004,-386.55999999999995,0.58,1.36,578.77,-13.800000000000004,15.05,7.68,1571.75,1610.77,53.33,2318.17,0.0,35.7,1200.51,1595.72,24.19,1619.91,2021.4,698.12,35.28999999999999,4.539999999999999,-48.829999999999984,8.52,-0.3101050792341107,0.73,2.32,-0.58,-71.10493015612163,-47.467781038463045,-236.11351410572448,-172.84463747701218,-206.05918535039322,-87.05,-80.9,0.0,1.01,0.02,12,2009,0.0,881.2758620689656,-511.14
2010-03-31,258.0,-40.27,-0.05,0.0,63.79,-19.89,-15.81,0.48,0.02,277.89,6.89,27.6,5.65,1427.65,1497.97,51.31,2189.27,0.0,26.56,1110.77,1527.88,3.42,1531.29,2021.4,657.85,118.39,-5.08,-100.55,4.08,-2.4,0.64,2.33,-0.05,-7.36,-2.64,-24.479999999999997,-17.36,-12.04,-16.03,-15.61,0.0,0.98,0.05,3,2010,0.0,805.4,-40.27
2010-06-30,186.68,-7.729999999999997,-0.00805208333333333,0.0,53.02,9.41,5.870000000000001,0.39,0.02,177.26,5.070000000000001,30.37,10.57,1312.46,1381.14,49.8,2076.09,0.0,25.85,823.98,1224.47,201.37,1425.84,2021.4,650.12,81.91000000000001,-3.9399999999999995,-75.17999999999999,-3.54,-12.108667529107379,0.53,2.19,-0.05,-1.4880249999999995,-0.23189999999999988,-4.753949999999998,-3.459174999999999,-0.7923249999999996,-11.59,-10.79,0.0,1.13,0.06,6,2010,0.0,960.0,-48.0
2010-09-30,66.65999999999997,-50.39,-0.056336009757089134,0.0,-7.150000000000006,-23.95,-23.35,0.61,0.02,90.63,-43.17,21.29,0.26,1204.4,1255.55,49.95,1942.48,0.0,23.68,707.28,1137.64,204.98,1342.62,2021.4,599.74,-2.630000000000024,5.76,-12.219999999999999,0.5999999999999999,-2.709190811668982,0.89,2.24,-0.11,-10.386311617034252,-2.5402418945014738,-33.61723345868482,-23.579180811058034,-8.767931700376055,-21.27,-19.24,0.0,1.1,0.04,9,2010,0.0,894.4545454545455,-98.39
2010-12-31,283.87000000000006,128.27,0.12878514056224902,0.0,25.159999999999997,155.02,163.81,0.54,0.02,128.84000000000003,-19.229999999999997,8.37,0.2,1027.41,1062.54,59.94,1788.77,0.0,21.02,536.99,847.37,213.27,1060.64,2021.4,728.0,9.090000000000003,1.4499999999999997,-23.450000000000017,8.79,1.048257581663678,0.65,1.46,0.03,28.67615796519411,100.79583668005355,70.40254350736278,71.94796519410978,219.96502008032132,5.41,3.76,0.0,1.25,0.04,12,2010,0.0,996.0,29.88
2011-03-31,50.19,-49.0,-0.06,0.0,8.69,-29.5,-27.51,0.58,0.03,79.69,-28.95,8.85,3.53,1017.05,1046.44,59.23,2107.28,0.0,19.28,539.15,877.18,551.04,1428.22,2021.4,678.94,-18.24,-0.41,19.12,1.99,-2.4175,0.75,2.1,-0.06,-9.32,-5.48,-28.88,-29.319999999999997,-9.6,-109.57,-97.63,0.0,1.19,0.03,3,2011,0.0,816.6666666666667,-49.0
2011-06-30,57.83,-132.18,-0.1532056518379512,0.0,9.230000000000002,-102.41,-96.11,0.57,0.03,160.24,-27.56,10.37,0.63,1013.2,1040.05,58.66,2029.17,0.0,27.91,841.34,1207.15,275.14,1482.29,2021.4,546.75,-4.370000000000001,-1.8800000000000001,7.779999999999998,6.299999999999999,-0.9286537297624451,0.92,2.71,-0.21,-26.05955182691246,-18.764044596533832,-96.70924384589911,-88.36318357434597,-46.8371564190308,-179.17,-167.73,0.0,0.86,0.02,6,2011,0.0,862.7619047619048,-181.18
2011-09-30,43.83,-58.650000000000006,-0.06602801984739191,0.0,6.59,-36.59,-32.46000000000001,0.43,0.03,80.42000000000002,-33.51,5.81,0.06,1033.4,1049.46,57.37,2048.06,0.0,34.22,860.21,1269.18,290.64,1559.82,2021.4,488.11,-43.959999999999994,-6.55,45.949999999999996,4.130000000000001,-1.6254462915601025,0.77,3.2,-0.27,-11.454638702414211,-8.255947963140558,-48.05861652003503,-43.12852437142977,-21.158312137764252,-168.35,-157.94,0.0,0.83,0.01,9,2011,0.0,888.2592592592592,-239.83
2011-12-31,403.41999999999996,326.09000000000003,0.37803153257593325,0.0,-6.430000000000003,345.72,346.89,0.36,0.03,57.69999999999999,-43.83,20.77,0.3,1126.69,1162.93,56.61,1998.0,0.0,20.65,523.12,937.09,246.58,1183.67,2021.4,814.2,-48.150000000000006,99.0,-35.88999999999999,1.17,0.238075377963139,0.39,1.45,0.1,65.32384882912126,141.5350057964294,160.13415719916532,169.2069139809877,252.52506376072338,57.24,15.53,0.0,1.24,0.04,12,2011,0.0,862.6,86.26
2012-03-31,20.65,-64.34,-0.07,0.0,3.67,-32.39,-28.89,0.42,0.26,53.04,-25.28,10.21,1.31,1182.32,1203.75,55.85,2037.42,0.0,30.52,537.7,986.01,301.42,1287.43,2021.4,749.86,-63.15,-0.68,53.28,3.5,-1.5,0.49,1.72,-0.07,-12.64,-6.24,-34.32,-36.04,-12.32,-332.51,-311.57,0.0,1.22,0.02,3,2012,0.0,919.1428571428571,-64.34
2012-06-30,128.32,-8.789999999999992,-0.01322166005743196,0.0,32.69,-10.21,-6.359999999999999,0.36,0.51,138.54000000000002,-10.589999999999996,588.75,1.11,1272.6,1879.47,56.49,2587.83,0.0,39.78,376.74,650.6,288.48,939.08,22235.36,1648.63,36.42,-14.950000000000001,557.0500000000001,3.8499999999999996,-6.801339590443692,0.49,0.57,-0.11,-1.3606290168193618,-0.8894571311363318,-2.1346971147271963,-3.2020456720907946,-1.0577328045945569,-51.81,-49.09,-0.5,2.89,0.93,6,2012,0.0,664.8181818181818,-73.13
2012-09-30,215.97,22.309999999999995,0.0439000393545848,0.0,55.69,35.31,40.62,0.37,0.77,180.65,8.779999999999998,137.5,4.64,1314.44,1869.78,50.18,2734.1,0.0,38.22,237.38,591.71,304.57,896.28,30535.36,1837.68,-1.8599999999999994,-582.43,133.04999999999995,5.3100000000000005,2.1070596145226363,0.61,0.49,-0.1,3.2661629279811093,0.5268004722550176,4.864124360487995,7.673726879181424,0.5970405352223533,-15.97,-13.93,-0.08,3.16,0.94,9,2012,0.0,508.2,-50.82
2012-12-31,73.70999999999998,-38.63999999999999,-0.08206572769953051,0.0,22.25,-2.63,2.37,0.41,1.03,76.33999999999997,-19.849999999999998,39.38,5.7,1529.08,2256.6,49.9,3067.1,0.0,44.62,510.42,749.36,103.71,853.07,42235.36,2213.89,-169.0,-263.20000000000005,334.07000000000005,5.0,-1.250217391304348,0.78,0.39,-0.19,-5.04488262910798,-0.6738028169014084,-6.979906103286384,-10.210704225352114,-0.7429107981220656,-24.22,-20.39,-0.1,3.01,0.97,12,2012,0.0,470.84210526315786,-89.46
2013-03-31,333.5,111.33,0.05,0.0,103.75,126.71,132.59,0.62,0.24,206.79,49.43,108.12,10.4,2400.75,2863.91,182.65,3808.78,0.0,49.96,743.38,1273.15,141.87,1415.02,42235.36,2393.61,22.7,171.04,-125.0,5.88,3.1,0.55,0.59,0.05,11.68,17.32,18.6,28.320000000000004,20.0,46.12,33.38,0.0,2.25,0.36,3,2013,0.0,2226.6,111.33
2013-06-30,260.52,29.269999999999996,0.008327169274537695,0.0,54.58000000000001,44.57000000000001,51.94999999999999,0.48,0.48,215.95000000000002,-9.600000000000001,43.02,12.61,2238.89,4016.93,230.86,5340.54,0.0,36.07,632.76,866.12,10.52,876.65,126706.1,4463.74,-103.55,-1616.56,1655.01,7.38,14.410659378202938,0.68,0.2,0.04,2.1900455192034136,3.5973371266002845,2.6230583214793737,3.830497866287339,3.1893058321479373,31.92,23.67,0.0,4.64,2.05,6,2013,0.0,3515.0,140.6
2013-09-30,311.58000000000004,33.620000000000005,0.007718976007347033,0.0,64.26999999999998,42.21000000000001,53.900000000000006,0.43,0.71,269.36,-21.29,165.12,15.54,2541.14,3050.06,478.57,5275.85,0.0,30.58,416.86,678.07,63.15,741.22,126706.1,4497.37,-15.580000000000013,519.26,-381.45000000000005,11.69,13.926717727543128,0.61,0.16,0.04,2.547262082424521,4.114214211915969,2.987243714843302,4.245436804040868,3.5816048674090233,25.71,19.24,0.0,4.5,0.75,9,2013,0.0,4355.5,174.22
2013-12-31,329.7900000000001,-0.9199999999999875,-0.00015926139642238676,0.0,63.099999999999994,1.1399999999999864,4.930000000000007,0.33,0.94,328.65999999999997,-93.43,349.44,43.02,2536.72,3045.29,507.81,5323.19,0.0,50.36,227.4,729.94,59.87,789.81,126706.1,4496.44,177.67000000000002,109.39999999999998,-102.75999999999999,3.789999999999999,-518.0163043478332,0.46,0.18,0.03,-0.06922562031159744,-0.10872244662434935,-0.0817541834968252,-0.10978418926716527,-0.09916676283900615,18.65,14.03,0.0,4.17,0.7,12,2013,0.0,5776.666666666667,173.3
2014-03-31,747.38,7.8,0.0,0.0,81.39,-0.63,14.82,0.32,0.22,748.01,-21.85,122.57,32.53,2468.9,3354.97,534.01,5245.09,0.0,48.43,189.02,475.36,85.95,561.31,142706.1,4683.78,254.74,-609.65,128.04,15.45,0.0,0.49,0.12,0.0,0.6,-0.04,0.68,0.88,-0.04,1.08,1.04,0.0,7.06,1.86,3,2014,0.0,inf,7.8
2014-06-30,347.9699999999999,-24.26,0.0,-0.0,53.52999999999999,-28.040000000000003,-10.870000000000001,0.35,0.45,376.01,-46.910000000000004,74.38,23.57,2383.97,3237.47,556.56,5153.01,0.0,29.16,131.26,414.98,78.5,493.49,142706.1,4659.53,35.99000000000001,-19.170000000000073,-65.01999999999998,17.169999999999998,0.0,0.54,0.11,0.0,-1.8865613608748482,-3.2425273390036455,-2.063426488456865,-2.122381530984204,-3.596257594167679,-1.56,-1.5,0.0,7.8,2.06,6,2014,0.0,-inf,-16.46
2014-09-30,337.6100000000001,-134.22,-0.01781523758959384,0.0,-26.439999999999984,-140.89,-124.73,0.46,0.65,478.5,-149.68,45.71,265.03,2528.09,3744.63,548.56,5654.49,0.0,28.63,31.48,325.15,171.94,497.08,183479.27,5157.41,-715.6700000000001,64.85000000000002,622.16,16.160000000000004,-6.455148264044108,0.82,0.1,-0.02,-9.477706397663924,-11.045447305548182,-10.404098752322803,-11.116708255906556,-11.330491106981684,-10.89,-10.52,0.0,11.52,3.74,9,2014,0.0,7534.0,-150.68
2014-12-31,335.29999999999995,-134.93,-0.018897097440565808,0.0,-71.22,-133.32,-115.85999999999999,0.43,0.86,468.6199999999999,-227.92000000000002,955.95,31.02,3387.81,5446.4,606.74,7009.8,0.0,76.68,34.47,416.23,376.05,792.28,253479.27,6217.51,112.0,-393.55999999999995,1191.8000000000002,17.459999999999994,-5.688704328170163,0.88,0.13,-0.04,-7.691118658310284,-9.278474843317811,-8.673767725219705,-10.072152935821576,-8.673767725219705,-17.59,-16.15,0.0,13.09,4.95,12,2014,0.0,7140.25,-285.61
2015-03-31,496.14,37.29,0.0,0.0,118.24,47.44,67.61,0.37,0.2,448.7,15.85,164.28,19.26,3273.12,5382.2,664.03,7036.88,0.0,87.08,201.89,560.24,221.84,782.07,6336.98,6254.8,111.18,-560.51,13.42,20.17,0.0,0.02,0.13,0.0,2.12,3.08,2.4,2.72,2.92,8.03,7.52,0.0,9.61,3.76,3,2015,0.0,inf,37.29
2015-06-30,532.9699999999999,22.28,0.0,0.0,121.96,26.35000000000001,30.739999999999995,0.37,0.41,506.62000000000006,-5.789999999999999,306.8,13.29,3205.92,5405.31,689.57,7087.24,0.0,100.36,190.05,593.17,216.98,810.15,6336.98,6277.09,23.079999999999984,131.05,-25.880000000000003,4.389999999999997,0.0,0.02,0.13,0.0,1.2566862514688601,1.8102266241396676,1.42125230820883,1.6307000167869736,1.7055027698505958,6.17,5.79,7.31,9.11,3.71,6,2015,0.0,inf,59.57
2015-09-30,371.5,-1620.8999999999999,-0.12457840430914667,0.0,-5.099999999999994,-1616.19,-1602.83,0.27,14.33,1987.69,-144.62,922.86,15.95,3163.71,4854.02,918.1,6598.31,0.0,132.3,320.47,1930.34,73.26,2003.6,6336.99,4594.71,-452.46999999999997,1085.9,-17.38,13.360000000000003,-0.5418274569683509,0.02,0.44,-0.12,-98.25083486514703,-104.56280735014379,-141.10580594749348,-132.96668353262925,-137.2023492791402,-118.4,-111.48,-107.94,2.51,0.88,9,2015,0.0,13011.083333333334,-1561.33
2015-12-31,146.01,-655.48,-0.05026664441246657,0.0,17.99000000000001,-662.2399999999998,-646.9899999999998,0.22,13.71,808.25,-176.82,74.66,14.52,3403.88,4341.69,909.25,6219.67,0.0,103.05,205.26,2223.05,57.39,2280.44,6336.98,3939.23,-270.46999999999997,-452.94000000000005,-124.78,15.25,-1.0906835067431502,0.02,0.58,-0.17,-42.15301663200726,-39.420876665117895,-66.56486464784984,-51.626800673039185,-65.24019072450955,-153.12,-143.33,-95.44,1.95,0.42,12,2015,0.0,13040.05882352941,-2216.81
2016-03-31,248.72,-95.47,-0.01,0.0,40.96,-95.38,-81.7,0.22,0.0,344.1,-57.02,160.52,15.38,3455.53,4266.91,954.88,6153.18,0.0,89.84,202.61,2212.8,96.62,2309.41,6336.98,3843.76,-180.29,200.62,65.52,13.68,-5.500000000000001,0.02,0.6,-0.01,-6.199999999999999,-5.8,-9.92,-7.56,-9.68,-40.64,-38.38,0.0,1.93,0.37,3,2016,0.0,9547.0,-95.47
2016-06-30,636.78,-16.870000000000005,-0.001501691294285206,0.0,88.57,-16.75,-3.039999999999992,0.22,0.0,653.54,-55.48,73.37,15.57,3159.35,4118.03,1003.44,6073.07,0.0,73.5,196.73,2149.98,95.78,2245.76,6337.34,3827.31,367.29999999999995,-448.02,-6.429999999999993,13.71,-36.62537048014225,0.02,0.59,-0.01,-1.1112515577710524,-1.02115008011394,-1.7659889620794023,-1.333501869325263,-1.7179348406622756,-13.51,-12.69,0.0,1.92,0.45,6,2016,0.0,11234.0,-112.34
2016-09-30,242.99,-76.18,-0.00404095056227456,0.0,28.28,-76.07,-69.07000000000001,0.22,0.0,319.05000000000007,-76.63,90.15,17.01,3219.74,3995.88,1038.98,5973.68,0.0,62.99,170.74,2127.06,95.5,2222.55,6337.34,3751.13,-66.55999999999999,109.70000000000002,-26.360000000000007,7.0,-13.610658965607772,0.02,0.59,-0.01,-5.107761510715044,-4.832976872480374,-8.130392531296415,-7.306038616592403,-7.9040992998090385,-17.76,-16.71,0.0,1.88,0.36,9,2016,0.0,18852.0,-188.52
2016-12-31,130.3499999999999,-3555.9900000000002,-0.28489628816587487,0.0,-459.66,-3559.51,-3538.2000000000003,0.22,30.68,3689.86,-551.48,78.14,19.67,2978.88,3458.84,1075.17,5337.13,0.0,49.4,150.48,5048.23,96.87,5145.11,6337.34,192.03,-48.11,90.16,-54.05,21.310000000000002,-0.19217519593699642,0.36,26.79,-0.3,-266.51098103623707,-246.37831000584853,-7407.151547625725,-688.6133215827972,-4927.680158632237,-317.88,-297.46,-1493.11,0.69,0.1,12,2016,0.0,12481.7,-3744.51
2017-03-31,0.0,,,,0.0,0.0,19.64,0.22,,0.0,0.0,94.32,20.38,3000.45,3343.96,1095.52,5239.34,0.0,41.26,170.71,5054.59,54.68,5109.28,6337.34,130.07,-61.02,101.58,-24.38,19.64,,0.54,39.28,,,,,,,,,0.0,0.66,0.07,3,2017,0.0,,
2017-06-30,185.94,,,0.0,7.82,-117.25,-97.44,0.22,0.0,303.19,-151.08,100.19,22.22,2987.88,3263.12,1103.97,5164.57,0.0,48.24,148.15,5035.16,53.99,5089.16,6337.34,75.41,-29.479999999999997,61.86,-26.51,19.810000000000002,,0.92,67.49,-0.01,,,,,,-77.76,-62.72,-17.66,0.65,0.05,6,2017,0.0,11662.0,-116.62
2017-09-30,299.23,-62.69,-0.0034961798003457696,0.0,50.95,-62.46000000000001,-39.69,0.22,0.0,361.68,-114.78,1967.96,21.45,2848.42,5143.57,1094.86,7025.92,0.0,47.02,98.04,3327.78,53.42,3381.2,42657.34,3644.72,-1573.56,-143.5,3584.8399999999997,22.769999999999996,-15.731456372627214,0.13,0.93,-0.01,-3.5661033963526845,-3.85978249958173,-6.880481847080475,-6.782588812670793,-6.796573531872177,-45.24,-36.96,0.0,1.55,0.69,9,2017,0.0,17931.0,-179.31
