,revenue,net_profit,eps,dps,gross_profit,ebit,ebitda,close_price,allowance_doubtful_accounts,expense,operating_profit,cash,account_receivable,inventory,current_asset,property_plant_equipment,total_asset,short_term_loan,account_payable,current_portion_long_term_debt,current_liability,non_current_liability,total_liability,paid_in_capital,total_equity,cash_flow_operation,cash_flow_investment,cash_flow_financing,depreciation,P/E,P/BV,D/E,EPS,DPS,DPR%,ROA%,ROAA%,ROE%,ROAE%,ROCE%,NPM%,NPMA%,CurrentRatio,QuickRatio,month,year,dividend,number_of_shares,return_old
2000-03-31,898.66,80.81,8.08,0.0,164.74,123.97,140.63,1.24,0.0,774.68,116.25,242.24,150.54,494.28,1011.88,581.73,1595.19,729.87,36.02,0.0,863.51,0.62,864.13,100.0,731.06,161.36,-18.91,-185.88,16.66,0.0375,0.17,1.18,8.08,0.0,0.0,20.28,0.0,44.2,0.0,67.76,9.41,8.99,1.17,0.6,3,2000,0.0,10.001237623762377,80.81
2000-06-30,891.89,4.0,0.3999528357505011,0.0,95.88,29.680000000000007,46.69,2.05,0.0,862.2200000000001,46.22999999999999,137.23,147.13,523.49,898.15,576.26,1476.54,617.6,64.84,0.0,740.87,0.62,741.48,100.0,735.06,30.129999999999995,-10.55,-121.79000000000002,17.01,1.27215,0.28,1.01,8.48,0.0,0.0,1.0828911684942812,0.0,2.1771017568682938,0.0,3.9410446881264,4.84,4.74,1.21,0.51,6,2000,0.0,10.00117924528302,84.81
2000-09-30,948.0400000000002,8.909999999999997,0.8908098591549292,0.0,51.620000000000005,24.909999999999997,40.670000000000016,1.75,0.0,923.1300000000001,0.960000000000008,73.57,193.34,695.17,1028.34,582.2,1620.44,769.53,65.86,0.0,875.86,0.62,876.47,100.0,743.96,-185.70000000000002,-28.310000000000002,154.35000000000002,15.759999999999998,0.4996296296296298,0.24,1.18,9.37,0.0,0.0,2.1980281690140835,0.0,4.791549295774646,0.0,9.119154929577462,3.53,3.42,1.17,0.38,9,2000,0.0,10.00213447171825,93.72
2000-12-31,1253.4699999999998,13.060000000000002,1.3062446150964602,0.0,102.31,35.78,46.96999999999997,2.13,0.0,1217.6899999999996,-19.00999999999999,64.99,289.39,674.87,1097.52,574.7,1681.23,296.62,63.56,88.56,560.21,413.98,974.2,100.0,707.03,-49.58,-6.369999999999997,47.36999999999999,11.189999999999998,0.4088055130168453,0.3,1.38,10.68,0.0,0.0,3.1066117250421432,0.0,7.38737591309234,0.0,9.354081288630832,2.73,2.67,1.96,0.75,12,2000,0.0,9.99812734082397,106.78
2001-03-31,860.81,14.06,1.41,5.0,41.8,34.62,48.08,1.81,0.0,826.19,-6.01,65.98,188.11,697.42,1035.55,571.88,1616.43,278.52,80.28,89.3,494.58,400.77,895.34,100.0,721.09,86.73,-10.25,-75.49,13.46,0.32249999999999995,0.25,1.24,1.41,5.0,3.55,3.48,8.64,7.8,7.76,12.36,1.71,1.63,2.09,0.68,3,2001,49.858156028368796,9.97163120567376,14.06
2001-06-30,1171.28,53.14,5.314,0.014184397163120366,121.89999999999999,69.74000000000001,83.30999999999999,2.7,0.0,1101.54,41.78,88.84,215.39,700.23,1130.44,576.94,1716.61,331.82,89.39,89.27,558.17,384.21,942.38,100.0,774.23,8.659999999999997,-18.62,32.83,13.57,0.1264584117425668,0.35,1.22,6.72,5.0,0.74,12.367702380952382,20.686642857142857,27.455666666666662,28.15154761904762,28.499488095238096,3.42,3.31,2.03,0.77,6,2001,0.14184397163120366,10.0,67.2
2001-09-30,1237.3100000000002,32.7,1.6333633633633635,2.502502502502503,123.10000000000002,56.250000000000014,69.41000000000003,3.03,0.0,1181.06,54.51,105.12,303.4,683.26,1141.87,579.18,1730.42,313.49,106.03,88.49,558.95,364.53,923.48,100.0,806.94,75.19000000000001,-15.120000000000001,-43.540000000000006,13.159999999999997,0.465894495412844,0.37,1.14,4.99,5.0,1.0,7.554714714714715,12.556276276276277,16.20924924924925,16.863903903903907,17.950630630630634,3.12,3.06,2.04,0.82,9,2001,50.10020040080161,20.02004008016032,99.9
2001-12-31,1189.02,52.31999999999999,2.6156562869530937,-0.004352417882671464,157.26,72.47,85.83999999999997,3.95,0.0,1116.5500000000002,62.66,98.02,285.7,620.74,1061.73,577.18,1648.15,243.1,0.0,88.1,463.88,325.02,788.9,100.0,859.25,105.00999999999996,-11.509999999999998,-101.42999999999999,13.370000000000005,0.3782224770642202,0.46,0.92,7.61,5.0,0.66,12.703634213638153,19.247930626724475,24.36238076468269,26.727126527394557,27.05709105242412,3.48,3.41,2.29,0.95,12,2001,-0.08705979633380423,20.00262812089356,152.22
2002-03-31,868.84,16.33,0.16,0.0,78.96,29.76,42.83,6.9,0.0,839.08,23.38,118.86,196.1,640.41,1022.69,574.31,1606.21,165.0,108.01,87.17,425.12,305.51,730.63,100.0,875.58,124.87,-10.07,-94.04,13.07,10.7825,0.79,0.83,0.16,0.0,0.0,4.08,7.4,7.48,8.2,10.08,1.92,1.88,2.41,0.9,3,2002,0.0,102.06249999999999,16.33
2002-06-30,1078.19,38.36,0.37876028524410316,0.9,102.76,44.849999999999994,58.120000000000005,3.03,0.0,1033.3400000000001,38.14,155.95,199.09,674.56,1083.8,575.7,1671.92,243.98,138.9,107.82,540.09,302.13,842.22,100.0,829.7,29.819999999999993,-13.329999999999998,21.570000000000007,13.27,1.9959854014598537,0.36,1.02,0.54,0.9,1.67,9.174415798134943,12.344779667215215,18.48911318339733,19.13440848418358,18.48911318339733,2.86,2.81,2.01,0.76,6,2002,91.14999999999999,101.27777777777777,54.69
2002-09-30,1023.6200000000001,5.830000000000005,0.05779907468605425,-0.0036682088565761013,100.30999999999997,15.040000000000006,29.33,3.03,0.0,1008.5799999999999,30.240000000000002,78.82,265.55,658.22,1053.26,556.99,1619.39,296.65,92.24,85.08,522.7,283.19,805.89,100.0,813.5,-54.58,-18.11,-6.560000000000002,14.290000000000003,13.079794168096043,0.37,0.99,0.6,0.9,1.5,1.4411235955056192,2.061500330469268,2.866834104428291,2.8783939193655015,3.148122934567088,2.07,2.04,2.02,0.76,9,2002,-0.3699999999999761,100.86666666666667,60.52
2002-12-31,1029.9099999999999,29.779999999999994,0.29681063122923584,-0.0047840531561463605,90.94000000000005,37.58,51.78999999999999,2.95,0.0,992.3299999999999,24.08999999999999,92.07,266.62,632.19,1041.01,552.23,1602.44,238.94,88.06,86.07,472.56,286.39,758.94,100.04,843.49,49.22000000000001,-9.480000000000004,-25.25,14.21,2.4864338482202823,0.35,0.9,0.9,0.9,1.0,7.4400531561461785,10.329009966777408,14.128186046511628,13.996270210409742,14.85372314507198,2.29,2.26,2.2,0.87,12,2002,-0.4800000000000182,100.33333333333333,90.3
2003-03-31,897.38,30.2,0.3,0.0,88.37,44.47,58.34,3.75,0.0,852.91,31.26,155.77,266.83,659.36,1160.44,555.77,1730.62,165.84,83.67,94.11,392.95,463.94,856.88,100.05,873.74,-26.64,-22.71,112.57,13.87,3.125,0.43,0.98,0.3,0.0,0.0,7.0,10.68,13.84,13.8,13.28,3.43,3.37,2.95,1.28,3,2003,0.0,100.66666666666667,30.2
2003-06-30,1190.7399999999998,36.769999999999996,0.3678647155442736,0.87,112.66,50.019999999999996,64.13,3.73,0.0,1140.7200000000003,39.33999999999999,114.22,316.9,670.84,1171.48,577.6,1788.55,332.98,108.37,80.17,580.26,383.06,963.31,100.4,825.23,32.71,-61.339999999999996,-12.439999999999998,14.110000000000001,2.531637204242589,0.45,1.17,0.67,0.87,1.3,8.213815141107958,11.991291623114828,17.833202926683587,17.767316708974167,17.174340749589366,3.25,3.21,2.02,0.86,6,2003,86.9610447761194,99.955223880597,66.97
2003-09-30,1623.9,80.61000000000001,0.8029319691015043,0.0038071837586699355,127.28,107.42999999999999,121.9,4.53,0.0,1516.4699999999998,36.71000000000001,158.87,433.35,676.26,1343.47,598.07,1977.34,440.07,95.16,81.13,673.47,387.2,1060.66,102.77,916.67,-47.19,-34.769999999999996,127.70000000000002,14.470000000000002,1.4097084728941818,0.51,1.16,1.47,0.87,0.59,16.29897276053666,24.535853096625562,35.176067217780194,37.27352215747391,33.84330939151647,4.09,3.98,1.99,0.99,9,2003,0.38222053000306744,100.39455782312926,147.58
2003-12-31,1377.81,49.859999999999985,0.4924382090761749,0.0073613890450830236,154.38,69.68000000000004,84.38999999999999,5.55,0.0,1308.1299999999997,53.34,65.97,430.0,551.55,1092.54,603.24,1733.81,105.54,92.93,82.07,373.84,391.31,765.15,103.3,968.66,257.15999999999997,-19.860000000000014,-331.17,14.709999999999994,2.8214199759326126,0.59,0.79,1.95,0.87,0.45,11.505376823338732,16.444910858995133,20.586442463533217,22.010725283630464,20.17228930307941,3.97,3.88,2.92,1.45,12,2003,0.745350078492919,101.25128205128205,197.44
2004-03-31,1096.31,39.61,0.37,0.0,111.49,53.35,67.96,5.75,0.35,1042.96,33.17,211.33,284.81,512.27,1057.91,609.39,1699.65,8.57,110.61,83.05,275.81,395.34,671.15,107.63,1028.5,237.48,-20.54,-71.74,14.61,3.8850000000000002,0.6,0.65,0.37,0.0,0.0,9.32,12.44,15.4,16.64,15.0,3.7,3.61,3.84,1.98,3,2004,0.0,107.05405405405405,39.61
2004-06-30,965.7200000000003,18.58,0.08621068912184224,0.5,143.95,32.1,47.5,4.84,0.35,933.6199999999999,74.17999999999999,127.43,288.73,637.95,1093.78,610.21,1738.3,164.87,114.06,184.44,536.48,198.67,735.15,219.63,1003.15,-86.0,-16.22,18.119999999999997,15.400000000000002,14.03857238966631,1.06,0.73,0.27,0.5,1.85,4.2786045712321705,6.194397662828664,7.407733287506443,8.135734662313112,9.080859254167382,2.85,2.82,2.04,0.85,6,2004,107.75925925925925,215.5185185185185,58.19
2004-09-30,1343.1899999999996,49.58,0.22542637097522503,0.010048835139305585,146.57999999999998,54.7,70.51,5.3,0.35,1288.4900000000002,55.83000000000001,107.32,494.37,889.09,1534.12,636.69,2210.38,562.14,158.37,186.67,952.93,200.53,1153.47,221.39,1056.91,-380.21,-45.25000000000001,405.86,15.809999999999999,5.879746873739411,1.11,1.09,0.49,0.5,1.02,8.980250533543657,12.311040178157187,18.770195787324855,20.0951507840772,20.518400296928647,3.19,3.16,1.61,0.68,9,2004,2.210128495842781,219.93877551020407,107.77
2004-12-31,1459.3200000000002,90.88000000000001,0.41631412031210674,-0.003761101722340042,152.33000000000004,115.35999999999999,130.76000000000002,5.35,0.0,1343.9599999999996,39.650000000000006,259.06,334.7,669.17,1321.72,827.8,2193.85,461.1,109.11,390.78,1037.07,0.7,1037.78,224.56,1156.07,444.32,-204.72000000000003,-88.42000000000002,15.399999999999999,3.213198723591549,1.04,0.9,0.91,0.5,0.55,16.561067203624468,23.80767782532092,31.438578404228544,34.220105713566575,40.423643594261264,4.13,4.08,1.27,0.63,12,2004,-0.821036106750384,218.2967032967033,198.65
2005-03-31,930.64,18.3,0.08,0.0,73.93,26.32,42.65,6.0,0.0,904.32,-1.61,63.99,315.93,742.33,1174.73,875.37,2055.02,286.2,116.17,394.62,871.45,0.7,872.15,227.08,1182.87,-26.67,-3.84,-164.82,16.33,18.75,1.15,0.74,0.08,0.0,0.0,3.56,5.6,6.2,6.64,8.88,2.06,1.97,1.35,0.5,3,2005,0.0,228.75,18.3
2005-06-30,1319.0,26.09,0.11754899752196442,0.5,141.56,31.509999999999998,48.87,4.94,0.0,1287.4899999999998,34.05,117.97,392.7,956.95,1494.76,919.66,2419.61,680.17,163.73,197.94,1121.68,201.76,1323.44,227.38,1096.17,-169.81,-61.53,284.5,17.36,10.506257186661555,1.02,1.21,0.2,0.5,2.5,4.302293309303897,6.53572426222122,9.521468799279116,9.94464519035819,10.485370578959225,2.03,1.97,1.33,0.48,6,2005,110.975,221.95,44.39
2005-09-30,1754.3700000000003,54.47,0.24243172162654258,0.0060793040663565,202.69,75.05,94.24,4.98,0.0,1679.33,70.56,144.75,413.02,814.98,1447.76,1022.71,2474.03,432.31,114.26,199.8,819.74,501.75,1321.49,228.14,1152.54,91.43999999999998,-120.88,55.900000000000006,19.190000000000005,5.136291536625666,0.99,1.15,0.44,0.5,1.14,8.815698968237912,12.496253287477241,18.90967428687032,19.725126441432327,17.69751567873761,2.51,2.47,1.77,0.77,9,2005,1.3659090909090992,224.6818181818182,98.86
2005-12-31,1319.2600000000002,66.89,0.2945984917043741,0.005225558754970505,124.73999999999995,30.789999999999992,51.60000000000002,5.05,0.0,1288.4500000000003,26.639999999999986,141.29,284.16,850.08,1312.02,1237.69,2556.36,628.17,113.72,0.0,834.73,502.11,1336.84,228.18,1219.52,235.82999999999998,-235.24,-3.8500000000000227,20.809999999999995,4.286851547316489,0.94,1.1,0.73,0.5,0.68,10.460264253393666,11.122101960784313,21.93749864253394,22.51862443438914,15.351406334841629,3.16,3.11,1.57,0.55,12,2005,1.1864881693648783,227.05479452054794,165.75
2006-03-31,1353.14,-88.67,-0.26,0.0,48.98,-61.45,-24.83,4.4,0.0,1414.6,-66.95,188.03,496.01,879.5,1622.8,1908.83,3793.39,1016.81,179.11,31.92,1313.72,1070.83,2384.55,340.27,1408.85,-7.21,-590.82,646.62,36.62,-4.23,1.06,1.69,-0.26,0.0,0.0,-9.36,-8.4,-25.160000000000004,-27.36,-9.92,-6.62,-6.55,1.24,0.57,3,2006,0.0,341.03846153846155,-88.67
2006-06-30,1588.68,23.980000000000004,0.07043128767970322,0.25,188.11,47.85,91.08,2.9,0.0,1540.8200000000002,22.150000000000006,178.84,656.27,1209.88,2110.11,2065.0,4419.57,1125.99,231.99,103.64,1571.82,1488.28,3060.11,344.99,1359.47,-331.31,-203.06999999999994,524.2399999999999,43.23,10.291590909090907,0.74,2.25,-0.19,0.25,-1.32,2.164835368681404,0.5931055804606588,7.057956407481837,7.814166022569178,0.7117266965527904,-2.24,-2.2,1.34,0.57,6,2006,85.11842105263158,340.4736842105263,-64.69
2006-09-30,2607.7499999999995,55.239999999999995,0.17536507936507936,-0.02021720969089389,250.26000000000002,115.72,162.97,3.0,0.0,2492.04,90.3,222.88,851.81,1617.65,2754.55,2193.22,5176.75,1472.66,294.47,238.58,2127.88,1592.79,3720.67,361.67,1456.08,-497.90999999999997,-86.15999999999997,628.98,47.25,4.276792179580014,0.75,2.56,-0.03,0.25,-8.33,4.2087619047619045,-62.42996825396825,15.198306878306878,16.835047619047618,-78.32973544973545,-0.17,-0.17,1.29,0.53,9,2006,-6.368421052631575,315.0,-9.45
2006-12-31,2374.3900000000003,31.759999999999998,0.08541461228148813,0.038211564320932305,257.92999999999995,104.94,98.96000000000001,2.9,0.0,2269.4399999999996,100.25999999999999,132.79,571.07,1272.75,2083.85,2256.91,4541.88,947.19,160.21,229.28,1487.07,1566.88,3053.95,361.72,1487.93,519.5899999999999,-47.08000000000004,-561.76,-5.97999999999999,8.487423646095717,0.7,2.05,0.06,0.25,4.17,2.790210667861945,33.19781264007172,8.541461228148812,9.395607350963694,38.607404751232636,0.29,0.28,1.4,0.55,12,2006,14.208333333333329,371.8333333333333,22.31
2007-03-31,1504.43,-156.29,-0.43,0.0,47.98,-112.02,-58.78,2.6,0.0,1616.45,-90.24,194.07,657.48,1302.03,2196.03,2272.76,4655.35,1191.86,230.87,329.28,1945.92,1377.78,3323.7,361.72,1331.65,-10.64,-56.56,128.47,53.24,-1.5125,0.71,2.5,-0.43,0.0,0.0,-13.44,-10.599999999999998,-46.96,-45.64,-16.52,-10.53,-10.39,1.13,0.46,3,2007,0.0,363.4651162790698,-156.29
2007-06-30,1801.97,-98.82000000000002,-0.27502724315001376,0.0,118.12,-10.320000000000007,56.25,2.38,0.0,1812.2899999999997,12.179999999999993,198.88,699.19,1563.34,2500.58,2422.01,5117.61,1546.27,303.61,329.28,2403.31,1350.75,3754.07,361.72,1363.54,-229.42000000000002,-73.85,328.1,66.57,-2.162058540781218,0.63,2.75,-0.71,0.0,0.0,-7.7162573007722175,-3.9820845909607625,-28.990195601897227,-29.03667907961272,-6.988016149896124,-7.77,-7.72,1.04,0.39,6,2007,0.0,359.3098591549296,-255.11
2007-09-30,2461.5499999999997,12.5,0.03452042372532047,0.0,282.28999999999996,12.200000000000003,70.58,1.82,0.0,2449.3500000000004,41.57,91.06,1052.7,1539.26,2728.28,2420.28,5332.18,1895.01,222.46,329.28,2692.48,1263.4,3955.88,361.82,1376.3,-322.51000000000005,-45.46000000000001,260.13000000000005,58.379999999999995,13.197984000000002,0.48,2.87,-0.67,0.0,0.0,0.9377189728370636,0.4327933720786447,3.633403404641193,3.530357363670088,0.859403981699023,-4.26,-4.21,1.01,0.44,9,2007,0.0,362.1044776119403,-242.61
2007-12-31,1974.1100000000006,-208.55,-0.5778160741200461,0.0,197.97000000000003,-163.14,30.930000000000007,1.42,0.0,2137.25,22.89,67.86,749.42,1258.82,2122.6,2393.62,4555.15,1441.25,223.57,768.4,2589.77,797.79,3387.56,361.82,1167.6,474.13000000000005,-19.169999999999987,-478.15000000000003,194.07,-0.6165456725005993,0.44,2.9,-1.25,0.0,0.0,-18.305213228123062,-11.112558737476727,-71.44580193279546,-62.82940863551733,-25.701258976859652,-5.9,-5.83,0.82,0.33,12,2007,0.0,360.928,-451.16
2008-03-31,1599.28,107.83,0.3,0.0,36.86,148.55,196.64,1.19,0.0,1450.73,-68.39,370.0,524.09,1302.63,2334.14,2354.79,4704.97,1651.43,274.79,629.28,2681.93,747.62,3429.55,361.82,1275.42,256.2,-8.61,34.55,48.09,0.9925,0.34,2.69,0.3,0.0,0.0,9.16,12.68,33.8,33.08,29.36,7.8,6.74,0.87,0.38,3,2008,0.0,359.43333333333334,107.83
2008-06-30,1818.89,37.459999999999994,0.10313166769908458,0.0,209.89999999999998,78.22999999999999,119.46000000000004,1.25,0.0,1740.67,143.82999999999998,216.2,814.47,1628.19,2704.23,2339.58,5089.5,1681.73,344.25,679.28,2905.42,871.2,3776.62,361.82,1312.88,-299.66999999999996,-22.53,168.14999999999998,41.22999999999999,3.034955285638014,0.34,2.88,0.4,0.0,0.0,2.9392525294239102,4.579046045839356,11.416675614288662,11.200099112120585,10.70506710716498,4.45,4.25,0.93,0.37,6,2008,0.0,363.22499999999997,145.29
2008-09-30,2608.8599999999997,149.09,0.4102279366804811,0.0,384.4,197.95000000000002,248.31999999999994,1.83,0.0,2410.9,177.41,82.69,903.63,1912.06,2955.82,2318.25,5320.31,1743.93,510.6,749.28,3145.54,712.83,3858.37,361.82,1461.94,-93.97,-28.659999999999997,-10.629999999999995,50.370000000000005,1.1155993024347708,0.45,2.64,0.81,0.0,0.0,11.202767851076839,16.14576126095523,40.79995380120933,42.0154439839663,39.56420544873973,5.03,4.88,0.94,0.33,9,2008,0.0,363.43209876543204,294.38
2008-12-31,2378.5199999999995,11.829999999999984,0.03283857483426402,0.0,221.11,62.50999999999999,111.71000000000004,1.6,0.0,2316.01,90.19000000000003,41.18,719.22,1691.88,2498.09,2300.97,4815.68,1458.81,303.76,749.28,2655.03,686.89,3341.92,361.82,1473.77,313.02,-33.99000000000001,-320.75,49.19999999999999,12.165570583262905,0.39,2.27,0.85,0.0,0.0,0.9828392279807963,1.6071584860063335,3.2112262826165012,3.583654354854507,3.4847522941771945,3.71,3.64,0.94,0.3,12,2008,0.0,360.2470588235294,306.21
2009-03-31,1860.44,19.02,0.05,0.0,145.59,54.91,97.39,1.75,0.0,1805.53,32.85,50.75,678.69,1638.21,2418.79,2175.36,4615.08,1388.26,397.17,794.28,2693.55,428.74,3122.29,361.82,1492.78,217.33,75.4,-282.98,42.48,8.75,0.42,2.09,0.05,0.0,0.0,1.64,4.72,5.08,5.48,11.440000000000001,1.04,1.02,0.9,0.29,3,2009,0.0,380.4,19.02
2009-06-30,2514.07,6.93,0.01869364161849711,0.0,197.11999999999998,38.0,88.61999999999999,1.67,0.0,2476.0700000000006,73.34,78.93,836.11,1515.82,2473.47,2140.43,4630.79,1711.2,399.8,469.28,2728.62,402.43,3131.05,361.82,1499.74,69.00999999999996,-14.810000000000002,-25.94999999999999,50.62,22.33647186147186,0.4,2.09,0.07,0.0,0.0,0.5981965317919076,2.0402774566473987,1.8479999999999999,1.9761849710982662,5.21285549132948,0.6,0.59,0.91,0.35,6,2009,0.0,370.71428571428567,25.95
2009-09-30,2897.2699999999995,78.57,0.2179994259471871,0.0,236.14000000000004,127.37,178.56,1.79,0.0,2769.8999999999996,92.0,196.87,894.12,1629.97,2846.34,2125.44,4988.7,1349.52,500.42,329.8,2333.94,1076.43,3410.37,361.82,1578.33,-23.779999999999973,-32.43000000000001,174.0,51.19,2.051954944635357,0.41,2.16,0.29,0.0,0.0,6.314466130884042,12.839414466130881,19.9056027554535,20.68739380022962,24.957175660160736,1.45,1.44,1.22,0.52,9,2009,0.0,360.4137931034483,104.52
2009-12-31,2775.590000000001,8.790000000000006,0.024048186391315878,0.0,201.23000000000002,34.150000000000006,97.25,3.38,0.0,2741.4400000000005,14.800000000000011,103.05,776.14,1569.85,2522.7,2127.0,4667.04,1219.99,356.06,311.2,2060.94,1018.98,3079.92,361.82,1587.12,173.82999999999998,-63.379999999999995,-204.14999999999998,63.099999999999994,35.127389078498275,0.77,1.94,0.31,0.0,0.0,0.7540270055599688,1.6663065925337581,2.2155361397934885,2.2962139263966126,3.0285199894095864,1.14,1.13,1.22,0.46,12,2009,0.0,365.51612903225805,113.31
2010-03-31,2446.16,33.57,0.09,0.0,116.22,59.76,109.94,2.8,0.0,2386.4,-12.62,48.92,817.46,1465.58,2434.76,2144.31,4596.4,1291.23,366.44,217.6,2014.42,961.28,2975.7,361.82,1620.7,74.42,-67.45,-60.98,50.18,7.777499999999999,0.63,1.84,0.09,0.0,0.0,2.92,5.2,8.28,8.64,9.24,1.42,1.37,1.21,0.48,3,2010,0.0,373.0,33.57
2010-06-30,2391.83,36.24,0.09863343360550064,0.0,179.79999999999998,62.07,111.93,4.38,0.0,2329.77,36.839999999999996,173.15,669.7,1521.44,2416.49,2246.79,4680.76,1371.78,373.53,224.0,2119.45,904.36,3023.81,361.82,1656.94,256.38,-152.07,19.769999999999996,49.86000000000001,11.100444950331125,0.96,1.82,0.19,0.0,0.0,3.0939750752041255,5.44041254834551,8.742036957455952,9.178100558659219,9.884108293940695,1.48,1.44,1.14,0.42,6,2010,0.0,367.42105263157896,69.81
2010-09-30,2893.6900000000005,75.32,0.20759319231034243,0.0,140.08000000000004,104.38000000000001,155.43,3.82,0.0,2789.29,-24.439999999999998,54.7,785.02,1570.13,2540.16,2306.11,4863.89,1448.42,414.11,232.35,2276.29,855.35,3131.64,361.82,1732.24,-76.32000000000002,-99.11999999999998,57.0,51.05,4.600343534253851,0.8,1.81,0.4,0.0,0.0,6.186277130848205,9.528527527044718,17.3963095156067,18.20592296561703,18.14364500792393,1.94,1.88,1.12,0.43,9,2010,0.0,362.825,145.13
2010-12-31,2762.199999999999,40.47,0.11120528017241381,0.0,208.20999999999992,70.15,123.20999999999998,3.46,0.0,2692.05,40.269999999999996,34.96,791.8,1650.16,2537.48,2380.04,4935.04,1427.0,427.12,248.37,2310.61,851.7,3162.31,361.82,1772.72,132.85999999999999,-123.62,-29.02,53.06,7.773461823573017,0.71,1.78,0.51,0.0,0.0,3.279465517241379,5.381463362068966,9.131915948275863,9.637790948275862,9.847118534482757,1.82,1.77,1.1,0.38,12,2010,0.0,363.92156862745094,185.6
2011-03-31,2385.2,59.58,0.16,0.0,228.0,87.91,129.17,3.38,0.0,2297.29,80.38,45.65,803.04,1822.87,2912.1,2408.75,5337.8,1778.45,473.47,266.53,2700.38,856.63,3557.01,361.82,1780.79,-243.01,-58.18,311.88,41.26,5.2825,0.69,2.0,0.16,0.0,0.0,4.48,7.08,13.4,14.0,13.32,2.51,2.5,1.08,0.4,3,2011,0.0,372.375,59.58
2011-06-30,2599.13,89.46,0.24609903381642512,0.0,269.11,123.20000000000002,161.07000000000002,3.86,0.0,2475.92,149.18,67.58,992.71,2399.08,3703.03,2459.21,6194.1,2424.2,606.6,275.98,3529.35,794.5,4323.86,361.82,1870.25,-471.56000000000006,-69.95999999999998,563.45,37.87,3.9192555331991956,0.75,2.31,0.41,0.0,0.0,5.78632850241546,9.315748792270531,19.135700483091785,20.288164251207725,19.015652173913043,3.01,2.99,1.05,0.37,6,2011,0.0,363.5121951219512,149.04
2011-09-30,3198.7,79.17000000000002,0.21855790719074542,0.0,239.92999999999995,121.68,165.56,3.8,0.0,3077.0299999999997,95.56,60.97,1041.79,2416.8,3777.24,2536.85,6330.36,2621.69,474.86,283.0,3647.69,733.28,4380.97,361.82,1949.38,-21.620000000000005,-105.37,120.38,43.88000000000001,4.3454158772262215,0.71,2.25,0.63,0.0,0.0,5.009485999737085,8.25663204942816,16.249606940975422,17.207098724858685,17.220975417378735,2.82,2.79,1.04,0.37,9,2011,0.0,362.23809523809524,228.21
2011-12-31,2454.9700000000003,1.6599999999999966,0.0046217427241484225,0.0,160.7800000000001,47.579999999999984,95.10999999999996,3.9,0.0,2407.3899999999994,30.779999999999973,39.31,691.05,2443.74,3224.96,2579.73,5824.62,2277.42,358.18,291.57,3212.21,661.36,3873.56,361.82,1951.05,473.72,-83.25999999999999,-412.13,47.52999999999999,210.82956325301248,0.72,1.99,0.64,0.0,0.0,0.11409927350241418,0.2042232566233084,0.34027580806542757,0.3567407665202063,0.4205785878975064,2.19,2.16,1.0,0.24,12,2011,0.0,359.171875,229.87
2012-03-31,2127.55,17.11,0.05,0.0,67.19,61.85,110.12,4.32,0.0,2065.7,-48.94,38.17,824.42,2605.39,3550.52,2609.22,6181.04,2710.86,462.37,299.35,3622.06,590.81,4212.87,361.82,1968.17,-282.7,-70.45,352.21,48.27,21.6,0.79,2.14,0.05,0.0,0.0,1.1200000000000003,4.28,3.48,3.64,9.68,0.85,0.8,0.98,0.26,3,2012,0.0,342.2,17.11
2012-06-30,2546.8499999999995,11.7,0.032488719194724056,0.15,204.98000000000002,54.160000000000004,106.94999999999999,4.1,0.0,2492.6900000000005,70.87,40.86,943.46,3085.67,4161.34,2804.99,6987.28,3402.11,521.42,306.76,4408.6,518.77,4927.37,361.82,2059.92,-424.54,-106.08999999999999,533.1100000000001,52.79,31.549412393162395,0.72,2.39,0.08,0.15,1.88,0.6660187434918431,2.859007289135717,2.2742103436306835,2.3879208608122178,7.309961818812911,0.63,0.62,0.94,0.24,6,2012,54.01875,360.125,28.81
2012-09-30,2894.04,17.48,0.0490905163102182,-0.0017052819183409032,145.06,71.30999999999999,124.63999999999999,3.8,0.0,2822.7199999999993,7.25,69.63,1154.46,2903.97,4135.82,2989.78,7147.52,3525.8,673.31,310.37,4509.48,447.78,4957.27,361.82,2190.26,76.48000000000002,-123.75000000000003,76.05999999999995,53.329999999999984,19.35149742562929,0.63,2.26,0.13,0.15,1.15,0.9818103262043639,4.199127241304818,3.1871073666018574,3.383469431842731,10.724389717001513,0.63,0.61,0.92,0.27,9,2012,-0.6072115384615415,356.07692307692304,46.29
2012-12-31,2988.180000000001,-18.36,-0.05258861439312567,-0.0029868627612988385,84.78999999999996,34.31,78.94,3.66,0.0,2953.88,-40.22,67.29,1254.13,2590.36,3921.68,3046.73,6992.47,3551.12,586.81,320.0,4457.98,362.6,4820.57,361.82,2171.9,138.57,-92.88999999999999,-48.02999999999997,44.630000000000024,-17.39920343137255,0.61,2.22,0.08,0.15,1.88,-1.0517722878625133,-9.09783029001074,-3.3919656283566058,-3.549731471535983,-22.98122448979592,0.27,0.26,0.88,0.3,12,2012,-1.042788461538457,349.125,27.93
2013-03-31,2639.68,-51.19,-0.14,0.0,-7.39,3.3,60.08,3.54,0.0,2636.38,-125.59,58.08,1209.74,2410.38,3719.77,3061.43,6855.0,3521.01,550.11,326.7,4397.87,401.71,4799.58,361.82,2055.42,146.82,-74.57,-81.46,56.78,-6.322500000000001,0.62,2.34,-0.14,0.0,0.0,-3.0,0.2,-9.96,-10.16,0.52,-2.04,-1.94,0.85,0.3,3,2013,0.0,365.6428571428571,-51.19
2013-06-30,2011.94,-104.24000000000001,-0.28838190825451976,0.0,143.29,-72.78999999999999,-17.239999999999995,3.02,0.0,2084.74,28.17,32.27,871.72,2664.3,3666.82,3032.95,6783.65,3555.24,443.18,332.74,4507.13,318.26,4825.39,361.82,1958.26,124.94,-22.41000000000001,-128.32999999999998,55.55,-2.6168423829623944,0.56,2.46,-0.43,0.0,0.0,-6.143205301421863,-2.7094486263913016,-21.300021874798947,-20.763497394325423,-8.181998327221256,-3.38,-3.34,0.81,0.22,6,2013,0.0,361.4651162790698,-155.43
2013-09-30,2254.5200000000004,-82.43,-0.22872193727402676,0.0,82.78,-36.69000000000001,15.209999999999994,2.3,0.0,2291.1900000000005,-48.82000000000001,40.46,1028.76,2542.74,3611.96,2992.41,6690.22,3751.73,470.16,339.11,4576.16,234.42,4810.57,361.82,1879.64,-127.16,-6.719999999999999,142.06,51.89999999999999,-2.5104719155647217,0.44,2.56,-0.66,0.0,0.0,-4.934849070882032,-2.1208761456318843,-17.53534852434205,-16.204602707474983,-6.958691667367359,-3.48,-3.44,0.79,0.23,9,2013,0.0,360.3939393939394,-237.86
2013-12-31,2521.1099999999997,39.160000000000025,0.10839456467035742,0.0,197.15999999999997,79.84,134.56,2.32,0.0,2441.2799999999997,69.09,107.6,1201.03,2220.09,3528.72,2952.05,6568.7,3639.8,501.36,261.9,4420.95,223.79,4644.74,361.82,1923.96,274.15999999999997,-14.219999999999999,-192.79999999999995,54.72,5.353128192032682,0.44,2.41,-0.55,0.0,0.0,2.3807388022143954,0.3074464016104682,8.143388022143942,7.6467438349270305,0.9696386512330153,-2.13,-2.11,0.8,0.3,12,2013,0.0,361.2727272727272,-198.7
2014-03-31,2116.43,24.88,0.07,0.0,151.96,68.87,123.06,2.78,0.0,2047.55,23.58,40.76,1090.52,2126.3,3258.61,2917.86,6273.87,3461.46,456.98,184.54,4102.98,221.84,4324.82,361.82,1949.05,209.17,-18.65,-257.35,54.19,9.9275,0.52,2.22,0.07,0.0,0.0,1.6,4.2,5.12,4.96,12.68,1.2,1.18,0.79,0.28,3,2014,0.0,355.4285714285714,24.88
2014-06-30,1836.94,-10.959999999999999,-0.031494252873563215,0.0,130.23999999999998,31.97,84.74000000000001,2.98,0.0,1804.9800000000002,18.36,27.46,913.0,2485.47,3428.11,2723.82,6248.43,3515.59,486.45,106.56,4108.6,195.76,4304.37,361.82,1944.06,52.46000000000001,-31.11,-34.65999999999997,52.769999999999996,-23.655109489051096,0.55,2.21,0.04,0.0,0.0,-0.6928735632183908,-4.881609195402299,-2.2675862068965515,-2.236091954022988,-14.833793103448274,0.36,0.35,0.83,0.23,6,2014,0.0,348.0,13.92
2014-09-30,1895.8599999999997,-44.46,-0.11646365422396857,0.0,62.360000000000014,-3.1200000000000045,49.420000000000016,3.08,0.0,1898.98,-54.29,49.3,983.93,2274.38,3418.99,2701.81,6218.36,1854.87,582.35,159.39,3402.48,921.45,4323.93,361.82,1894.43,118.31,-3.8200000000000003,-92.65000000000003,52.540000000000006,-6.611504723346829,0.59,2.28,-0.08,0.0,0.0,-2.85335952848723,8.793005893909626,-9.37532416502947,-9.433555992141455,20.20644400785855,-0.53,-0.52,1.0,0.34,9,2014,0.0,381.75,-30.54
2014-12-31,2101.2800000000007,-98.81,-0.2750027058368767,0.0,87.88999999999999,-38.269999999999996,14.559999999999945,2.8,0.0,2139.55,-49.22,34.52,903.85,2294.04,3244.67,2696.55,6003.77,2640.24,517.29,139.02,3303.71,856.54,4160.25,361.82,1843.52,6.670000000000016,27.529999999999998,-48.98999999999995,52.83000000000001,-2.5461567655095636,0.55,2.26,-0.36,0.0,0.0,-6.569509083880943,2.902806339389254,-21.45021105527638,-20.991873212214923,6.722288364901432,-1.66,-1.63,0.98,0.29,12,2014,0.0,359.30555555555554,-129.35
2015-03-31,1685.63,29.57,0.08,0.0,107.37,69.03,120.58,3.28,0.0,1616.61,22.19,50.73,934.22,2306.19,3332.63,2678.36,6056.23,2754.62,466.9,144.07,3373.25,818.15,4191.4,361.82,1864.83,-59.84,-11.64,37.85,51.55,10.250000000000002,0.64,2.25,0.08,0.0,0.0,1.9600000000000002,4.48,6.36,6.2,10.28,1.8,1.75,0.99,0.3,3,2015,0.0,369.625,29.57
2015-06-30,1680.4499999999998,18.1,0.049360184602475356,0.0,146.71,63.16999999999999,115.92,3.4,0.0,1617.2700000000002,28.499999999999996,93.11,1086.98,2551.71,3770.44,2654.87,6469.42,3067.64,583.16,147.89,3806.42,780.08,4586.49,361.82,1882.93,-175.39,-30.71,270.78,52.75,17.21782458563536,0.65,2.44,0.13,0.0,0.0,1.1238934340255926,3.1590518145584228,3.8425005244388504,3.781749528005035,7.533123557793162,1.45,1.42,0.99,0.32,6,2015,0.0,366.6923076923077,47.67
2015-09-30,2402.13,84.82000000000001,0.23687372631896747,0.0,265.15999999999997,128.56,182.17000000000002,3.38,0.0,2273.5699999999997,71.12,101.17,1385.12,2360.57,3902.44,2633.55,6577.14,1514.13,630.36,154.84,3122.9,1486.49,4609.39,361.82,1967.75,72.29999999999998,-30.300000000000004,-11.75,53.61,3.5692012497052583,0.62,2.34,0.37,0.0,0.0,5.14720205298513,10.44805192844743,17.23416408785569,17.567067703222886,19.334017661710316,2.35,2.3,1.25,0.49,9,2015,0.0,358.0810810810811,132.49
2015-12-31,2325.34,50.139999999999986,0.1372720801620763,0.0,243.64999999999998,99.15000000000003,151.62999999999994,4.0,0.0,2226.1900000000005,82.38,51.83,1171.71,2231.09,3496.57,2626.81,6175.33,1962.22,563.33,161.59,2695.81,1461.63,4157.44,361.82,2017.89,377.98,-42.33,-387.13,52.47999999999999,7.284802552852016,0.72,2.06,0.5,0.0,0.0,3.2506028582379667,6.490223950062967,9.938498603734324,10.388751026665934,11.355146471006952,2.3,2.26,1.3,0.47,12,2015,0.0,365.26,182.63
2016-03-31,2002.38,10.8,0.03,0.0,170.46,48.45,100.71,4.9,0.0,1953.92,35.3,47.67,966.54,2185.54,3285.67,2602.14,5976.72,1675.27,513.55,171.44,2385.28,1562.75,3948.04,361.82,2028.69,208.78,-42.57,-170.36,52.26,40.8325,0.87,1.95,0.03,0.0,0.0,0.7200000000000001,3.24,2.12,2.2,5.4,0.54,0.54,1.38,0.46,3,2016,0.0,360.00000000000006,10.8
2016-06-30,1996.8899999999999,9.27,0.027713004484304932,0.25,156.56999999999996,47.209999999999994,94.45,4.5,0.0,1949.69,35.57000000000001,77.62,1054.26,2368.4,3545.44,2725.57,6368.33,1031.77,554.49,742.87,3373.94,933.61,4307.56,361.82,2060.77,-68.71000000000001,-42.57,141.22000000000003,47.24,40.59466019417476,0.79,2.09,0.06,0.25,4.17,0.5912107623318386,2.7528251121076233,1.7921076233183855,1.8844843049327353,5.893632286995516,0.5,0.5,1.05,0.35,6,2016,83.625,334.5,20.07
2016-09-30,2358.03,9.669999999999998,0.026012104909213175,0.025050437121721586,176.59000000000003,43.390000000000015,87.60999999999999,4.02,0.0,2314.64,21.36999999999999,44.52,1186.51,2405.2,3681.99,2706.72,6493.65,1077.57,617.05,437.73,2830.71,1585.61,4416.32,361.82,2077.34,-62.639999999999986,-13.64,43.18,44.22,38.63585832471562,0.7,2.13,0.08,0.25,3.13,0.5982784129119031,2.7702891728312036,1.8598655010087422,1.9118897108271686,4.942299932750503,0.47,0.47,1.3,0.45,9,2016,9.3125,371.75,29.74
2016-12-31,2990.669999999999,124.89999999999999,0.34730341438178997,-0.008426830056906384,268.89,146.57,192.92000000000002,4.5,0.0,2844.09,51.58,66.51,1195.14,2197.58,3492.97,2675.03,6325.59,1386.62,686.44,447.28,2587.72,1520.41,4108.13,361.82,2217.47,418.07,-26.78,-369.3,46.349999999999994,3.24075420336269,0.73,1.85,0.43,0.25,0.58,7.882979824107604,14.764433523021212,22.518184169684428,23.584324883600623,24.68277289187791,1.68,1.65,1.35,0.5,12,2016,-3.0305232558139608,359.62790697674416,154.64
2017-03-31,2519.27,105.81,0.29,0.0,302.26,138.2,184.07,5.3,0.0,2381.08,101.28,44.76,1137.56,2395.53,3623.07,2634.17,6416.77,1363.73,795.88,618.95,2806.81,1286.68,4093.49,361.82,2323.28,78.51,-30.36,-69.91,45.87,4.57,0.83,1.76,0.29,0.0,0.0,6.6,8.92,18.2,19.44,15.320000000000002,4.26,4.2,1.29,0.44,3,2017,0.0,364.86206896551727,105.81
2017-06-30,2310.69,94.38999999999999,0.2593131868131868,0.21,233.84000000000003,125.37,170.75,13.8,0.0,2185.3199999999997,97.21000000000001,56.57,1059.7,2694.55,3867.98,2623.55,6653.83,1717.47,729.57,640.99,3111.84,1200.3,4312.14,361.82,2341.69,-172.26,-33.28,217.35999999999999,45.38,13.303893420913234,2.13,1.84,0.55,0.21,0.38,5.676601398601398,7.637952047952048,16.124565434565433,17.142959040959038,14.031200799200798,4.2,4.14,1.24,0.38,6,2017,76.43999999999998,363.99999999999994,200.2
2017-09-30,2403.8999999999996,111.96000000000004,0.30844951307022045,0.05940799589953878,259.72,143.39,189.53000000000003,15.9,0.0,2260.5,99.94999999999999,67.18,943.02,3020.0,4073.89,2640.57,6877.57,1262.55,742.01,789.06,2850.57,1593.62,4444.19,361.82,2433.38,-21.379999999999995,-43.400000000000006,75.38000000000002,46.139999999999986,12.88817077527688,2.36,1.83,0.86,0.27,0.31,6.513305996924656,8.737011788826244,18.406545361353157,19.855540748334192,14.504300358790365,4.38,4.32,1.43,0.37,9,2017,21.56372093023259,362.9767441860466,312.16
