,revenue,net_profit,eps,dps,gross_profit,ebit,ebitda,close_price,allowance_doubtful_accounts,expense,operating_profit,cash,account_receivable,inventory,current_asset,property_plant_equipment,total_asset,short_term_loan,account_payable,current_portion_long_term_debt,current_liability,non_current_liability,total_liability,paid_in_capital,total_equity,cash_flow_operation,cash_flow_investment,cash_flow_financing,depreciation,P/E,P/BV,D/E,EPS,DPS,DPR%,ROA%,ROAA%,ROE%,ROAE%,ROCE%,NPM%,NPMA%,TIE,CurrentRatio,QuickRatio,month,year,dividend,number_of_shares,return_old
2000-03-31,159.56,-26.01,-0.8099999999999999,0.0,35.01,54.2,77.43,11.0,0.0,105.36,11.5,20.98,192.32,19.91,239.45,3263.68,5220.23,893.52,17.22,86.38,2005.69,1761.06,3766.76,320.0,1453.47,68.32,-52.56,-6.46,23.23,-3.395,2.42,2.59,-0.81,0.0,0.0,-2.0,0.0,-7.16,0.0,6.760000000000001,-22.26,-16.3,0.0,0.12,0.11,3,2000,0.0,32.111111111111114,-26.01
2000-06-30,130.55,-67.17999999999999,-2.0977980470007513,0.0,19.620000000000005,-6.670000000000002,15.539999999999992,9.6,0.0,137.22000000000003,-42.09,19.89,147.87,19.75,195.95,3234.49,5197.45,265.07,14.74,51.16,1345.5,2430.15,3775.65,320.0,1421.8,44.610000000000014,-51.11,-5.61,22.209999999999997,-1.144414260196487,2.16,2.66,-2.91,0.0,0.0,-5.161592445541366,0.0,-18.887391351003323,0.0,3.5467925743105484,-44.09,-32.12,0.0,0.15,0.13,6,2000,0.0,32.024054982817866,-93.19
2000-09-30,137.15999999999997,-128.91,-4.028074741107609,0.0,12.609999999999992,-61.1,-39.019999999999996,8.3,0.0,198.25999999999996,-100.91,15.7,54.5,19.82,97.34,3205.1,5115.1,267.34,16.28,43.25,794.59,3035.96,3830.55,320.0,1284.55,49.54999999999998,-46.260000000000005,-7.489999999999998,22.08,-0.5168722364440307,2.07,2.98,-6.94,0.0,0.0,-10.075990995047276,0.0,-40.141447996398014,0.0,-0.7197136425033769,-72.0,-51.98,0.0,0.12,0.1,9,2000,0.0,32.002881844380404,-222.1
2000-12-31,197.73000000000002,-301.03999999999996,-9.529423098979239,0.0,-107.6,-318.40000000000003,-168.94,8.1,0.0,516.1200000000001,-230.61,28.24,69.12,20.62,132.5,6320.52,7085.16,263.99,20.42,97.06,1024.38,5008.9,6033.28,320.0,794.3,-111.36999999999999,284.01,-160.07999999999998,149.45999999999998,-0.21287752458145098,3.26,7.6,-16.56,0.0,0.0,-16.98723248078908,0.0,-151.59608823641852,0.0,-12.61382574454257,-116.42,-83.7,0.0,0.13,0.11,12,2000,0.0,31.59057971014493,-523.14
2001-03-31,187.11,-107.71,-3.8499999999999996,0.0,41.2,-60.44,27.27,9.5,0.0,247.55,-71.74,19.57,72.44,19.41,126.92,6235.48,6978.47,265.45,16.99,88.68,754.56,5301.68,6056.24,320.0,686.37,73.22,-48.89,-33.0,87.71,-0.6175,4.43,8.82,-3.85,0.0,0.0,-6.16,-3.9600000000000004,-62.76,-40.28,-3.8799999999999994,-61.33,-57.57,0.0,0.17,0.14,3,2001,0.0,27.976623376623376,-107.71
2001-06-30,163.02999999999997,-97.09000000000002,-3.46546826171875,0.0,21.86,-57.510000000000005,29.77,7.9,0.0,220.53999999999996,-68.61,16.28,64.43,19.61,115.18,6150.66,6851.87,274.01,15.9,94.47,993.3,5047.69,6041.0,320.0,589.5,-57.93,30.41,24.23,87.28000000000002,-0.5695334225975899,4.29,10.25,-7.31,0.0,0.0,-5.669904296875002,-3.7167265625000003,-65.87708203125001,-38.6084453125,-3.8115410156250005,-62.63,-58.49,0.0,0.12,0.1,6,2001,0.0,28.016415868673054,-204.8
2001-09-30,160.84000000000003,-58.18000000000001,-2.0773830709559666,0.0,4.179999999999993,-27.36,33.970000000000006,5.1,0.0,188.2,-43.670000000000016,24.5,61.32,19.18,117.71,5321.43,6018.53,296.05,18.19,97.67,1060.81,4221.32,5282.13,320.0,528.68,36.2,-14.66,-13.309999999999999,61.329999999999984,-0.610214850464077,3.09,9.99,-9.39,0.0,0.0,-3.867162521864781,-2.309678302532512,-44.01662788044718,-25.671941592516543,-2.5928572515020156,-55.81,-51.47,0.0,0.11,0.09,9,2001,0.0,28.00638977635783,-262.98
2001-12-31,171.61,-1637.36,-58.477758295883895,0.0,66.75000000000001,-1487.3600000000001,-1538.64,5.65,0.0,1658.9700000000003,-452.87,19.44,59.31,20.35,108.39,3808.22,4239.18,283.92,22.12,102.03,1156.2,4201.85,5358.06,320.0,-1119.65,58.410000000000004,-36.599999999999994,-26.870000000000005,-51.28,-0.023212244100258954,-1.61,-4.79,-67.87,0.0,0.0,-154.50466505993663,-99.36135386299293,584.9671380910784,4026.0820796278563,-182.52436006188367,-303.43,-278.4,0.0,0.09,0.08,12,2001,0.0,27.999705318992188,-1900.34
2002-03-31,197.28,-8.17,-0.29,0.0,57.08,48.08,95.43,5.6,0.0,149.2,35.06,70.92,55.79,19.39,154.86,3782.86,4260.51,289.61,20.26,103.53,1044.24,4342.92,5387.16,320.0,-1126.65,73.13,-16.94,-4.71,47.35,-4.8275,-1.59,-4.78,-0.29,0.0,0.0,-0.76,3.44,2.92,14.84,5.96,-4.44,-4.14,0.0,0.15,0.13,3,2002,0.0,28.17241379310345,-8.17
2002-06-30,167.35999999999999,-26.86,-0.9584641735655153,0.0,27.460000000000008,10.490000000000002,58.47,5.6,0.0,156.87,-1.9400000000000048,34.1,50.6,19.99,112.68,3593.27,4184.04,257.07,18.53,54.47,1011.63,4325.91,5337.54,320.0,-1153.51,47.36,-23.31,-60.87,47.98,-1.4606701414743113,-1.55,-4.63,-1.25,0.0,0.0,-2.5763516985441046,3.251110476734228,9.323939480445333,38.09320011418784,5.67410790750785,-10.35,-9.61,0.0,0.11,0.09,6,2002,0.0,28.024,-35.03
2002-09-30,198.01,-46.45,-1.6589285714285715,0.0,21.169999999999987,23.690000000000005,72.69999999999999,4.6,0.0,174.32,-14.269999999999996,59.48,49.9,20.62,136.57,3561.29,4176.59,276.84,18.99,58.46,1070.79,4305.76,5376.55,320.0,-1199.96,29.85000000000001,-16.07,11.600000000000001,49.010000000000005,-0.6928869752421959,-1.23,-4.48,-2.91,0.0,0.0,-4.446612665684831,3.671305841924399,15.483333333333334,55.366028473244974,6.042832596956308,-16.52,-14.48,0.0,0.13,0.11,9,2002,0.0,28.0,-81.48
2002-12-31,174.67000000000007,51.92,1.861813261163735,0.0,50.250000000000014,17.11999999999999,66.69000000000003,4.6,0.0,157.55000000000007,150.61,34.68,57.65,22.02,120.54,3547.38,4149.22,48.54,22.42,61.84,1012.01,4285.25,5297.26,320.0,-1148.04,-118.87,-39.330000000000005,133.39,49.56999999999999,0.6177311248073959,-1.28,-4.61,-1.06,0.0,0.0,4.988254397834912,-16.65093369418133,-18.056075778078487,-18.337104194857915,-22.271502029769962,-4.37,-4.01,0.0,0.12,0.1,12,2002,0.0,27.886792452830186,-29.56
2003-03-31,209.88,139.28,4.97,0.0,60.76,34.88,81.29,4.6,5.58,175.0,27.2,46.83,56.31,21.64,136.79,3514.02,4125.27,8.16,21.54,56.36,738.72,4395.3,5134.02,320.0,-1008.75,27.64,-15.5,0.01,46.41,0.2325,-1.46,-5.09,4.97,0.0,0.0,13.52,3.32,-55.24,-52.16,4.12,70.94,66.36,0.0,0.19,0.16,3,2003,0.0,28.024144869215295,139.28
2003-06-30,149.94,-53.489999999999995,-1.9079076815479656,0.0,13.670000000000009,-8.880000000000003,38.44999999999999,4.6,8.79,158.81,-14.18,46.28,39.19,21.11,116.45,3485.64,4073.35,16.28,18.25,59.86,767.08,4369.58,5136.66,320.0,-1063.31,-20.060000000000002,-17.58,37.09,47.33,-0.6014441951766686,-1.38,-4.83,3.06,0.0,0.0,-5.262333605315304,-1.57121809068656,20.12655554260403,19.303536542720593,-1.9702576057815593,25.42,23.84,0.0,0.15,0.12,6,2003,0.0,28.035947712418302,85.79
2003-09-30,186.82,-45.010000000000005,-1.6114418832761157,0.0,40.66,12.659999999999997,60.000000000000014,4.6,7.33,174.17000000000002,5.390000000000001,56.68,45.7,21.75,130.08,3454.53,4048.89,24.47,19.98,65.37,818.02,4339.19,5157.22,320.0,-1108.32,-6.640000000000001,-16.440000000000005,33.49,47.34000000000002,-0.7134914463452565,-1.33,-4.65,1.46,0.0,0.0,-4.459058361942129,-4.150014713094654,16.24686611083865,15.5846297204512,-5.297891123099559,7.98,7.46,0.0,0.16,0.13,9,2003,0.0,27.93150684931507,40.78
2003-12-31,214.09000000000003,-13.560000000000002,-0.48321822189566505,0.0,67.19,44.730000000000004,92.80000000000001,4.6,10.11,169.36,37.730000000000004,68.32,61.76,22.76,157.67,3416.56,4038.34,7.54,24.26,75.48,864.11,4296.12,5160.23,320.0,-1121.88,22.759999999999998,-10.799999999999997,-0.3299999999999983,48.06999999999999,-2.3787389380530968,-1.31,-4.6,0.97,0.0,0.0,-1.3350771491550335,-4.065011021307863,4.8421454812637785,4.782365907421015,-5.2406759735488615,3.81,3.58,0.0,0.18,0.16,12,2003,0.0,28.061855670103093,27.22
2004-03-31,228.27,-9.62,-0.34,0.0,75.92,48.98,97.07,4.6,6.07,179.28,43.25,101.44,63.52,21.95,195.9,3380.54,4039.6,2.75,25.64,98.84,809.62,4361.49,5171.1,320.0,-1131.5,29.45,-13.49,17.18,48.09,-3.3825,-1.3,-4.57,-0.34,0.0,0.0,-0.96,4.8,3.4,3.6,6.08,-4.45,-4.21,0.0,0.24,0.21,3,2004,0.0,28.29411764705882,-9.62
2004-06-30,191.92999999999998,-42.190000000000005,-1.5064948851573057,0.0,41.41,15.360000000000007,63.79000000000002,4.6,10.32,176.58,9.420000000000002,118.34,60.68,22.33,210.88,3352.48,4027.44,23.44,22.03,105.09,872.11,4329.02,5201.13,320.0,-1173.69,116.99999999999999,-22.6,-77.50999999999999,48.42999999999999,-0.7644400331832188,-1.25,-4.43,-1.85,0.0,0.0,-4.201899247249567,5.179085118702954,14.364632310364795,15.081235282763947,6.644863925883035,-13.03,-12.33,0.0,0.24,0.22,6,2004,0.0,28.005405405405405,-51.81
2004-09-30,218.18,-24.36,-0.8698857818038598,0.0,52.89,34.11999999999999,84.82,4.6,3.95,184.05999999999995,11.299999999999997,112.54,73.45,23.42,216.23,3332.42,4009.45,19.21,22.24,113.34,910.41,4297.09,5207.5,320.0,-1198.05,75.92000000000002,-30.459999999999994,-51.269999999999996,50.7,-1.3210929802955664,-1.23,-4.35,-2.72,0.0,0.0,-2.4305632138637256,3.121354864119732,8.13599054745963,8.455801496652226,4.067995273729815,-12.71,-11.93,0.0,0.24,0.21,9,2004,0.0,28.003676470588236,-76.17
2004-12-31,253.33000000000004,26.340000000000003,0.9409030704394944,0.0,78.34,60.67999999999999,111.06,4.6,7.31,192.6500000000001,45.510000000000005,46.08,89.73,24.25,167.86,3307.86,3935.54,14.65,25.74,292.46,1106.09,4001.16,5107.26,320.0,-1171.71,-115.58,-8.799999999999997,57.919999999999995,50.379999999999995,1.2202107061503416,-1.26,-4.36,-1.78,0.0,0.0,2.685273931366647,-8.43641180012041,-8.986152919927756,-9.197591812161349,-11.882865743527997,-5.98,-5.59,0.0,0.15,0.13,12,2004,0.0,27.99438202247191,-49.83
2005-03-31,253.08,25.34,0.79,0.0,74.08,59.24,108.86,4.6,1.64,193.84,47.46,76.34,87.27,24.72,193.92,3282.94,3935.21,19.17,25.91,297.08,1117.56,3964.02,5081.58,320.0,-1146.37,62.51,-21.84,-10.4,49.62,1.455,-1.28,-4.43,0.79,0.0,0.0,2.56,5.96,-8.84,-8.88,8.4,10.59,10.01,0.0,0.17,0.15,3,2005,0.0,32.075949367088604,25.34
2005-06-30,223.87999999999997,942.54,29.4580268215068,0.0,50.75,36.169999999999995,85.92999999999999,4.6,4.69,187.72,28.880000000000003,83.46,81.39,24.74,205.45,3262.75,3926.1,26.07,23.49,138.24,879.08,3250.86,4129.94,320.0,-203.84,40.059999999999995,-27.66,-5.299999999999999,49.76,0.03850818002418995,-7.22,-20.26,30.25,0.0,0.0,96.01856015208496,9.34866305740381,-1849.5550803818653,-547.3642220109931,12.192214737364136,213.82,202.93,0.0,0.23,0.21,6,2005,0.0,31.99603305785124,967.88
2005-09-30,256.50000000000006,7.360000000000014,0.23002830072597558,0.0,111.32000000000001,48.71000000000001,100.27000000000001,4.6,7.53,207.78000000000003,47.739999999999995,104.2,73.09,25.36,217.3,3215.94,3894.45,27.84,25.61,143.47,889.4,3201.53,4090.93,320.0,-196.48,73.67000000000002,-18.019999999999996,-34.89,51.56,4.968953804347817,-7.49,-20.82,30.48,0.0,0.0,0.755893523645463,0.1101841597965631,-14.983838234690975,-4.2223173782863785,0.1448997169927405,140.71,132.96,0.0,0.24,0.22,9,2005,0.0,31.996062992125985,975.24
2005-12-31,316.77,625.26,22.330435238987818,0.0,92.67999999999998,90.85999999999999,196.11,4.6,8.33,225.90999999999997,44.989999999999995,128.1,80.11,26.64,238.86,3613.09,4305.75,25.44,27.8,155.15,328.85,3135.56,3464.42,320.0,841.34,106.25,-45.650000000000006,-36.709999999999994,105.25,0.05119470300355052,1.75,4.12,57.16,0.0,0.0,58.084134208059986,8.907171508903467,297.2651291471415,-1514.078516963449,9.23533045923149,168.24,152.4,0.0,0.73,0.65,12,2005,0.0,28.00034989503149,1600.5
2006-03-31,294.17,34.98,1.25,0.0,111.48,68.28,115.87,4.6,1.59,225.88,54.44,84.28,83.82,26.49,198.76,3607.1,4260.05,9.04,24.24,162.35,301.48,3081.67,3383.15,320.0,876.9,52.26,-31.07,-65.01,47.59,0.9199999999999999,1.68,3.86,1.25,0.0,0.0,3.28,6.68,15.96,-103.84,6.88,12.57,11.89,0.0,0.66,0.57,3,2006,0.0,27.983999999999998,34.98
2006-06-30,264.86999999999995,23.25,0.8304997424008244,0.0,91.71,59.129999999999995,103.49000000000001,4.6,0.47,205.75,47.790000000000006,59.66,80.13,26.55,170.87,3587.52,4210.69,27.39,23.49,107.1,220.49,3090.04,3310.54,320.0,900.15,61.93,-23.82,-62.72999999999999,44.36,1.3837451612903227,1.64,3.68,2.08,0.0,0.0,2.2040185471406493,4.99896960329727,10.333333333333334,26.719732096857292,5.0947964966512105,11.07,10.42,0.0,0.77,0.65,6,2006,0.0,27.995192307692307,58.23
2006-09-30,268.88,31.630000000000003,1.1298942799910974,0.0,87.86000000000001,69.85,115.18,4.6,8.9,199.03999999999996,57.36,81.63,94.21,25.83,207.71,3573.48,4234.58,30.85,29.13,185.26,245.23,3057.57,3302.8,320.0,931.78,74.56,-29.61,-22.980000000000004,45.33,1.0156481188744861,1.58,3.54,3.21,0.0,0.0,2.9848920543067,6.828644558201647,13.572811039394615,34.410736701535726,6.955361673714669,11.52,10.85,0.0,0.85,0.74,9,2006,0.0,27.993769470404985,89.86
2006-12-31,311.2600000000001,69.19000000000001,2.4709160641307766,0.0,140.84999999999997,118.43,149.14,4.6,0.0,192.82000000000005,76.99000000000001,94.12,93.52,25.79,220.68,3553.72,4212.35,14.69,26.83,140.09,283.92,2944.97,3228.89,320.0,983.46,96.22000000000003,-21.700000000000003,-62.02000000000001,30.710000000000008,0.46549537505419863,1.5,3.28,5.68,0.0,0.0,6.577508959446716,12.894005658597928,28.137121659855396,30.32962464633763,13.990257151839044,15.03,13.96,0.0,0.78,0.69,12,2006,0.0,28.001760563380284,159.05
2007-03-31,312.9,63.79,2.28,0.0,136.51,109.98,150.66,49.5,0.0,202.91,96.34,91.81,94.96,24.8,216.36,4110.85,4765.25,1.73,23.32,223.53,248.58,2894.7,3143.28,320.0,1621.97,76.82,30.43,-56.86,40.68,5.4275,9.77,1.94,2.28,0.0,0.0,5.36,9.76,15.72,20.44,9.72,21.36,20.39,0.0,0.87,0.77,3,2007,0.0,27.9780701754386,63.79
2007-06-30,240.34000000000003,-162.98,-5.816606512753302,0.0,63.85000000000002,-131.26,64.00999999999999,51.0,0.0,371.61,26.060000000000002,56.67,68.52,25.92,158.02,4066.95,4536.43,4.64,24.71,211.58,240.92,2849.44,3090.36,320.0,1446.06,49.91000000000001,-106.47999999999999,-31.269999999999996,195.26999999999998,-2.192489722665358,11.29,2.14,-3.54,0.0,0.0,-14.39363645528783,-3.2204940014114327,-45.086916019760054,-55.60281479987903,-3.2862183687871758,-18.92,-17.93,0.0,0.66,0.55,6,2007,0.0,28.019774011299432,-99.19
2007-09-30,270.02,28.17,1.0074880315404113,0.0,99.05000000000001,67.78999999999999,-47.16,43.0,0.0,202.23000000000002,55.5,43.52,69.06,26.41,271.27,4030.26,4578.6,63.78,21.37,211.38,296.53,2810.07,3106.6,320.0,1433.21,64.43999999999998,-109.73,32.129999999999995,-114.94999999999999,10.670647852325168,9.6,2.17,-2.54,0.0,0.0,2.45922275415376,-1.6817910447761197,7.869512813292032,9.535437904815545,-1.7293889045339343,-9.09,-8.63,0.0,0.91,0.83,9,2007,0.0,27.96062992125984,-71.02
2007-12-31,314.1600000000001,26.339999999999996,0.9373455684870187,0.0,126.06,76.78,132.01,46.25,0.0,237.37,60.139999999999986,82.13,89.02,27.01,327.6,3997.0,4588.21,56.3,27.09,142.18,350.48,2749.11,3099.59,320.0,1449.79,44.610000000000014,-17.25999999999999,11.259999999999998,55.22999999999999,12.336192103264997,10.21,2.14,-1.59,0.0,0.0,2.287358997314234,-6.602685765443149,7.2629543419874665,8.654234556848701,-6.862076991942703,-4.14,-3.93,0.0,0.93,0.86,12,2007,0.0,28.10062893081761,-44.68
2008-03-31,336.26,85.4,3.04,0.0,152.3,128.74,176.35,43.0,0.0,207.52,107.76,108.85,81.06,26.71,220.35,4029.51,4580.63,40.0,28.04,245.7,313.74,2704.48,3018.22,320.0,1522.91,137.57,-31.02,-79.82,47.61,3.5349999999999997,9.04,1.98,3.04,0.0,0.0,7.440000000000001,11.04,22.44,21.720000000000002,12.08,27.13,25.4,0.0,0.7,0.62,3,2008,0.0,28.092105263157897,85.4
2008-06-30,779.51,536.9300000000001,19.17946089695178,0.0,93.72,567.05,584.75,46.5,0.0,212.46,37.90999999999998,105.01,69.33,27.55,208.82,4010.35,4442.25,1.24,27.36,189.36,217.96,2131.52,2349.47,320.0,2047.6,69.65,-31.349999999999998,-42.150000000000006,17.700000000000003,0.6056048740059224,7.27,1.15,22.23,0.0,0.0,48.34984204521717,53.491973711696374,104.87877942570663,122.96251763533819,56.839535937525106,110.24,55.78,0.0,0.96,0.83,6,2008,0.0,27.995051731893838,622.33
2008-09-30,756.1400000000001,400.25,14.1886820591054,0.0,85.67999999999998,545.0799999999999,615.8100000000001,40.0,0.0,211.04999999999995,48.440000000000026,105.91,68.6,27.19,210.14,3980.77,4488.5,19.13,23.44,91.54,199.77,1806.93,2006.7,320.0,2435.24,90.1,-19.009999999999998,-70.19,70.72999999999999,0.7025846346033731,5.26,0.82,36.25,0.0,0.0,35.66545404760508,42.851776878092664,65.74154589371982,82.77579260302372,45.29418725185315,124.19,54.63,0.0,1.05,0.92,9,2008,0.0,28.20910344827586,1022.58
2008-12-31,273.16999999999985,25.050000000000068,0.8880587612038625,1.0,90.04000000000002,-56.1099999999999,-122.55000000000018,40.5,0.0,329.2900000000001,37.099999999999994,98.36,84.13,27.05,218.89,3952.95,4457.56,11.4,26.8,89.51,206.97,1783.96,1990.93,320.0,2447.8,94.40000000000003,-18.53,-83.41,-66.44,11.396374251496978,5.29,0.81,37.14,1.0,0.03,2.247644683714676,2.504928266659037,4.093582657999495,5.14184588070217,2.6656109504309797,97.19,48.84,0.0,1.06,0.93,12,2008,28.207592891760907,28.207592891760907,1047.63
2009-03-31,261.2,25.38,0.9,0.0,86.14,58.68,104.91,40.0,0.0,202.51,44.32,120.06,86.49,25.95,240.86,3868.68,4448.08,11.29,27.76,92.35,209.68,1758.32,1968.0,320.0,2460.95,77.41,-13.42,-42.3,46.23,11.11,5.2,0.8,0.9,0.0,0.0,2.28,5.2,4.12,5.08,5.52,10.31,9.72,0.0,1.15,1.02,3,2009,0.0,28.2,25.38
2009-06-30,222.2,-0.41999999999999815,-0.014807692307692242,1.0,37.83,26.919999999999995,73.63,35.0,0.0,195.28000000000003,-0.9500000000000028,107.67,67.73,25.44,214.42,3838.62,4387.95,37.91,15.75,93.87,215.42,1732.91,1948.32,320.0,2375.1,49.58,-17.009999999999998,-44.95,46.71,-590.8685714285741,4.72,0.82,0.88,1.0,1.14,-0.03836538461538445,-0.1305769230769225,-0.07067307692307662,-0.07605769230769197,-0.1379807692307686,5.67,5.16,2.05,1.0,0.88,6,2009,28.363636363636363,28.363636363636363,24.96
2009-09-30,329.88,122.44,4.3360705563093624,-0.004465276921179177,45.02000000000001,137.82,184.98999999999998,35.0,0.0,192.07,18.520000000000003,90.74,66.3,26.76,197.18,3914.59,4450.01,29.06,14.32,95.38,224.24,1690.99,1915.23,320.0,2485.04,58.94000000000001,-108.47999999999999,32.61,47.170000000000016,2.0164570401829467,4.51,0.77,5.22,1.0,0.19,10.998002713704206,16.61329715061058,19.70337042062415,19.902729986431478,17.576868385345996,23.08,18.12,0.0,0.88,0.76,9,2009,-0.12608847091605568,28.237547892720308,147.4
2009-12-31,307.71000000000004,24.919999999999987,0.8315343546889503,0.0577652020476917,86.94999999999999,38.859999999999985,86.65000000000003,34.0,55.39,268.85,42.03,85.56,84.38,29.96,213.22,4033.87,4576.4,46.44,19.52,96.64,255.8,1720.27,1976.07,320.0,2549.88,73.37,-165.06000000000003,86.5,47.78999999999999,10.216805778491176,4.27,0.77,5.75,1.0,0.17,2.1807892293407605,3.3608449396471665,3.910380687093777,3.9913649025069624,3.5112441968430814,19.4,15.37,0.0,0.83,0.72,12,2009,1.7311477594536058,29.968695652173913,172.32
2010-03-31,274.39,36.05,1.21,0.0,98.63,72.28,119.7,34.0,0.0,202.11,59.87,96.49,99.59,30.94,236.51,4152.41,4684.0,50.52,19.2,98.55,235.41,1823.52,2058.93,320.0,2573.7,87.89,-162.97,86.01,47.42,7.025,4.23,0.8,1.21,0.0,0.0,3.08,6.32,5.6,5.720000000000001,6.48,14.02,13.14,3.16,1.0,0.87,3,2010,0.0,29.793388429752063,36.05
2010-06-30,209.48000000000002,-20.779999999999998,-0.6940275049115913,0.5,50.390000000000015,13.909999999999997,68.24999999999999,32.0,0.0,195.57,10.220000000000006,176.28,55.54,30.91,266.06,4111.77,4660.51,53.0,13.74,166.26,233.0,1844.91,2077.91,320.0,2534.11,98.33999999999999,-12.189999999999998,-6.3700000000000045,54.34,-11.527821222329164,4.04,0.82,0.51,0.5,0.98,-1.7963064833005895,-10.396804191224621,-3.266011787819253,-3.3748788474132283,-10.614538310412572,3.34,3.16,1.82,1.14,1.01,6,2010,14.970588235294118,29.941176470588236,15.27
2010-09-30,241.59000000000003,-2.08,-0.06938589840788477,0.0006020603844266904,66.78999999999999,33.2,83.03000000000003,32.0,1.73,208.40000000000003,27.64,148.35,48.18,31.6,257.09,4156.9,4686.86,61.29,16.12,175.58,253.0,1846.65,2099.65,320.0,2538.42,84.15,-120.56000000000003,8.5,49.83,-115.30152644230769,4.03,0.83,0.44,0.5,1.14,-0.1766186504927976,-1.6463381349507202,-0.32800606520090986,-0.3343138741470812,-1.696800606520091,1.92,1.82,1.63,1.02,0.89,9,2010,0.018048128342245562,29.977272727272727,13.19
2010-12-31,255.53999999999996,4.980000000000002,0.16718767198679146,-0.0031958272877369433,79.87,43.989999999999995,96.99000000000001,33.75,0.04,211.53999999999996,34.36,91.31,60.28,31.8,193.0,4549.6,5010.76,47.98,18.68,106.89,269.17,1797.04,2066.21,320.0,2894.56,90.42000000000002,-88.59999999999997,-58.870000000000005,53.0,50.469181726907614,3.73,0.71,0.61,0.5,0.82,0.3946725371491471,3.738425976884977,0.6906769400110073,0.7345294441386905,3.7822784810126597,1.96,1.85,1.65,0.72,0.6,12,2010,-0.09519374068554143,29.786885245901644,18.17
2011-03-31,276.14,44.12,1.4,0.0,129.49,91.49,112.77,33.25,0.0,184.65,84.9,122.0,66.42,35.05,227.74,3036.74,7808.44,59.55,20.48,111.06,291.26,2092.3,2383.56,320.0,5245.55,105.51,-35.24,-39.56,21.28,5.9375,2.03,0.45,1.4,0.0,0.0,2.28,5.839999999999999,3.36,4.52,4.88,16.98,15.98,3.49,0.78,0.66,3,2011,0.0,31.514285714285716,44.12
2011-06-30,256.74,22.93,0.7284250559284117,0.5,83.88999999999999,69.25000000000001,97.45,35.0,0.0,187.49999999999997,42.739999999999995,79.84,48.65,35.17,171.98,3067.02,7970.63,61.35,17.59,127.16,328.55,2205.69,2534.24,320.0,5252.85,67.83,-195.92,80.18,28.199999999999996,12.010810074138682,2.13,0.48,2.13,0.5,0.23,1.1490648769574945,3.4882326621923934,1.7509560029828488,2.352847129008203,2.872662192393736,13.89,12.58,2.82,0.52,0.42,6,2011,15.73943661971831,31.47887323943662,67.05
2011-09-30,275.47,25.60000000000001,0.8095844576362657,0.0022498726845693647,102.25999999999999,72.0,92.53999999999999,33.75,0.0,203.45000000000005,56.77999999999999,43.81,64.26,37.92,156.14,3093.35,7981.65,68.78,20.74,133.32,327.84,2189.38,2517.22,320.0,5279.7,72.07999999999998,-70.9,-27.099999999999998,20.54,10.423124999999997,2.05,0.48,2.93,0.5,0.17,1.2820723151645983,4.056211548839721,1.9341608202914198,2.6194063680518087,3.359913653534809,12.64,11.46,2.63,0.48,0.36,9,2011,0.07114358505984697,31.621160409556314,92.65
2011-12-31,210.32999999999993,-35.14000000000001,-1.112063988871501,-0.0003522165309728606,23.069999999999993,0.549999999999983,41.68000000000001,34.0,0.0,209.78999999999996,-30.409999999999997,39.34,63.69,39.17,146.86,3766.78,8676.33,135.25,37.87,107.99,380.92,2190.3,2571.22,320.0,5917.38,19.06000000000003,-34.75,6.52,41.13000000000001,-7.642905520774044,1.84,0.43,1.82,0.5,0.27,-1.6131038080333862,-8.334369674839161,-2.3707737784733096,-3.201766649278387,-6.867911667536083,6.37,5.65,1.93,0.39,0.28,12,2011,-0.011129655327609456,31.598901098901095,57.51
2012-03-31,297.92,26.77,0.84,0.0,122.29,71.57,97.41,34.5,9.18,226.34,77.14,57.85,74.72,38.55,175.67,3750.43,8706.03,136.15,55.19,109.86,413.66,2165.32,2578.98,320.0,5939.41,106.36,-26.4,-61.15,25.84,10.2675,1.86,0.43,0.84,0.0,0.0,1.24,3.4800000000000004,1.7999999999999998,1.9199999999999997,3.44,9.4,8.99,2.19,0.42,0.33,3,2012,0.0,31.86904761904762,26.77
2012-06-30,315.63999999999993,43.95,1.3734375,0.0,90.24999999999999,90.68,120.75999999999999,35.0,3.82,224.97,42.599999999999994,45.32,81.67,38.33,165.91,3738.48,8691.42,103.29,91.51,112.53,351.41,2171.07,2522.47,320.0,5979.37,85.35000000000001,-28.620000000000005,-69.69999999999999,30.080000000000002,6.372040955631399,1.87,0.42,2.21,0.0,0.0,2.013546380090498,4.8474264705882355,2.933314479638009,3.1321832579185522,4.8474264705882355,12.7,11.53,2.51,0.47,0.36,6,2012,0.0,32.0,70.72
2012-09-30,311.59000000000003,41.93000000000001,1.3101961828672881,0.85,142.15,85.19999999999999,107.93000000000004,66.5,2.61,226.38000000000005,76.37000000000002,72.86,86.36,37.98,198.36,3723.27,8747.07,98.55,94.91,116.5,358.62,2177.94,2536.56,320.0,6019.77,113.89000000000001,-52.38999999999999,-33.379999999999995,22.730000000000004,12.687565585499641,3.54,0.42,3.52,0.85,0.24,1.9206284953395476,4.407023524189969,2.7841668885929876,2.9628300044385267,4.3921349312028415,13.16,12.18,2.29,0.55,0.45,9,2012,27.202414772727277,32.002840909090914,112.65
2012-12-31,344.39,63.889999999999986,1.997693440580038,-0.0005569816781158249,119.73000000000002,108.34000000000003,141.04999999999995,86.5,0.0,236.05999999999995,66.53999999999996,90.58,85.36,40.88,217.42,4538.8,9533.88,129.99,106.13,119.22,430.63,2189.94,2620.57,320.0,6686.36,117.42999999999995,-40.629999999999995,-58.95000000000002,32.709999999999994,10.824784003756458,4.14,0.39,5.52,0.85,0.15,2.678067293531211,5.6601314149767745,3.82167440806616,4.053291038858048,5.6601314149767745,15.29,13.91,2.86,0.5,0.41,12,2012,-0.017813323451914442,31.981884057971016,176.54
2013-03-31,362.28,46.65,1.46,0.0,170.25,89.4,116.39,118.5,0.35,272.88,80.96,74.62,103.47,40.26,218.97,4509.94,9597.19,112.73,98.32,122.52,414.22,3312.92,3727.15,320.0,5677.03,131.37,-65.95,-81.24,26.99,20.29,6.68,0.66,1.46,0.0,0.0,1.96,3.92,3.28,3.1999999999999997,3.8799999999999994,13.45,12.88,2.46,0.53,0.43,3,2013,0.0,31.95205479452055,46.65
2013-06-30,378.7900000000001,85.57,2.672849039479655,0.55,134.26,146.04,173.3,93.5,2.16,232.74,83.65000000000002,84.67,99.33,38.97,223.6,4479.78,9631.83,112.86,89.29,120.62,380.63,3317.47,3698.09,320.0,5737.98,92.53,-18.25999999999999,-64.64999999999999,27.26,8.745649176113124,5.21,0.64,4.13,0.55,0.13,3.5465406141279687,6.65299954621086,5.954046286492209,5.850497655422779,6.575338072908788,20.13,17.84,3.24,0.59,0.49,6,2013,17.607990314769978,32.01452784503632,132.22
2013-09-30,403.4599999999999,90.25,2.819425091023509,-7.656172810419456e-05,166.69,165.2,192.48000000000002,85.0,2.16,238.26999999999998,113.62,88.23,106.98,39.19,235.01,4455.83,9696.57,75.18,31.05,129.53,345.16,3331.54,3676.71,320.0,5819.47,100.52000000000001,-27.190000000000012,-69.5,27.28,7.536864542936288,4.67,0.63,6.95,0.55,0.08,3.7159617027014877,7.042477637434261,6.198678473502045,6.101317031509866,6.945116195442083,22.47,19.44,3.66,0.68,0.57,9,2013,-0.0024507464246532606,32.01007194244604,222.47
2013-12-31,645.5,276.78,8.648508763144715,-0.00011801154969855247,154.82999999999998,406.77,433.79,85.5,1.25,238.73000000000002,97.31,92.69,132.37,40.81,266.49,4434.58,10042.22,66.49,34.29,131.91,377.44,3470.94,3848.38,320.0,5985.34,106.94999999999999,-31.340000000000003,-71.59000000000003,27.019999999999996,2.471177469470338,4.57,0.64,15.6,0.55,0.04,11.0213047571357,18.29492238357536,18.494503355032545,17.474422834251378,18.51667901852779,37.93,27.89,5.72,0.71,0.6,12,2013,-0.003776747832500149,32.00320512820513,499.25
2014-03-31,338.58,45.78,1.4300000000000002,0.0,151.96,89.29,111.67,84.25,6.55,249.29,98.62,103.3,145.04,39.98,288.95,4417.0,10175.57,35.19,98.68,135.51,376.34,3565.7,3942.04,320.0,6022.99,109.16,-119.43,20.84,22.38,14.73,4.48,0.65,1.43,0.0,0.0,1.8,3.6,3.04,3.1200000000000006,3.64,14.17,13.52,3.32,0.77,0.66,3,2014,0.0,32.01398601398601,45.78
2014-06-30,389.00000000000006,89.69,2.800536650180852,2.0,91.44,161.64999999999998,187.89,84.0,0.0,227.35,39.54999999999998,88.84,131.07,40.0,260.53,4398.62,10341.98,39.47,103.1,140.06,374.01,3704.82,4078.83,320.0,6050.24,104.28999999999999,-145.19,26.279999999999998,26.24,7.499259114728509,4.44,0.67,4.23,2.0,0.47,3.4692227061341994,6.647136635417435,5.932106001328708,6.091001697792868,6.673619251494795,22.86,18.62,4.05,0.7,0.59,6,2014,64.05200945626477,32.026004728132385,135.47
2014-09-30,325.40999999999997,34.97999999999999,1.0938304488119681,1.9970829545210251,87.03999999999999,75.10000000000002,132.51999999999998,99.5,0.0,250.31000000000006,31.72,93.51,119.56,39.75,253.45,7953.21,8482.91,37.39,29.15,150.23,413.41,3200.08,3613.48,320.0,4726.98,120.62,-159.58999999999997,46.800000000000004,57.42000000000001,22.74372141223557,6.74,0.76,5.33,4.0,0.75,1.649980639483719,2.946980346142563,2.9633980639483712,2.6514614256380162,3.316378996773247,19.27,16.19,4.03,0.61,0.52,9,2014,63.8654389489885,31.979362101313317,170.45
2014-12-31,347.68000000000006,29.580000000000013,0.9242363645453185,0.0031792604467687485,128.49,82.71999999999997,118.58999999999997,89.0,0.0,264.9599999999999,70.31,131.29,115.54,40.46,287.92,7927.9,8459.16,33.07,142.58,160.35,471.43,3269.44,3740.88,320.0,4582.61,151.2,-223.14000000000004,105.89999999999999,35.86999999999999,24.07392832995266,6.21,0.82,6.25,4.0,0.64,1.395966605009249,2.614479828025797,2.578989151627257,2.2418277258411248,3.0285377193420997,16.51,14.28,3.84,0.61,0.52,12,2014,0.10175159474674444,32.0048,200.03
2015-03-31,387.32,76.37,2.39,0.0,169.44,125.13,160.83,87.25,0.42,262.19,104.0,131.43,128.87,39.9,300.82,7986.11,8530.8,31.7,140.75,171.08,443.19,3312.0,3755.19,320.0,4638.1,141.35,-161.56,22.81,35.7,9.1275,6.02,0.81,2.39,0.0,0.0,3.5999999999999996,5.36,6.6,5.72,6.2,21.12,19.72,5.03,0.68,0.59,3,2015,0.0,31.95397489539749,76.37
2015-06-30,370.26000000000005,61.109999999999985,1.9113543788187368,1.25,129.08999999999997,94.59,131.60999999999999,89.25,0.0,275.67,61.80000000000001,103.87,129.28,40.2,273.98,8038.77,8559.69,31.17,44.72,201.89,478.82,3294.03,3772.84,320.0,4649.89,101.05000000000001,-72.62,-63.55,37.019999999999996,11.67601374570447,6.14,0.81,4.3,1.25,0.29,2.862586558044806,4.124969450101832,5.262892057026476,4.5694704684317715,4.836171079429734,19.78,18.15,4.53,0.57,0.49,6,2015,39.96511627906977,31.972093023255812,137.48
2015-09-30,450.42999999999995,107.76000000000002,3.365852226390475,2.251701228601882,122.24000000000001,157.09,213.26999999999998,81.75,0.0,293.34000000000003,53.869999999999976,82.43,119.44,40.24,242.73,8052.77,8545.42,17.8,128.2,198.15,402.05,3317.02,3719.08,320.0,4688.93,94.16,-28.839999999999975,-102.94999999999999,56.18000000000001,6.070691351150705,5.58,0.79,7.66,3.5,0.46,5.044384276626979,7.786279562877183,9.19237970967216,9.157227206002284,8.137804599575928,23.63,20.3,4.62,0.6,0.5,9,2015,72.0897140081365,32.01566579634465,245.24
2015-12-31,454.76,115.82999999999998,3.6185847619575147,-0.0006466492361224804,98.02999999999997,153.85999999999996,196.05,83.25,0.0,300.89999999999986,30.730000000000018,104.01,102.38,42.44,249.51,8827.74,9260.32,25.99,129.68,229.41,419.71,3248.02,3667.73,320.0,5445.86,98.98000000000002,146.42999999999998,-223.11,42.19,5.751309246309247,4.89,0.67,11.28,3.5,0.31,5.004425734622094,7.686284653945218,8.507523748857562,9.238939817763868,7.699116514803223,26.46,21.71,4.69,0.59,0.49,12,2015,-0.020699081532512764,32.00975177304964,361.07
2016-03-31,375.07,29.82,0.93,0.0,116.47,64.31,139.78,81.5,0.24,310.76,48.45,106.69,100.58,42.17,250.13,8694.03,9197.72,15.94,116.96,216.17,383.22,3197.74,3580.95,320.0,5469.45,127.01,-17.37,-100.72,75.47,21.9075,4.77,0.65,0.93,0.0,0.0,1.28,2.92,2.2,2.36,2.92,8.42,7.95,2.22,0.65,0.54,3,2016,0.0,32.064516129032256,29.82
2016-06-30,330.8,-3.539999999999999,-0.11045662100456617,2.0,131.51,27.129999999999995,102.65,74.0,0.0,303.66999999999996,63.0,101.7,98.3,41.53,242.21,8657.65,9154.43,56.5,28.57,220.51,434.6,3173.0,3607.6,320.0,5401.47,98.71,-36.56,-73.15,75.52000000000001,-167.47932203389834,4.38,0.67,0.82,2.0,2.44,-0.15625570776255704,-0.5549771689497716,-0.2640182648401826,-0.2801826484018264,-0.5657534246575341,3.95,3.72,1.6,0.56,0.46,6,2016,64.09756097560977,32.04878048780488,26.28
2016-09-30,339.7600000000001,-21.48,-0.67125,-0.003048780487805214,107.54999999999998,8.11,85.32,69.5,0.54,331.6500000000001,19.60000000000001,85.64,118.31,41.14,245.78,8620.77,9121.77,115.55,26.56,188.04,444.66,3155.78,3600.44,320.0,5376.44,70.72,-63.27,-23.329999999999984,77.20999999999998,-25.88435754189944,4.14,0.67,0.15,2.0,13.33,-0.8950000000000001,-20.227,-1.611,-1.7900000000000003,-20.584999999999997,0.49,0.46,1.17,0.55,0.46,9,2016,-0.09756097560976684,32.0,4.8
2016-12-31,318.79999999999995,-1.27,-0.03957507082152975,0.005665722379603119,90.28000000000003,35.290000000000006,94.45999999999998,68.75,2.56,283.5099999999999,28.889999999999986,79.99,105.0,42.48,228.15,8648.77,9158.2,172.13,23.0,194.62,515.05,3109.91,3624.96,320.0,5387.63,95.82999999999998,-83.48,-18.460000000000008,59.170000000000016,-434.3011811023622,4.08,0.67,0.11,2.0,18.18,-0.05756373937677054,-2.101076487252125,-0.10073654390934846,-0.10073654390934846,-2.244985835694051,0.28,0.26,1.19,0.44,0.36,12,2016,0.18181818181817277,32.090909090909086,3.53
2017-03-31,372.37,31.42,0.9800000000000001,0.0,118.17,64.49,136.56,73.0,0.0,307.88,41.77,72.72,102.68,43.12,219.2,8760.03,9236.31,144.92,109.08,203.9,484.88,3174.19,3659.08,320.0,5408.77,146.33,-178.87,25.88,72.07,18.6225,4.32,0.68,0.98,0.0,0.0,1.36,2.8,2.32,2.32,2.96,9.1,8.44,2.23,0.45,0.36,3,2017,0.0,32.06122448979592,31.42
2017-06-30,323.83000000000004,-6.990000000000002,-0.2174539500614,0.85,80.14999999999999,23.620000000000005,96.07,73.25,0.0,300.21000000000004,8.54,52.68,99.2,42.25,194.82,8739.08,9191.42,226.5,97.65,190.78,540.72,3111.68,3652.4,320.0,5371.24,61.849999999999994,-56.859999999999985,-24.33,72.45000000000002,-84.21185264663804,4.36,0.68,0.76,0.85,1.12,-0.30901350798198945,-1.0987146950470734,-0.5150225133033158,-0.5150225133033158,-1.1673843634875156,3.76,3.51,1.55,0.36,0.28,6,2017,27.32302631578947,32.14473684210526,24.43
2017-09-30,359.93000000000006,3.3500000000000014,0.10491360691144712,-0.00568872911219721,172.06,26.92,102.60000000000002,70.5,0.0,333.01,95.84,65.68,109.6,41.53,217.5,8576.89,9052.23,219.7,30.08,189.9,554.63,3062.41,3617.04,320.0,5267.43,113.43,-36.02000000000001,-66.53,75.67999999999998,167.98607462686562,4.28,0.69,0.87,0.85,0.98,0.1495320374370051,0.6125989920806338,0.25565154787617,0.2508279337652989,0.6511879049676029,2.8,2.63,1.34,0.39,0.32,9,2017,-0.18164700544464196,31.931034482758623,27.78
