,revenue,net_profit,eps,dps,gross_profit,ebit,ebitda,close_price,allowance_doubtful_accounts,expense,operating_profit,cash,account_receivable,inventory,current_asset,property_plant_equipment,total_asset,short_term_loan,account_payable,current_portion_long_term_debt,current_liability,non_current_liability,total_liability,paid_in_capital,total_equity,cash_flow_operation,cash_flow_investment,cash_flow_financing,depreciation,P/E,P/BV,D/E,EPS,DPS,DPR%,ROA%,ROAA%,ROE%,ROAE%,ROCE%,NPM%,NPMA%,TIE,CurrentRatio,QuickRatio,month,year,dividend,number_of_shares,return_old
2000-03-31,57.11,-56.48,-3.3200000000000003,0.0,-32.27,-47.45,-38.63,0.64,0.0,104.56,-51.49,85.6,59.77,39.79,447.42,351.42,806.48,386.63,15.7,25.67,453.76,76.93,530.68,170.0,275.79,4.85,-7.01,-78.96,8.82,-0.0475,0.4,1.92,-3.32,0.0,0.0,-28.0,0.0,-81.92,0.0,-53.8,-109.27,-98.9,0.0,0.99,0.9,3,2000,0.0,17.012048192771083,-56.48
2000-06-30,59.870000000000005,-37.440000000000005,-2.2004770017035775,0.0,-11.199999999999996,-29.230000000000004,-20.549999999999997,0.56,0.0,89.1,-28.589999999999996,29.83,55.29,25.69,416.08,343.67,767.38,399.62,10.33,80.54,517.06,12.54,529.6,170.0,237.78,-22.71,-25.840000000000003,-7.220000000000013,8.68,-0.06271367521367521,0.4,2.23,-5.52,0.0,0.0,-19.51727427597956,0.0,-62.98466780238502,0.0,-48.841022146507676,-83.71,-80.29,0.0,0.8,0.76,6,2000,0.0,17.01449275362319,-93.92
2000-09-30,54.730000000000004,-26.789999999999992,-1.5757518018391181,0.0,-7.600000000000001,-18.439999999999998,-10.589999999999996,0.5,0.0,73.16999999999999,-23.510000000000005,33.95,75.26,21.41,411.16,337.92,756.57,413.31,12.57,29.88,482.58,62.34,544.92,170.0,211.65,-30.53,25.11,9.530000000000001,7.850000000000001,-0.07885125046659204,0.4,2.57,-7.1,0.0,0.0,-14.159572529202215,0.0,-50.62823958247037,0.0,-30.822592991467147,-74.58,-70.3,0.0,0.85,0.81,9,2000,0.0,17.001408450704226,-120.71
2000-12-31,56.25999999999999,-53.15000000000002,-3.1273697227654447,0.0,-14.309999999999995,-45.31,-37.040000000000006,0.4,0.0,101.57,-48.329999999999984,34.06,317.88,24.21,411.17,331.04,747.11,429.67,30.93,0.0,509.98,65.89,575.87,170.0,171.24,-5.409999999999997,8.47,-2.9399999999999977,8.269999999999996,-0.032711194731890866,0.4,3.36,-10.23,0.0,0.0,-28.45509030254228,0.0,-124.15321523064537,0.0,-72.41557575060395,-80.83,-76.26,0.0,0.81,0.76,12,2000,0.0,16.995112414467254,-173.86
2001-03-31,56.45,-1.21,-0.07,0.0,19.83,5.68,13.38,0.41,0.0,50.77,4.76,20.23,321.9,31.98,400.34,323.71,729.25,425.67,18.25,5.49,499.08,60.4,559.47,170.0,169.77,-20.27,10.31,-3.88,7.7,-1.4825,0.42,3.3,-0.07,0.0,0.0,-0.68,2.9599999999999995,-2.8399999999999994,-2.16,9.88,-2.23,-2.14,0.0,0.8,0.74,3,2001,0.0,17.285714285714285,-1.21
2001-06-30,39.599999999999994,-11.059999999999999,-0.6489975550122248,0.0,7.600000000000001,-5.34,1.6899999999999995,0.62,0.0,44.93999999999999,-5.89,26.66,290.85,31.07,378.73,317.24,701.2,419.24,11.1,10.98,487.44,54.91,542.35,170.0,158.85,13.32,-0.3100000000000005,-6.569999999999999,7.03,-0.235748191681736,0.66,3.41,-0.72,0.0,0.0,-6.309698451507742,0.18027709861450694,-27.834784026079866,-22.318304808475958,0.5768867155664221,-13.16,-12.77,0.0,0.78,0.71,6,2001,0.0,17.041666666666668,-12.27
2001-09-30,128.94,0.7999999999999989,0.046730601569311185,0.0,10.75,7.390000000000001,14.39,0.54,0.0,121.54,-76.61,14.92,177.02,33.81,305.73,313.64,625.26,357.49,9.44,16.9,414.78,50.76,465.53,170.0,159.73,116.88000000000001,-46.79,-61.83,7.0,2.9033437500000043,0.58,2.91,-0.67,0.0,0.0,0.510549258936355,-0.31246730601569267,2.0031386224934584,1.7241499564080185,-1.0238884045335643,-8.3,-5.1,0.0,0.74,0.66,9,2001,0.0,17.119402985074625,-11.47
2001-12-31,63.06999999999999,-3.5599999999999987,-0.20843646041250827,0.0,19.509999999999998,0.9000000000000004,8.11,0.6,0.0,62.18000000000001,-1.3000000000000114,33.83,57.71,32.58,194.93,315.31,516.27,285.46,7.67,22.39,328.78,23.26,352.05,170.0,164.22,127.62,-34.9,-93.82,7.210000000000001,-0.7177247191011238,0.62,2.14,-0.88,0.0,0.0,-2.757045908183632,1.297990685296074,-8.669061876247504,-8.48904856952761,4.358216899534263,-7.55,-5.22,0.0,0.59,0.49,12,2001,0.0,17.079545454545453,-15.03
2002-03-31,67.19,7.07,0.42,0.0,24.51,10.36,16.42,0.72,0.0,56.84,11.24,19.53,52.09,34.8,191.38,309.69,508.16,275.09,8.54,22.4,318.52,17.66,336.18,170.0,171.99,21.03,-19.46,-15.88,6.06,0.425,0.71,1.95,0.42,0.0,0.0,5.56,6.68,16.44,16.56,21.84,10.64,10.52,0.0,0.6,0.49,3,2002,0.0,16.833333333333336,7.07
2002-06-30,45.11,-4.57,-0.2742,0.0,9.260000000000002,-1.5399999999999991,4.52,0.83,0.0,46.64,-4.220000000000001,18.52,38.4,33.91,172.19,304.59,484.17,259.86,7.3,5.58,282.02,34.38,316.4,170.0,167.77,11.310000000000002,3.0700000000000003,-15.37,6.06,-0.7562910284463895,0.84,1.89,0.15,0.0,0.0,-3.8022400000000007,-10.89488,-10.89488,-11.18736,-31.880320000000005,2.31,2.23,0.0,0.61,0.49,6,2002,0.0,16.666666666666668,2.5
2002-09-30,66.11999999999999,8.3,0.06916666666666667,0.0,21.869999999999997,11.32,17.419999999999998,1.14,0.0,54.8,9.2,18.46,44.16,33.44,160.25,299.65,467.74,226.87,12.27,8.16,260.57,31.69,292.26,119.0,175.48,6.789999999999999,26.34,-33.209999999999994,6.1,4.121566265060241,0.77,1.67,0.09,0.0,0.0,7.101111111111111,11.343333333333332,18.905555555555555,19.79703703703704,29.880000000000003,6.26,6.05,0.0,0.61,0.49,9,2002,0.0,120.00000000000001,10.8
2002-12-31,152.04,63.370000000000005,0.5297209114197114,0.0,18.769999999999996,66.94,72.79,1.48,0.0,85.1,-5.1899999999999995,19.92,82.6,33.4,193.59,222.96,433.33,188.97,25.69,0.46,243.19,0.76,243.96,119.0,189.38,-16.87,95.81,-76.47000000000001,5.850000000000001,0.6993305191731103,0.93,1.29,0.62,0.0,0.0,58.50852905487394,62.67794526088716,133.83142510448968,143.3664015100445,156.52398543885667,29.38,22.44,0.0,0.8,0.66,12,2002,0.0,119.62903225806453,74.17
2003-03-31,109.3,1.26,0.0,,17.2,3.82,9.22,2.1,0.0,105.48,3.92,22.58,63.84,35.34,235.53,221.62,475.05,2.33,84.91,1.17,100.58,184.29,284.87,119.0,190.18,49.72,-42.43,-4.63,5.4,0.0,1.31,1.5,0.0,0.0,0.0,1.08,3.12,2.64,2.7999999999999994,4.08,1.17,1.15,0.0,2.34,1.99,3,2003,,inf,1.26
2003-06-30,115.05,14.799999999999999,0.11058530510585306,,20.94,17.16,22.29,1.86,0.0,97.89,7.42,13.67,141.68,53.12,272.14,218.24,563.81,6.96,129.47,15.61,177.66,181.49,359.14,157.0,204.67,-18.02,54.629999999999995,-45.529999999999994,5.129999999999999,4.204898648648649,1.43,1.75,0.12,0.26,2.13,10.50560398505604,14.744707347447074,28.936488169364882,31.774844333748444,20.0159402241594,7.53,7.16,0.0,1.53,1.23,6,2003,,133.83333333333331,16.06
2003-09-30,113.14000000000001,-3.0799999999999983,-0.021355932203389816,0.01872881355932208,9.25,-0.5,4.550000000000001,3.26,0.0,113.63999999999999,-4.31,28.88,130.75,62.05,252.0,219.56,527.03,10.01,34.88,18.5,128.31,183.99,312.3,170.23,214.73,-80.49,-32.58,128.28,5.050000000000001,-38.160357142857166,2.58,1.45,0.09,0.26,2.83,-2.334915254237287,-3.9105084745762686,-5.7328813559322,-6.311864406779657,-4.878644067796607,4.02,3.85,0.0,1.96,1.48,9,2003,2.7011111111111177,144.22222222222223,12.98
2003-12-31,141.08999999999997,9.059999999999999,0.0616606170598911,0.0047973381730187495,31.230000000000004,12.48,16.46,2.26,0.0,128.61,10.91,4.65,35.44,40.95,295.34,242.2,563.7,93.34,28.74,1.55,147.3,183.98,331.27,178.84,232.43,-61.35,10.729999999999999,26.39999999999999,3.9799999999999986,9.16508830022075,1.74,1.43,0.15,0.26,1.7,6.429147005444645,10.868711433756806,15.58780399274047,17.182758620689654,13.022722323048999,4.77,4.61,0.0,2.01,1.73,12,2003,0.7048888888888882,146.93333333333334,22.04
2004-03-31,120.27,3.85,0.02,0.0,17.75,7.18,12.04,2.24,0.0,113.08,1.96,10.91,59.58,62.19,320.2,250.86,586.66,66.57,54.26,8.42,155.73,189.72,345.45,183.76,241.21,12.51,3.27,-9.52,4.86,28.0,1.71,1.43,0.02,0.0,0.0,2.64,5.4,6.4,7.12,6.68,3.41,3.2,0.0,2.06,1.66,3,2004,0.0,192.5,3.85
2004-06-30,94.36,-4.44,0.0,,11.559999999999999,-1.1899999999999995,3.75,1.77,0.0,95.55999999999999,-2.74,3.82,53.77,77.33,348.03,252.97,612.13,123.61,46.95,12.87,208.31,191.89,400.2,183.79,211.93,-38.68,-7.05,38.65,4.94,0.0,1.53,1.89,0.0,0.14,0.0,-3.0101694915254242,30.703728813559326,-8.428474576271189,-8.428474576271189,44.550508474576276,-0.29,-0.27,0.0,1.67,1.3,6,2004,-inf,-inf,-0.59
2004-09-30,112.48000000000002,0.7999999999999999,0.0,,14.220000000000002,3.8499999999999996,9.07,1.56,0.0,108.63999999999999,-0.56,11.88,52.75,76.57,245.11,259.57,512.37,31.95,34.18,16.23,108.88,187.18,296.06,183.79,212.61,106.68,-11.59,-87.03999999999999,5.219999999999999,0.0,1.35,1.39,0.0,0.14,0.0,0.6095238095238096,28.799999999999997,1.5238095238095237,1.5238095238095237,37.18095238095238,0.07,0.06,0.0,2.25,1.55,9,2004,inf,inf,0.21
2004-12-31,148.14999999999998,11.52,0.058925831202046024,-inf,32.78,14.120000000000001,19.730000000000004,1.25,0.0,134.01000000000005,12.629999999999999,7.18,27.4,86.49,296.58,255.78,561.81,56.54,43.69,19.72,152.14,181.86,334.0,183.81,224.15,-21.680000000000007,-6.020000000000001,23.0,5.609999999999999,5.3024283854166665,1.03,1.49,0.06,0.14,2.27,8.210332480818414,16.734936061381074,20.54547314578005,20.191918158567773,22.981074168797953,2.54,2.47,0.0,1.95,1.38,12,2004,-inf,195.50000000000003,11.73
2005-03-31,122.16,2.8,0.02,0.0,21.75,6.11,12.12,1.6,0.0,116.04,5.69,2.52,98.93,84.73,323.77,253.08,585.94,94.85,27.12,23.2,182.46,176.54,359.0,183.81,226.94,-37.85,-3.18,36.38,6.01,20.0,1.3,1.58,0.02,0.0,0.0,1.92,4.16,4.92,4.8,6.040000000000001,2.34,2.29,0.0,1.77,1.31,3,2005,0.0,140.0,2.8
2005-06-30,151.92999999999998,21.54,0.11504519309778143,0.06,38.04,24.78,31.07,1.42,0.0,127.15999999999998,22.15,3.57,71.72,77.08,291.95,258.22,560.29,67.4,17.44,20.67,151.06,171.22,322.28,183.81,238.01,58.040000000000006,-10.89,-46.11,6.290000000000001,3.084874651810585,1.1,1.35,0.13,0.06,0.44,15.362958093672965,18.65502054231717,36.21268693508628,38.30119967132293,26.725883319638452,9.04,8.88,0.0,1.93,1.42,6,2005,11.233846153846153,187.23076923076923,24.34
2005-09-30,156.27000000000004,8.309999999999999,0.045813169984686056,-0.0019323830839910472,31.640000000000008,11.18,17.6,1.41,0.0,145.09000000000003,10.129999999999999,9.12,59.24,78.14,294.06,260.0,564.45,68.92,19.5,21.4,151.72,166.38,318.1,183.84,246.34,15.639999999999997,-8.649999999999999,-1.4399999999999995,6.419999999999998,7.691019855595669,1.05,1.29,0.18,0.06,0.32,5.884447166921898,7.951130168453291,13.489433384379785,14.487142419601836,10.374137825421132,7.69,7.59,0.0,1.94,1.42,9,2005,-0.3505128205128205,181.38888888888889,32.65
2005-12-31,138.01,-2.9399999999999977,-0.015833052844160204,0.0013889823852799277,24.539999999999992,0.46999999999999886,9.690000000000005,1.43,0.0,137.54000000000002,-4.25,13.54,32.03,71.14,276.56,264.07,552.1,75.34,19.24,22.29,147.15,160.44,307.59,184.14,243.71,14.21,-10.46,0.6799999999999997,9.220000000000002,-22.585663265306138,1.08,1.26,0.16,0.06,0.36,-2.1295456075395474,-3.024113093234599,-4.825122854257821,-5.026994278020864,-4.160134634803093,5.33,5.23,0.0,1.88,1.4,12,2005,0.25791666666666657,185.6875,29.71
2006-03-31,129.22,6.07,0.03,0.1,34.07,11.81,19.71,1.25,0.0,117.41,11.15,38.94,44.98,61.24,284.08,272.96,568.62,18.54,27.23,22.98,111.87,154.37,266.24,234.81,300.44,50.8,-13.93,-11.48,7.9,10.4175,0.98,0.89,0.03,0.1,3.33,4.28,8.2,8.08,9.2,10.36,4.79,4.7,0.0,2.54,1.99,3,2006,20.233333333333334,202.33333333333334,6.07
2006-06-30,79.74000000000001,-5.84,-0.0,,20.39,-1.3800000000000008,6.93,0.99,0.0,81.12,-2.4000000000000004,30.52,43.77,94.33,290.76,309.94,628.38,35.98,25.33,23.6,207.17,148.38,355.55,234.81,271.13,48.120000000000005,-45.11,-11.43,8.31,-0.0,0.86,1.31,0.0,0.1,0.0,-4.062608695652174,-177.7391304347826,-8.125217391304348,-9.14086956521739,-251.88173913043477,0.11,0.11,0.0,1.4,0.95,6,2006,inf,inf,0.23
2006-09-30,168.67999999999998,-9.860000000000001,-0.04095534787123572,-inf,14.04,-7.24,7.920000000000002,0.99,0.0,175.92,-9.8,18.05,51.89,68.78,290.04,334.45,674.27,70.69,26.15,24.24,266.62,142.38,409.0,234.81,261.27,-1.8200000000000074,-40.00000000000001,29.36,15.16,-6.043166835699797,0.89,1.57,-0.04,0.1,-2.5,-5.8566147455867075,2.1296780893042575,-15.112523364485982,-15.522076843198338,3.1945171339563867,-2.59,-2.55,0.0,1.09,0.83,9,2006,-inf,240.75000000000003,-9.63
2006-12-31,145.71000000000004,3.7300000000000004,0.018966101694915253,-0.022415254237288122,34.870000000000005,9.67,15.68,0.86,0.0,136.04000000000002,4.62,9.62,41.96,93.21,333.46,348.18,720.5,83.54,53.82,24.05,315.35,136.38,451.74,234.81,265.0,13.86,-28.959999999999994,6.659999999999999,6.010000000000002,11.337332439678285,0.76,1.7,-0.03,0.1,-3.33,2.0736271186440676,-5.108203389830509,5.639254237288136,5.866847457627118,-8.016338983050847,-1.15,-1.13,0.0,1.06,0.76,12,2006,-4.408333333333331,196.66666666666669,-5.9
2007-03-31,228.27,18.88,0.08,0.05,50.64,31.28,39.79,0.83,0.0,196.99,27.5,9.75,41.07,100.87,411.25,354.73,806.73,110.54,42.94,22.87,387.4,131.5,518.91,234.81,283.87,-4.4,-16.4,20.93,8.51,2.595,0.69,1.83,0.08,0.05,0.63,9.36,18.2,26.6,25.84,29.84,8.48,8.27,0.0,1.06,0.8,3,2007,11.799999999999999,235.99999999999997,18.88
2007-06-30,125.62999999999997,0.0,0.0,0.0,19.22,4.100000000000001,13.18,1.11,0.0,121.53999999999996,-2.0,16.04,27.95,96.11,374.95,355.4,769.63,127.02,21.38,21.44,367.4,126.94,494.34,234.81,272.14,15.52,-7.98,-1.25,9.08,inf,0.96,1.82,0.08,0.05,0.63,0.0,0.0,0.0,0.0,0.0,5.52,5.33,0.0,1.02,0.76,6,2007,0.0,235.99999999999997,18.88
2007-09-30,127.09000000000003,0.5300000000000011,0.002184441009788773,0.0013652756311179908,13.120000000000005,4.32,15.489999999999995,1.3,0.0,122.75,-7.640000000000001,15.17,35.44,89.64,339.36,355.54,733.91,92.81,35.01,20.0,336.3,122.38,458.68,234.81,272.66,48.71,-9.370000000000001,-40.21,11.170000000000002,148.77948113207518,1.12,1.68,0.08,0.05,0.63,0.28834621329211807,0.6160123647604341,0.7776609994848033,0.7940443070582192,1.0900360638845978,4.24,4.04,0.0,1.01,0.74,9,2007,0.3312500000000025,242.625,19.41
2007-12-31,221.66999999999996,-0.9499999999999993,-0.0041170097508125645,-0.0025731310942578548,31.64,5.890000000000001,15.090000000000003,1.12,0.0,215.77999999999997,-2.6099999999999994,55.14,37.11,113.19,409.43,362.46,840.56,93.09,41.6,18.56,448.88,117.82,566.7,234.81,271.72,117.55,-71.85,-5.719999999999999,9.2,-68.01052631578952,0.97,2.09,0.08,0.05,0.63,-0.45287107258938214,-1.2021668472372686,-1.3977248104008655,-1.4162513542795223,-2.3960996749729127,2.75,2.63,0.0,0.91,0.66,12,2007,-0.59375,230.75,18.46
2008-03-31,173.41,10.0,0.04,0.07,27.24,16.22,25.28,1.08,0.0,157.19,1.4,14.05,150.8,231.48,495.18,359.56,928.79,213.57,43.03,20.21,532.06,113.25,645.31,234.81,281.71,-176.2,19.69,115.42,9.06,6.75,0.9,2.29,0.04,0.07,1.75,4.32,7.48,14.2,14.16,16.36,6.4,5.77,0.0,0.93,0.5,3,2008,17.5,250.0,10.0
2008-06-30,314.9,31.439999999999998,0.13656370656370656,-0.006013513513513512,65.51,45.18,61.03,0.93,0.0,269.71,42.46,44.78,23.81,286.72,647.44,354.48,1072.05,267.9,57.15,19.72,665.05,108.69,773.74,234.81,296.73,86.85999999999999,-82.76,26.63000000000001,15.85,1.7036005089058526,0.74,2.61,0.18,0.07,0.39,11.744478764478764,20.24177606177606,42.39544401544401,44.216293436293434,45.79436293436294,8.94,8.49,0.0,0.97,0.54,6,2008,-1.3844444444444441,230.22222222222223,41.44
2008-09-30,405.96999999999997,20.730000000000004,0.09002895287115975,1.1259449895444583e-05,70.4,32.23,45.150000000000006,1.03,0.0,373.75,29.010000000000005,22.01,17.09,321.34,732.42,347.45,1170.28,345.06,64.52,19.65,747.29,104.15,851.45,234.81,317.46,-140.29,51.29,66.22999999999999,12.919999999999998,2.8565810419681616,0.76,2.68,0.27,0.07,0.26,7.082277625864565,13.110883062570373,26.115065143960113,28.10237091844942,29.529496541740397,7.2,6.95,0.0,0.98,0.55,9,2008,0.0025925925925918136,230.25925925925924,62.17
2008-12-31,305.6200000000001,-3.3800000000000026,-0.014373192719850325,0.0014588018874462235,19.97999999999999,2.6000000000000085,14.289999999999992,0.92,0.0,303.0200000000001,-3.5200000000000102,20.67,52.44,234.11,651.42,336.6,1088.07,363.16,47.48,21.29,676.47,96.64,773.11,234.81,314.08,-0.7800000000000011,-8.180000000000001,7.6200000000000045,11.690000000000005,-16.002011834319514,0.69,2.46,0.25,0.07,0.28,-1.2418438509950682,-2.2951114135057002,-4.30505868344957,-4.615519646198337,-5.37672393264161,5.07,4.9,0.0,0.96,0.62,12,2008,0.34305185185185394,235.16,58.79
2009-03-31,94.06,-19.99,-0.09,0.13,7.32,-15.56,-2.8,0.81,0.0,109.62,-17.58,2.2,120.37,208.82,552.46,326.67,937.57,286.15,41.49,20.71,551.61,91.54,643.15,234.81,294.09,33.07,36.95,-88.49,12.76,-2.25,0.65,2.19,-0.09,0.13,-1.39,-8.52,-6.68,-27.2,-27.760000000000005,-16.12,-22.35,-21.25,0.0,1.0,0.62,3,2009,28.874444444444446,222.11111111111111,-19.99
2009-06-30,69.56,-8.670000000000002,-0.03630146545708305,0.009102116771342175,19.85,-4.450000000000001,9.07,0.83,0.0,74.00999999999999,-5.23,65.71,120.42,226.83,574.69,317.85,950.41,239.21,34.34,20.5,607.88,86.44,694.32,234.81,256.09,115.02000000000001,-4.020000000000003,-47.989999999999995,13.520000000000001,-5.718777393310265,0.76,2.71,-0.12,0.13,-1.04,-3.6543475226796938,-2.3958967201674812,-13.540446615491977,-12.548206559665038,-7.0666852756455,-18.75,-17.52,-1.96,0.95,0.57,6,2009,2.1738888888888894,238.83333333333334,-28.66
2009-09-30,84.54999999999998,-8.319999999999997,-0.03599783666846943,-0.00433567694249146,17.369999999999997,-3.9599999999999973,8.08,0.86,0.0,88.50999999999999,-4.77,28.93,60.61,223.33,490.37,305.3,887.38,247.56,22.86,20.41,558.26,81.34,639.6,234.81,247.77,-12.509999999999991,0.21000000000000085,-24.860000000000014,12.04,-5.978137019230771,0.82,2.58,-0.16,0.13,-0.78,-3.752774472687938,-2.0968739859383443,-13.436192536506216,-11.771292590589505,-6.551606273661436,-15.8,-14.9,-1.66,0.88,0.48,9,2009,-1.0020833333333385,231.12499999999997,-36.98
2009-12-31,110.22,-34.26,-0.14427288040426725,0.0034717153284671734,40.080000000000005,-30.6,-18.05,0.91,56.42,140.81,22.779999999999998,84.91,47.62,198.98,483.24,295.52,819.1,208.36,18.66,20.4,529.34,76.24,605.58,234.81,213.52,88.0,22.6,-53.02000000000001,12.549999999999997,-1.575140105078809,1.0,2.84,-0.3,0.13,-0.42,-16.735654126895,-11.003211678832116,-64.17257720381808,-51.95747332959012,-36.222111173498035,-21.03,-19.88,-3.01,0.91,0.54,12,2009,0.8244166666666715,237.46666666666667,-71.24
2010-03-31,71.41,-25.3,-0.11,0.0,13.65,-22.19,-11.04,0.81,0.0,93.6,-22.45,71.75,36.3,192.7,484.17,307.5,845.39,175.76,15.19,22.5,588.13,69.04,657.18,234.81,188.22,66.47,-38.47,-40.61,11.15,-1.8400000000000003,1.01,3.49,-0.11,0.0,0.0,-11.96,-9.96,-53.76,-41.96,-34.52,-36.51,-35.43,-6.93,0.82,0.5,3,2010,0.0,230.0,-25.3
2010-06-30,68.16,-4.870000000000001,-0.02098442161087173,0.0,15.9,-2.3699999999999974,8.87,0.73,0.0,70.53,1.8099999999999987,90.09,29.51,204.57,483.46,303.0,837.32,105.45,17.69,23.1,590.63,63.34,653.97,234.81,183.34,106.25,-2.75,-85.53,11.24,-8.704075975359341,0.93,3.57,-0.13,0.0,0.0,-2.324428239973484,-1.7756049055353,-10.627802452767652,-8.865111037454426,-6.430918130593307,-22.46,-21.62,-4.38,0.82,0.47,6,2010,0.0,232.0769230769231,-30.17
2010-09-30,103.36000000000001,-2.719999999999999,-0.01157798723016114,0.0,18.790000000000003,-0.5800000000000018,10.959999999999999,0.76,0.0,103.94,-4.039999999999999,60.68,27.17,193.37,421.37,296.23,809.94,75.34,16.69,24.0,571.97,57.34,629.31,234.81,180.63,8.080000000000013,-4.149999999999999,-34.17999999999999,11.54,-16.41477022058824,0.99,3.48,-0.14,0.0,0.0,-1.343046518698692,-0.9791669200364848,-6.023861356035266,-5.077774399513528,-3.4932441471571893,-14.26,-13.54,-3.19,0.74,0.4,9,2010,0.0,234.92857142857142,-32.89
2010-12-31,321.93,41.65,0.19018264840182647,0.0,59.50999999999999,43.54,55.13,0.72,0.0,278.40000000000003,41.09,28.3,37.84,160.84,421.19,286.37,799.15,78.3,61.0,24.0,525.53,51.34,576.87,234.81,222.28,-82.67000000000002,-1.5700000000000003,52.489999999999995,11.590000000000003,0.9464585834333734,0.76,2.6,0.04,0.0,0.0,20.920091324200914,43.17146118721461,74.93196347031963,76.45342465753423,127.80273972602738,1.6,1.55,1.87,0.8,0.5,12,2010,0.0,219.0,8.76
2011-03-31,157.68,22.19,0.09,0.0,43.65,30.97,40.09,0.76,0.0,126.71,20.95,38.08,41.72,151.66,381.17,281.52,769.99,76.32,43.41,24.3,476.45,50.29,526.73,234.81,243.26,69.54,-18.01,-41.84,9.12,2.11,0.73,2.17,0.09,0.0,0.0,11.52,15.32,36.48,41.16,42.2,15.42,14.07,14.54,0.8,0.48,3,2011,0.0,246.55555555555557,22.19
2011-06-30,124.69999999999999,5.5,0.023835319609967494,0.0,35.64000000000001,13.020000000000003,21.589999999999996,1.19,0.0,111.69000000000001,13.150000000000002,14.52,47.67,139.44,393.84,276.82,777.6,88.54,28.14,24.3,480.2,48.64,528.84,234.81,248.75,-29.750000000000007,0.3200000000000003,5.850000000000001,8.570000000000002,12.485672727272727,1.12,2.13,0.12,0.0,0.0,2.8284579270494765,4.330083062477429,8.842903575297942,10.185626579992778,11.750812567713975,10.47,9.81,10.65,0.82,0.53,6,2011,0.0,230.75000000000003,27.69
2011-09-30,151.39999999999998,21.469999999999995,0.0917148087876322,0.0,66.33999999999999,35.800000000000004,44.63999999999999,1.13,0.0,115.58000000000001,35.800000000000004,50.45,51.37,134.03,366.67,273.19,762.56,56.42,26.75,24.4,448.42,43.91,492.33,234.81,270.22,123.77000000000001,-19.73,-67.88,8.84,3.079655333022823,0.98,1.82,0.21,0.0,0.0,11.267819365337672,17.73152969894223,31.776997558991045,38.10095199349064,44.372497965825865,11.94,11.33,12.87,0.82,0.52,9,2011,0.0,234.09523809523807,49.16
2011-12-31,147.09000000000003,6.150000000000006,0.02668595190743087,0.0,54.99000000000001,11.559999999999988,20.440000000000012,1.54,11.72,135.53999999999996,35.61999999999999,58.11,147.0,165.11,472.2,270.63,865.45,56.15,25.21,26.73,552.67,36.41,589.07,234.81,276.37,-16.97,-5.600000000000001,30.180000000000007,8.879999999999995,14.434560975609743,1.31,2.13,0.24,0.0,0.0,2.842053878141387,4.88352919905985,8.899764961128195,9.864906888446944,12.991610920267593,9.93,9.52,11.33,0.85,0.56,12,2011,0.0,230.45833333333334,55.31
2012-03-31,151.21,19.64,0.08,0.13,31.86,27.03,35.86,1.59,0.0,124.18,11.52,194.58,24.86,144.3,431.89,268.32,762.77,1.38,20.01,29.07,437.85,28.91,466.76,234.81,296.01,186.27,54.59,-104.44,8.83,4.97,1.26,1.58,0.08,0.13,1.63,10.28,14.12,26.52,29.12,33.28,15.0,12.99,19.17,0.99,0.66,3,2012,31.915000000000003,245.5,19.64
2012-06-30,150.55999999999997,11.27,0.04739890003235199,-0.004226787447428028,41.959999999999994,19.04,27.9,1.76,0.0,131.51999999999998,18.37,189.44,20.79,99.65,396.54,265.01,723.88,1.55,23.71,31.41,425.71,21.41,447.13,234.81,276.76,20.789999999999992,-4.240000000000002,-21.680000000000007,8.860000000000001,9.283970718722271,1.49,1.62,0.13,0.13,1.0,6.227486250404399,8.954746036881268,16.290637334196052,17.151109673244903,22.53270786153348,11.21,10.24,20.3,0.93,0.7,6,2012,-1.0050000000000026,237.76923076923077,30.91
2012-09-30,166.88,24.419999999999998,0.10592445328031809,-0.004075546719681916,52.09,32.52,41.35,1.8,0.0,134.36,31.009999999999998,189.09,35.13,78.35,366.73,270.46,699.53,5.29,36.73,0.41,384.64,13.71,398.36,234.81,301.18,57.639999999999986,-10.509999999999998,-47.50999999999999,8.829999999999998,4.2483108108108105,1.4,1.32,0.24,0.13,0.54,13.964373757455267,18.978131212723657,32.43053677932406,34.195944333996025,44.06457256461233,12.68,11.81,30.94,0.95,0.75,9,2012,-0.939583333333335,230.54166666666666,55.33
2012-12-31,164.12,3.3000000000000043,0.014071294559099454,0.002205284552845552,39.25999999999999,8.129999999999995,16.310000000000002,2.24,0.81,155.98999999999995,9.169999999999995,220.21,13.48,59.8,357.14,267.97,677.83,5.43,51.35,0.41,358.81,14.55,373.36,234.81,304.47,6.730000000000018,0.779999999999994,23.599999999999994,8.180000000000003,39.79733333333329,1.73,1.23,0.25,0.13,0.52,1.9474671669793646,2.530581613508446,4.336210131332089,4.545590994371488,6.119324577861171,9.84,9.27,34.01,1.0,0.83,12,2012,0.5171833333333389,234.52,58.63
2013-03-31,184.96,6.2,0.03,0.01,32.13,9.58,18.15,2.68,0.0,175.38,8.12,150.05,22.03,74.22,311.88,265.61,665.92,2.5,63.49,0.56,331.11,20.8,351.9,234.81,314.02,-91.8,-4.33,26.16,8.57,22.3325,2.0,1.12,0.03,0.01,0.37,3.7199999999999998,5.36,7.880000000000001,8.12,11.44,3.46,3.35,479.0,0.94,0.72,3,2013,2.066666666666667,206.66666666666669,6.2
2013-06-30,176.23999999999998,18.91,0.07530864197530865,0.0017695473251028804,51.96,22.130000000000003,29.990000000000002,1.52,0.0,154.11,24.900000000000006,53.82,38.65,52.08,206.81,267.62,564.5,9.04,43.86,0.56,213.34,20.85,234.18,258.29,330.31,-67.46,-40.13,11.010000000000002,7.859999999999999,5.045901639344262,1.19,0.71,0.1,0.01,0.11,13.404938271604939,14.820740740740742,22.893827160493828,24.9120987654321,27.20148148148148,7.14,6.95,634.2,0.97,0.73,6,2013,0.44433333333333325,251.1,25.11
2013-09-30,159.56,18.86,0.07291789856720492,0.00029178985672049065,50.599999999999994,24.82,32.760000000000005,1.66,0.0,134.74,24.239999999999995,39.71,41.64,42.9,183.34,267.79,540.26,41.86,30.64,0.57,168.47,22.62,191.09,258.29,349.17,15.97999999999999,-7.43,-22.490000000000002,7.940000000000001,5.6885896076352065,1.23,0.55,0.17,0.01,0.07,13.965922219695248,15.647323174891971,21.600855128496704,23.196470320673185,26.078871958153282,8.65,8.44,157.03,1.09,0.83,9,2013,0.07547058823529396,258.6470588235294,43.97
2013-12-31,199.04999999999995,21.549999999999997,0.08222680097680098,0.00013098829275299886,53.06,27.129999999999995,34.83,1.64,0.0,171.91999999999996,25.65,41.7,40.22,34.26,216.12,264.42,564.24,65.47,42.12,0.58,171.31,18.39,189.7,258.29,374.54,-19.629999999999995,1.3299999999999983,20.130000000000003,7.699999999999999,4.986208816705337,1.13,0.51,0.25,0.01,0.04,15.274450549450549,17.721520146520145,23.01034798534798,25.391636141636138,28.00973748473748,9.34,9.1,95.07,1.26,1.06,12,2013,0.03432941176470594,262.08,65.52
2014-03-31,154.76,-1.28,0.0,,23.3,0.87,8.33,2.1,0.0,153.88,-1.58,32.31,34.24,37.43,214.36,268.96,586.48,80.68,40.43,0.56,195.55,13.78,209.33,258.29,377.15,-12.21,-11.73,14.55,7.46,0.0,1.44,0.56,0.0,0.15,0.0,-0.88,0.56,-1.36,-1.48,0.88,-0.87,-0.83,0.81,1.1,0.9,3,2014,-inf,-inf,-1.28
2014-06-30,103.86000000000001,-5.34,-0.024199395770392748,inf,22.02,-4.9,2.25,1.94,0.0,108.76999999999998,-3.5199999999999996,9.47,41.33,42.24,207.95,268.35,586.66,137.65,25.76,0.49,239.6,14.0,253.6,258.29,333.06,-41.47,-11.059999999999999,29.779999999999998,7.1499999999999995,-20.04285580524345,1.5,0.76,-0.03,0.15,-5.0,-3.6460422960725074,-2.258610271903323,-6.420906344410876,-6.453172205438066,-3.742839879154078,-2.68,-2.56,-1.8,0.87,0.69,6,2014,inf,220.66666666666669,-6.62
2014-09-30,132.58999999999997,6.24,-0.0,,39.43,8.870000000000001,16.4,1.95,0.0,123.73000000000002,12.27,21.24,59.48,32.67,192.23,266.88,587.98,72.32,27.74,0.39,237.08,11.59,248.67,258.29,339.31,103.18,-23.68,-67.35,7.530000000000001,-0.0,1.48,0.73,0.0,0.15,0.0,3.9410526315789474,-56.48842105263158,7.225263157894737,7.225263157894737,-90.64421052631579,-0.1,-0.1,1.36,0.81,0.67,9,2014,-inf,-inf,-0.38
2014-12-31,216.45999999999998,40.95,0.16149864431846192,inf,76.25999999999999,49.39,57.67999999999999,1.8,0.0,167.04999999999995,51.12,41.64,47.67,19.6,195.78,264.41,586.28,71.27,40.28,0.28,194.21,11.85,206.06,258.29,380.22,42.150000000000006,-20.099999999999994,-1.5399999999999991,8.29,2.786401098901099,1.22,0.54,0.16,0.15,0.94,27.939265467093914,38.0733053980774,43.07976337194972,43.40276066058664,55.83815627310821,6.86,6.68,12.19,1.01,0.91,12,2014,inf,253.5625,40.57
2015-03-31,272.15,32.86,0.13,0.12,74.71,42.28,50.63,2.1,0.0,229.87,43.49,30.17,148.36,38.41,308.49,260.39,690.26,70.0,43.77,0.2,266.09,11.09,277.18,258.29,413.07,-102.79,-3.83,95.2,8.35,4.0375,1.31,0.67,0.13,0.12,0.92,19.04,26.48,31.84,33.28,39.88,12.28,12.07,44.51,1.16,1.01,3,2015,30.332307692307687,252.76923076923075,32.86
2015-06-30,184.17000000000002,22.72,0.08993163008276359,-6.31106928336071e-05,66.2,28.849999999999994,37.35,2.4,0.0,155.32,35.21999999999999,41.3,41.25,24.24,296.95,256.98,679.51,101.9,42.58,0.56,262.19,12.51,274.7,258.29,404.81,61.52,-7.470000000000001,-43.010000000000005,8.500000000000002,6.672290933098592,1.53,0.68,0.22,0.12,0.55,13.375286074127384,18.37875494782296,22.45020510975171,24.62491543720763,27.862454120187117,12.3,12.18,33.71,1.13,1.04,6,2015,-0.015944055944054014,252.63636363636363,55.58
2015-09-30,217.27000000000004,46.44,0.17752989609880415,0.004107216053893187,98.47999999999999,55.30000000000001,63.95,2.94,0.0,161.95999999999998,74.78000000000002,56.84,180.54,28.2,306.98,252.82,680.71,98.93,39.53,0.56,216.82,12.64,229.46,258.29,451.26,100.13,-7.289999999999999,-77.38,8.649999999999999,4.140992678725237,1.68,0.51,0.39,0.12,0.31,27.29408351303666,36.288931582042736,41.16872770045089,46.995349931385995,49.6173299353068,15.3,15.15,95.78,1.42,1.29,9,2015,1.0744055944055972,261.5897435897436,102.02
2015-12-31,92.79999999999995,-11.83999999999999,-0.04595253936571297,-0.00183155057406553,28.24000000000001,-12.64,-3.700000000000017,3.4,0.0,105.45000000000005,-8.710000000000008,79.34,32.17,24.85,191.25,251.31,529.82,0.0,26.9,0.49,78.94,10.31,89.25,258.29,439.41,97.17999999999999,25.07,-99.55,8.939999999999998,-18.489184966216236,2.0,0.2,0.35,0.12,0.34,-8.938425371479255,-10.708254601907287,-10.776526946107774,-11.559033045021058,-13.255338212463947,11.91,11.77,66.16,2.42,2.11,12,2015,-0.4719120879120844,257.6571428571429,90.18
2016-03-31,112.49,5.67,0.02,0.2,36.54,7.54,16.2,3.8,0.0,104.95,8.62,54.29,22.33,26.98,209.85,247.4,545.6,0.0,42.3,0.48,89.53,9.81,99.34,258.29,445.08,-20.02,-4.82,-0.16,8.66,47.5,2.21,0.22,0.02,0.2,10.0,4.16,4.88,5.08,5.28,6.6,5.25,5.04,377.0,2.34,2.04,3,2016,56.7,283.5,5.67
2016-06-30,126.44000000000001,6.57,0.02683823529411765,-0.03161764705882354,37.07,9.330000000000002,17.87,3.16,0.0,117.11,12.01,28.75,95.06,33.92,243.83,246.24,580.56,70.0,38.17,0.6,169.63,9.25,178.88,258.29,400.0,-54.45,-6.959999999999999,35.86,8.54,29.435616438356167,2.04,0.45,0.05,0.2,4.0,4.530294117647059,5.754117647058823,6.57,6.527058823529412,8.824411764705884,5.29,5.12,45.59,1.44,1.24,6,2016,-7.740000000000002,244.79999999999998,12.24
2016-09-30,132.01999999999998,16.880000000000003,0.06376373626373627,0.015054945054945076,51.709999999999994,21.109999999999996,29.689999999999998,2.92,0.0,110.91000000000003,21.960000000000004,156.12,94.13,38.26,341.78,396.3,832.17,70.63,62.06,5.62,301.63,111.4,413.03,258.29,416.88,176.63,-158.83,109.60000000000001,8.580000000000002,11.450473933649288,1.81,0.99,0.11,0.2,1.82,8.115384615384617,11.639780219780219,16.20758241758242,15.55835164835165,16.601758241758244,8.11,7.85,17.19,1.13,1.01,9,2016,3.9854545454545516,264.72727272727275,29.12
2016-12-31,243.64000000000004,19.249999999999996,0.07561505065123009,-0.007972635179581649,52.70000000000002,24.020000000000003,33.160000000000004,2.8,0.0,219.61,26.92,36.9,32.31,24.02,211.28,397.9,701.3,10.0,45.52,13.0,159.61,104.06,263.68,258.29,436.13,-76.94999999999999,-9.689999999999998,-32.46000000000001,9.14,9.259400000000001,1.66,0.6,0.19,0.2,1.05,10.98408104196816,16.03039073806078,17.654124457308246,17.590448625180898,18.227206946454412,8.07,7.87,17.46,1.32,1.17,12,2016,-2.0296650717703386,254.57894736842104,48.37
2017-03-31,141.15,4.06,0.02,0.12,35.31,6.66,15.9,2.9,0.0,134.49,7.94,32.47,34.14,37.72,255.48,396.18,746.22,32.68,42.44,20.4,207.95,96.64,304.59,258.29,440.18,-39.5,-6.64,41.83,9.24,36.25,1.7,0.69,0.02,0.12,6.0,2.16,4.12,3.68,3.68,4.96,2.96,2.88,5.24,1.23,1.05,3,2017,24.359999999999996,202.99999999999997,4.06
2017-06-30,210.23,33.339999999999996,0.12480213903743316,0.028812834224598922,73.96,43.06,52.410000000000004,2.6,0.0,167.17000000000002,44.53,90.91,40.03,22.15,244.16,392.41,727.64,40.0,47.84,27.82,193.38,94.29,287.66,258.29,438.55,159.32,-2.1900000000000004,-98.93,9.35,5.207843431313738,1.53,0.66,0.14,0.12,0.86,18.32808556149732,27.09989304812834,30.41606417112299,31.806716577540108,33.19736898395722,10.85,10.64,17.51,1.26,1.15,6,2017,7.697142857142854,267.1428571428571,37.4
2017-09-30,152.89,19.910000000000004,0.07642994241842611,-0.003060049355634748,54.540000000000006,26.269999999999996,36.42999999999999,3.4,0.0,126.61999999999995,27.189999999999998,39.75,67.13,22.65,218.61,396.88,702.05,40.07,45.37,12.89,134.86,107.28,242.14,258.29,458.47,-33.41999999999999,-10.53,-7.259999999999998,10.16,11.11802486187845,1.92,0.53,0.22,0.12,0.55,11.339424184261038,13.771285988483687,17.370441458733207,18.190326295585415,18.621113243762,11.6,11.36,17.47,1.62,1.45,9,2017,-0.7971428571428518,260.5,57.31
