,revenue,net_profit,eps,dps,gross_profit,ebit,ebitda,close_price,expense,operating_profit,cash,account_receivable,inventory,current_asset,property_plant_equipment,total_asset,account_payable,current_portion_long_term_debt,current_liability,non_current_liability,total_liability,paid_in_capital,total_equity,cash_flow_operation,cash_flow_investment,cash_flow_financing,depreciation,P/E,P/BV,D/E,EPS,DPS,DPR%,ROA%,ROAA%,ROE%,ROAE%,ROCE%,NPM%,NPMA%,CurrentRatio,QuickRatio,month,year,dividend,number_of_shares,return_old
2012-09-30,,,,,,,,,,,87.13,10.65,103.6,201.38,109.81,371.2,57.86,1.34,65.14,9.33,74.47,217.5,296.74,,,,,,0.0,0.25,1.35,0.0,0.0,,,,,,22.25,22.0,3.09,1.5,9,2012,,91.05185185185185,122.92
2012-12-31,219.01999999999998,50.77999999999999,0.3946632124352331,0.0,155.02000000000004,57.93000000000001,64.47999999999999,16.0,161.08999999999997,56.390000000000015,298.26,11.76,123.57,893.6,122.11,1078.53,68.83,1.32,83.1,8.97,92.07,300.0,986.45,44.04999999999999,-471.51,638.59,6.550000000000001,10.13364021268216,4.87,0.09,1.35,0.0,0.0,18.838590673575126,0.0,20.592649395509493,0.0,25.726194588370753,22.56,22.34,10.75,9.27,12,2012,0.0,128.66666666666666,173.7
2013-03-31,232.84,54.2,0.18,0.0,163.8,67.96,75.05,22.0,164.87,61.62,236.74,16.93,148.64,962.31,127.16,1158.76,81.09,1.46,109.22,8.53,117.75,300.0,1041.01,41.74,-102.9,-0.36,7.09,30.555,6.34,0.11,0.18,0.0,0.0,18.72,0.0,20.84,0.0,25.92,23.93,23.28,8.81,7.45,3,2013,0.0,301.11111111111114,54.2
2013-06-30,247.38000000000002,55.17999999999999,0.18161272627537026,0.35,171.62,69.14,76.91000000000001,24.9,178.25,62.839999999999996,219.15,18.72,143.7,881.57,131.59,1092.39,69.78,0.0,97.4,3.8,101.2,300.0,991.19,55.88999999999999,37.95,-111.44,7.77,34.277884197172895,7.54,0.1,0.36,0.35,0.97,20.199371000182847,0.0,22.277827756445415,0.0,27.80692631194002,23.39,22.78,9.05,7.58,6,2013,106.34166666666665,303.8333333333333,109.38
2013-09-30,247.82999999999993,48.25,0.16223117426885747,0.2924469749836114,169.27999999999997,60.370000000000005,68.6,22.0,187.46000000000004,53.760000000000005,105.99,23.63,166.97,846.59,135.9,1066.23,100.48,0.0,112.6,4.2,116.79,300.0,949.44,38.170000000000016,-61.489999999999995,-89.83,8.23,33.90270103626943,6.95,0.12,0.53,0.65,1.23,18.09642834485821,33.64613335025059,20.324811266890823,30.97697138869505,25.35703863477765,22.24,21.65,7.52,6.04,9,2013,86.97814465408804,297.4150943396226,157.63
2013-12-31,274.61,53.78,0.17807104678113617,0.00989845359950673,183.67000000000002,67.39000000000001,76.45999999999998,20.2,207.2299999999999,60.22,192.14,25.84,175.77,893.76,157.01,1138.06,105.21,0.0,130.69,4.14,134.84,300.0,1003.22,56.349999999999994,29.959999999999994,-0.17000000000001592,9.069999999999997,28.362275009297136,6.04,0.13,0.7,0.65,0.93,18.906057423962917,24.319417246109456,21.439754032448796,21.62291282342368,26.751358970720403,21.66,21.08,6.84,5.49,12,2013,2.989474393531026,302.01428571428573,211.41
2014-03-31,280.87,53.59,0.18000000000000002,0.0,186.61,66.95,76.84,19.7,213.91,60.36,137.29,23.88,182.03,843.2,163.69,1200.98,99.84,0.0,138.77,7.83,146.6,300.0,1054.38,51.92,-106.76,0.0,9.89,27.36,5.61,0.14,0.18,0.0,0.0,17.84,22.68,20.32,20.48,25.2,19.54,19.08,6.08,4.76,3,2014,0.0,297.72222222222223,53.59
2014-06-30,315.20000000000005,61.56999999999999,0.20316602987148316,0.35,206.08999999999997,77.08,87.87,22.8,238.13000000000002,70.39999999999999,156.08,20.05,199.95,796.08,163.32,1156.58,108.13,0.0,137.2,8.42,145.63,300.0,1010.95,52.25,71.53,-105.0,10.79,28.055871365924965,6.77,0.14,0.38,0.35,0.92,21.300354289683916,27.39533518582841,24.35853768669677,24.593782563390064,30.21827370614797,19.76,19.32,5.8,4.34,6,2014,106.06842105263156,303.05263157894734,115.16
2014-09-30,362.52,81.25999999999999,0.2689084614601364,0.3489946355553888,242.45999999999998,101.65,113.22,30.0,260.85999999999996,95.67000000000002,153.66,19.66,251.49,804.81,182.3,1186.22,169.75,0.0,190.32,8.68,199.01,300.0,987.21,99.36,3.219999999999999,-105.0,11.57,27.888207605217822,9.12,0.2,0.65,0.7,1.08,27.403840749414517,36.09165258120354,32.93094389573363,33.55977599022503,40.82444150290195,20.91,20.49,4.23,2.91,9,2014,105.46080971659917,302.18461538461537,196.42
2014-12-31,426.67999999999995,104.74000000000004,0.34778855093637945,-0.002381560530052876,279.71000000000004,131.11,142.83999999999997,33.75,295.58000000000004,124.54000000000002,174.56,22.26,288.49,875.31,198.43,1286.95,142.69,0.0,190.38,9.06,199.44,300.0,1087.51,64.03999999999999,-43.13,0.0,11.729999999999997,24.260430590032456,9.31,0.18,1.0,0.7,0.7,32.55300836764511,43.23707265241069,38.521059901713386,40.07915260990836,47.800058440695985,22.15,21.74,4.6,3.08,12,2014,-0.7172307692307243,301.16,301.16
2015-03-31,364.47,76.0,0.25,0.0,243.18,94.85,106.95,42.75,269.62,88.31,126.62,22.54,346.5,945.67,217.87,1387.79,147.9,0.0,214.89,9.39,224.27,300.0,1163.51,50.63,-98.57,0.0,12.1,42.75,11.02,0.19,0.25,0.0,0.0,21.92,29.32,26.12,27.399999999999995,32.36,21.23,20.85,4.4,2.79,3,2015,0.0,304.0,76.0
2015-06-30,405.91999999999996,93.62,0.03311637778563849,0.64,271.82,117.03,129.07,4.04,288.89,111.60999999999999,254.6,20.09,292.06,866.75,252.83,1246.31,128.33,0.0,171.61,9.57,181.19,300.0,1065.13,106.07,213.91,-192.0,12.040000000000001,30.496994766075623,11.38,0.17,0.06,0.64,10.67,30.04759344416932,38.94486027591086,35.147515623157645,36.07477420115553,43.53699799551939,22.36,22.02,5.05,3.35,6,2015,1809.28,2827.0,169.62
2015-09-30,447.63,101.89999999999998,0.03377651738361814,0.0902828520919269,294.89,127.19999999999999,139.41,4.54,320.43000000000006,123.4,283.82,20.27,270.08,854.17,273.05,1255.35,184.26,0.0,228.36,9.96,238.33,300.0,1017.03,194.89,-15.670000000000002,-150.0,12.21,33.600266928361144,13.39,0.23,0.09,0.69,7.67,32.470492044784905,41.70274012964054,40.081467295226865,40.66692692987625,49.56891573364761,22.58,22.29,3.74,2.56,9,2015,272.3733333333332,3016.8888888888887,271.52
2015-12-31,574.01,130.97000000000003,0.042301920544609815,0.017648057508675097,376.7099999999999,163.74,176.08999999999997,5.75,410.27,160.49,119.01,40.93,290.11,1070.05,292.53,1492.92,272.96,0.0,334.55,10.36,344.92,300.0,1148.0,206.73000000000008,-371.54,0.0,12.350000000000001,33.98131766816827,15.03,0.3,0.13,0.69,5.31,35.09107008869786,47.09179954781486,45.63401028596985,46.87052796342767,56.502349872046516,22.7,22.46,3.2,2.33,12,2015,54.639743589743375,3096.076923076923,402.49
2016-03-31,529.91,129.22,0.04,0.0,349.36,161.55,174.48,5.4,368.36,156.18,287.91,46.11,289.93,1163.95,306.41,1600.69,218.05,0.0,312.64,10.32,322.95,300.0,1277.74,101.78,67.12,0.0,12.93,33.75,12.68,0.25,0.04,0.0,0.0,32.28,43.24,40.44,42.36,50.16,24.63,24.39,3.72,2.8,3,2016,0.0,3230.5,129.22
2016-06-30,588.2200000000001,138.73,0.04659712632953909,0.08,392.43999999999994,173.64999999999998,188.82000000000002,8.25,414.56999999999994,169.18,264.41,49.13,299.52,1113.06,303.5,1549.01,300.96,0.0,369.38,10.93,380.31,300.0,1168.69,207.47,18.00999999999999,-248.99,15.170000000000002,44.26399571109349,21.18,0.33,0.09,0.08,0.92,35.82801268893451,49.66218175032655,47.487649188281395,49.68289158425079,58.85734801268893,24.18,23.96,3.01,2.2,6,2016,238.17777777777778,2977.222222222222,267.95
2016-09-30,738.8999999999999,210.25,0.07034713508992053,0.08030856452437381,495.06999999999994,263.59,279.22999999999996,9.5,475.31000000000006,258.98,323.72,49.65,397.45,1200.82,297.15,1632.72,426.84,0.0,480.58,11.39,491.98,300.0,1140.74,236.89,62.33000000000001,-239.89999999999998,15.64,33.76399048751486,24.98,0.43,0.16,0.16,1.02,51.51168966959431,72.93239230447512,73.72379757423673,77.94462567963195,91.39851526557925,25.95,25.75,2.5,1.67,9,2016,240.0222222222222,2988.75,478.2
2016-12-31,701.8100000000002,177.81,0.05963049343760003,-0.0003695065623999514,469.47,222.39,238.05000000000007,11.7,479.4200000000001,217.44999999999993,216.87,41.77,373.89,1312.53,303.8,1750.55,315.71,0.0,413.48,16.78,430.26,300.0,1320.29,156.99,-263.76,-0.08000000000004093,15.659999999999997,49.05040745739834,26.59,0.33,0.22,0.16,0.74,40.62462889285224,54.903421594183015,53.873440343897194,57.63558238441487,66.59099830795262,25.83,25.64,3.17,2.27,12,2016,-1.101818181818146,2981.8636363636365,656.01
2017-03-31,687.53,199.65,0.07,0.0,455.02,249.92,265.01,10.5,437.61,244.95,677.72,69.77,305.98,1567.16,296.8,1994.58,117.51,0.0,459.21,8.94,468.16,300.1,1526.42,272.7,183.33,4.83,15.09,37.5,20.64,0.31,0.07,0.0,0.0,40.04,55.599999999999994,52.32,56.96,65.12,29.25,29.04,3.41,2.75,3,2017,0.0,2852.142857142857,199.65
2017-06-30,887.3800000000001,273.18999999999994,0.09244226376787072,0.14,612.3900000000001,341.70000000000005,356.68000000000006,10.8,545.68,335.68,479.58,99.52,410.04,1589.13,290.42,2017.61,485.47,0.0,612.94,17.54,630.48,300.1,1387.14,323.3,-107.43,-414.02,14.98,29.207419744500168,23.37,0.45,0.16,0.14,0.86,54.17116656797224,76.68085779544876,78.78391929616784,85.50909398528042,97.34170374756786,30.23,30.02,2.59,1.92,6,2017,413.735,2955.25,472.84
2017-09-30,1064.55,348.19,0.11450409851040766,0.15394108619660665,712.5799999999999,431.21000000000004,446.47,16.0,633.3400000000001,425.6,263.27,122.0,415.05,1501.7,283.97,1980.13,582.18,0.0,666.56,18.23,684.79,300.27,1295.34,386.03999999999996,-160.91000000000003,-441.43,15.259999999999998,34.933684051810786,37.09,0.53,0.27,0.29,1.07,70.33096184061483,96.04773418754492,107.51510760873538,114.35142637906044,132.0953207556362,31.3,31.11,2.25,1.63,9,2017,468.1120370370369,3040.8518518518517,821.03
