,revenue,net_profit,eps,dps,gross_profit,ebit,ebitda,close_price,expense,operating_profit,cash,account_receivable,inventory,current_asset,property_plant_equipment,total_asset,short_term_loan,account_payable,current_portion_long_term_debt,current_liability,non_current_liability,total_liability,paid_in_capital,total_equity,cash_flow_operation,cash_flow_investment,cash_flow_financing,depreciation,P/E,P/BV,D/E,EPS,DPS,DPR%,ROA%,ROAA%,ROE%,ROAE%,ROCE%,NPM%,NPMA%,CurrentRatio,QuickRatio,month,year,dividend,number_of_shares,return_old
2000-03-31,1187.94,337.5,1.69,0.0,512.0,499.2,815.22,27.6,688.74,346.28,1392.86,303.07,1.81,4566.14,224.73,8333.67,0.77,182.08,0.09,2170.39,0.0,2170.39,2000.0,6156.42,532.99,-678.28,0.0,316.02,4.0825,8.97,0.35,1.69,0.0,0.0,16.2,0.0,21.92,0.0,32.4,32.71,28.41,2.1,2.1,3,2000,0.0,199.70414201183434,337.5
2000-06-30,1296.44,337.89,1.6909758806023185,7.0,573.8699999999999,482.3,945.2,23.0,814.1400000000001,394.99,857.62,344.14,1.68,3541.79,211.32,7169.04,0.81,210.58,0.04,670.05,0.0,670.05,2000.0,6493.52,683.03,694.0899999999999,-1400.48,462.9,3.398037822960135,7.08,0.1,3.38,7.0,2.07,18.85087904766135,0.0,20.81201083818238,0.0,30.21743881313019,30.18,27.19,5.29,5.28,6,2000,1398.7366863905327,199.81952662721895,675.39
2000-09-30,1276.5899999999997,403.13,2.014678170084931,0.009688517927371545,847.46,567.5699999999999,913.3499999999999,21.4,709.0299999999997,658.9100000000001,866.28,366.49,2.06,3956.88,215.34,7519.68,0.53,214.76,0.0,629.51,0.0,629.51,2000.0,6896.54,637.5,-652.77,5.559999999999945,345.7800000000001,2.6553000272864833,6.21,0.09,5.39,7.0,1.3,21.440063049363943,0.0,23.38372287950154,0.0,33.61036383191781,29.94,28.68,6.29,6.28,9,2000,1.9386382847919776,200.09647495361781,1078.52
2000-12-31,1488.4699999999998,466.78999999999996,2.334992137499919,-0.006503717532572865,811.75,658.24,1011.02,21.6,830.23,608.8299999999999,1386.85,538.23,1.8,4823.4,278.94,8329.58,0.91,205.66,0.0,981.61,0.0,981.61,2000.0,7362.3,947.3000000000002,-856.6800000000001,-7.3599999999999,352.78,2.309076297692753,5.87,0.13,7.73,7.0,0.91,22.413507969274775,0.0,25.361699853103904,0.0,36.29659188124066,30.67,29.44,4.91,4.91,12,2000,-1.3001629676921311,199.91073738680464,1545.31
2001-03-31,1519.43,500.4,2.5,0.0,834.05,710.9,1089.4,24.0,808.53,656.27,1350.68,476.85,3.52,5635.18,287.51,9041.62,20.09,244.54,0.0,2686.17,0.0,2686.17,2000.0,6361.57,1029.29,-1015.62,17.76,378.5,2.4,7.55,0.42,2.5,0.0,0.0,22.12,32.72,31.480000000000004,31.96,44.76,34.24,32.93,2.1,2.1,3,2001,0.0,200.16,500.4
2001-06-30,1448.4199999999998,455.82000000000005,2.278575641588756,7.5,846.6100000000001,680.6899999999999,1043.7999999999997,24.2,767.73,672.4200000000001,983.35,434.18,1.45,4333.86,266.55,7647.85,192.32,0.0,0.0,834.78,0.0,834.78,2000.0,6816.7,565.27,990.64,-1520.1,363.11,2.653719231275503,7.1,0.12,4.78,7.5,1.57,23.83447323837611,35.80891259333627,26.751812762753342,27.40011043483717,38.955063060801905,32.99,32.22,5.19,5.19,6,2001,1500.3451882845188,200.0460251046025,956.22
2001-09-30,1240.2400000000002,332.5999999999999,1.6619419313790906,0.003046963460915702,645.2299999999998,489.5600000000002,850.29,22.6,750.6800000000001,459.5999999999999,1591.91,404.67,1.37,4915.76,2526.67,7811.91,0.0,166.66,0.0,678.03,0.0,678.03,2000.0,7148.97,534.1300000000001,-395.89,0.0,360.7299999999999,3.4002993084786532,6.32,0.09,6.44,7.5,1.16,17.03232414146273,25.33171117766639,18.611685107307455,18.942008969444917,27.22075076426498,31.39,30.63,7.25,7.25,9,2001,0.6097806595803377,200.12732919254657,1288.82
2001-12-31,1164.9499999999998,253.70000000000005,1.2680723750745537,-0.00224490480447872,499.37000000000035,358.1999999999998,731.3700000000003,20.6,806.75,339.71000000000004,1750.2,366.68,3.52,5313.14,238.4,8103.31,16.67,166.74,0.0,717.44,0.0,717.44,2000.0,7401.9,405.9499999999998,-640.5300000000001,16.669999999999845,373.1700000000001,4.058463145447378,5.57,0.1,7.71,7.5,0.97,12.526120893084046,17.927352643725854,13.710312994320983,13.749786064362214,19.94705806083552,29.38,28.71,7.41,7.4,12,2001,-0.44913236822367253,200.06744487678338,1542.52
2002-03-31,1238.84,333.8,1.67,0.0,599.8,488.76,848.06,26.6,750.08,442.44,2350.04,400.82,10.44,5797.98,230.83,8621.76,20.85,188.52,0.0,2496.48,0.0,2496.48,2000.0,6134.95,1208.1,-938.78,4.18,359.3,3.9825,8.67,0.41,1.67,0.0,0.0,15.48,22.12,21.76,21.36,31.92,27.99,26.94,2.32,2.32,3,2002,0.0,199.8802395209581,333.8
2002-06-30,1408.66,450.54,2.2517234872631766,8.0,771.6700000000001,648.1500000000001,1011.6400000000001,24.0,760.5099999999999,590.6099999999999,1293.07,448.95,9.51,4440.08,219.06,7343.19,20.0,186.66,0.0,765.12,0.0,765.12,2000.0,6585.33,950.23,-151.96000000000004,-1600.8500000000001,363.48999999999995,2.663559728326009,7.29,0.12,3.92,8.0,2.04,24.539190657112986,34.85576051202285,27.365333401331057,26.882821225488946,39.703859040722136,30.91,29.63,5.8,5.79,6,2002,1600.6938775510205,200.08673469387756,784.34
2002-09-30,1325.23,414.93999999999994,2.075945567340404,-0.008274352366522485,762.3300000000002,591.98,941.6499999999999,20.0,733.2500000000002,594.8800000000001,1542.39,391.98,1.84,4686.53,215.72,7698.01,22.47,209.94,0.0,705.32,0.0,705.32,2000.0,6998.74,470.6100000000001,-759.6600000000001,2.4700000000000273,349.6700000000001,2.406132452884755,5.72,0.1,6.0,8.0,1.33,21.562154626109,30.848551130678402,23.721138016143016,23.458184910946564,34.211582949769856,31.05,30.19,6.64,6.64,9,2002,-1.6538775510205141,199.88,1199.28
2002-12-31,1545.5400000000004,469.23,2.345432871244404,0.0072438283258718416,772.46,675.05,1061.44,20.4,870.4899999999998,580.1800000000001,1811.77,513.77,1.16,5323.12,214.69,8532.72,55.8,416.13,0.0,1066.04,0.0,1066.04,2000.0,7468.66,796.31,230.94000000000005,33.319999999999936,386.3899999999999,2.177956172878972,5.46,0.14,8.34,8.0,0.96,21.991948504953523,32.50983692036608,25.130441411798554,25.242932196990132,36.22203283168816,31.42,30.24,4.99,4.99,12,2002,1.4492086330935763,200.0611510791367,1668.51
2003-03-31,1513.19,542.48,2.71,0.0,859.19,722.8,1075.92,20.8,790.39,689.59,1715.83,436.59,1.21,6076.21,217.17,9217.13,35.0,356.73,0.0,2906.15,1.74,2907.88,2000.0,6311.13,1045.49,-954.97,-20.8,353.12,1.92,6.59,0.46,2.71,0.0,0.0,23.56,32.4,34.4,34.88,45.8,37.21,35.85,2.09,2.09,3,2003,0.0,200.1771217712177,542.48
2003-06-30,1610.65,626.48,3.1298275390090335,8.5,971.8999999999999,830.45,1183.0099999999998,24.0,780.1999999999999,793.13,1433.8,462.58,1.59,4814.67,219.81,7942.74,63.43,259.78,0.0,1016.47,9.96,1026.43,2000.0,6937.53,771.8299999999999,617.72,-1671.5800000000002,352.55999999999995,1.9172302387945346,6.92,0.15,5.84,8.5,1.46,31.55552148918697,43.56033944702984,36.121639748152205,37.064875444839856,48.08358335614564,38.71,37.42,4.74,4.74,6,2003,1701.3972602739727,200.16438356164386,1168.96
2003-09-30,1569.37,439.56999999999994,2.1971258229563633,-0.0041833056285796085,832.1700000000003,652.73,1019.81,23.6,916.6400000000001,633.49,1081.12,547.67,1.45,5220.41,224.52,8385.32,53.01,326.71,0.0,937.22,11.0,948.21,2000.0,7377.57,580.3199999999999,-998.5799999999999,65.58000000000015,367.08000000000004,2.6896047273471804,6.4,0.13,8.04,8.5,1.06,20.965608599155747,29.983662350096047,23.829523850969515,24.46352035709623,32.37754570943656,35.23,34.27,5.57,5.57,9,2003,-0.8369368908879551,200.06592039800998,1608.53
2003-12-31,1545.83,361.31999999999994,0.17975663121557478,17.653971562852288,792.75,539.2399999999998,929.1000000000004,22.6,1006.5900000000001,510.0,1765.91,547.77,0.45,3684.85,221.29,6892.35,31.77,249.57,0.0,1064.0,4.21,1068.22,2000.0,5746.53,2872.82,-171.06000000000017,-2016.3700000000001,389.8599999999999,31.429716733089784,7.87,0.19,0.98,18.5,18.88,20.969161306698474,26.112402061070636,25.151254359468993,21.87161296545422,34.55729522552478,32.37,31.57,3.46,3.46,12,2003,35485.38355416794,2010.0510204081631,1969.85
2004-03-31,1476.65,431.43,0.22,0.0,760.82,619.85,1014.89,18.5,856.8,566.44,2578.46,582.61,0.69,4162.89,262.74,7437.34,30.0,345.35,0.0,1595.37,0.0,1595.37,2000.0,5756.98,975.47,-161.16,-1.77,395.04,21.0225,6.43,0.28,0.22,0.0,0.0,23.2,29.759999999999998,29.96,28.6,42.44,30.39,29.22,2.61,2.61,3,2004,0.0,1961.0454545454545,431.43
2004-06-30,1735.0099999999998,548.52,0.27427399357110055,0.2,987.85,796.7599999999999,1132.9700000000003,18.0,938.25,771.3399999999999,2817.52,733.84,1.11,4154.36,358.24,7456.08,31.51,293.94,0.0,1050.4,0.0,1050.4,2000.0,6305.5,964.45,-326.89,-398.5,336.21,16.404854654342593,5.71,0.17,0.49,0.2,0.41,29.420083881830706,41.19707332006734,34.793615184448186,33.13677636614113,49.50365712536353,31.34,30.51,3.96,3.95,6,2004,399.9795918367347,1999.8979591836735,979.95
2004-09-30,1601.2200000000003,384.30999999999995,0.19155498218814596,0.4006346866074064,810.0099999999998,579.9100000000001,985.9200000000001,18.0,1021.3100000000002,554.6000000000001,2551.76,650.52,0.46,3793.83,376.24,7195.46,30.0,362.1,0.0,1188.65,0.0,1188.65,2000.0,5889.81,1083.85,-548.0900000000001,-801.51,406.01,23.491427623533088,6.11,0.2,0.68,0.6,0.88,21.36401448404263,28.879730549895175,26.096549338102708,23.17815284476566,37.454632987846885,29.03,28.35,3.19,3.19,9,2004,803.7792316926768,2006.2647058823527,1364.26
2004-12-31,1659.8400000000001,237.6099999999999,0.11866630875164647,-0.0011767863956059412,618.8400000000001,366.17999999999984,832.4299999999998,15.7,1293.6600000000003,330.27999999999975,2648.82,690.44,0.53,3894.89,600.16,7565.48,40.94,380.32,0.0,1236.94,8.45,1245.39,2000.0,6123.96,564.3899999999999,-565.3599999999999,98.02999999999997,466.25,33.08436944993898,5.13,0.2,0.8,0.6,0.75,12.56082878136178,19.390074850019033,15.521553184715357,16.01401836603469,22.149066528494814,25.35,24.75,3.15,3.15,12,2004,-2.356323529411611,2002.3374999999999,1601.87
2005-03-31,1485.86,153.15,0.08,0.0,514.68,244.79,647.52,14.7,1241.07,237.37,2706.37,578.8,2.74,4031.4,733.41,7727.33,10.02,299.51,0.0,2243.58,8.45,2252.03,2000.0,5278.79,545.95,-457.98,-30.42,402.73,45.9375,5.57,0.43,0.08,0.0,0.0,7.920000000000001,12.92,11.6,11.12,17.84,10.55,10.31,1.8,1.8,3,2005,0.0,1914.375,153.15
2005-06-30,1736.51,229.12999999999997,0.1138817097415507,0.5,664.0200000000001,373.18000000000006,759.46,11.6,1363.3300000000002,353.16999999999996,2096.1,614.28,0.7,3061.45,772.59,6722.38,0.0,318.33,0.0,1000.63,8.45,1009.08,2000.0,5511.9,714.1699999999998,-305.61,-1018.82,386.28,25.46392222755641,4.21,0.18,0.19,0.5,2.63,13.641830072198388,20.90628439886994,16.638717170660247,15.51188762163859,25.893104530710474,12.08,11.86,3.06,3.06,6,2005,1005.9999999999999,2011.9999999999998,382.28
2005-09-30,1483.63,206.06000000000006,0.10156950062888807,0.15413026481286338,525.31,287.05999999999995,711.0799999999999,14.9,1196.5699999999997,271.63,1766.63,686.94,0.49,2940.57,754.91,6575.04,32.14,386.89,0.0,960.13,8.45,968.58,2000.0,5416.28,479.82000000000016,-524.66,-284.6600000000001,424.02,36.67488741143355,5.5,0.18,0.29,0.65,2.24,12.538579732807563,18.408596389842614,15.214410714892752,14.583979331678966,22.583453105347253,12.72,12.5,3.06,3.06,9,2005,312.693103448276,2028.7586206896553,588.34
2005-12-31,1714.1899999999996,292.79999999999995,0.14621059082552146,-0.008493503322107068,699.9199999999998,430.6300000000001,852.5799999999999,13.5,1283.56,392.07000000000005,1760.31,714.1,0.43,2943.84,775.3,6802.95,0.04,330.9,0.0,958.64,0.0,958.64,2000.0,5708.56,609.69,-572.1500000000001,-31.159999999999854,421.95000000000005,23.081775273224046,4.73,0.17,0.44,0.65,1.48,17.212974101731845,24.709589849513126,20.52265020314592,19.791597249018313,30.37192727602878,13.97,13.72,3.07,3.07,12,2005,-17.00901253918505,2002.590909090909,881.14
2006-03-31,1681.28,436.17,0.22,0.0,862.44,617.9,1018.49,12.6,1063.38,581.29,2633.69,703.7,1.09,3650.26,745.1,7385.17,0.09,325.76,0.0,1690.39,0.0,1690.39,2000.0,5544.73,1120.8,-249.92,2.5,400.59,14.3175,4.54,0.3,0.22,0.0,0.0,23.64,32.72,31.48,32.24,43.4,26.57,25.94,2.16,2.16,3,2006,0.0,1982.5909090909092,436.17
2006-06-30,1748.91,464.95,0.23218605735085227,0.3,950.1499999999999,651.33,1048.01,15.0,1097.58,640.71,1759.18,714.02,0.43,3591.62,719.65,7218.4,0.08,272.73,0.0,1070.59,0.8,1071.39,2000.0,6009.69,35.52999999999997,-304.4200000000001,-605.62,396.68,16.14922550811915,4.99,0.18,0.45,0.3,0.67,25.757173295454546,37.58318314985796,30.937502219460228,32.27902166193182,42.61904074928977,26.76,26.27,3.35,3.35,6,2006,600.7466666666667,2002.4888888888888,901.12
2006-09-30,1815.8300000000004,426.93999999999994,0.21217444994955045,0.35144963329970025,885.1600000000001,589.1500000000001,990.6999999999998,17.0,1226.6799999999998,569.22,1772.26,671.17,1.28,3385.89,790.83,6970.46,0.52,260.93,0.0,1109.17,0.0,1109.17,2000.0,5733.48,1658.3000000000002,-945.65,-699.57,401.54999999999995,20.032572258396968,5.93,0.19,0.66,0.65,0.98,24.496504675993553,35.28525397948888,29.78157733837326,30.630275138171466,40.77607156303179,25.79,25.32,3.05,3.05,9,2006,707.191212121212,2012.212121212121,1328.06
2006-12-31,1705.1299999999992,314.6700000000001,0.15707353003841168,-0.0028821295076246907,792.2600000000002,464.15999999999985,888.1700000000001,21.1,1240.98,378.74,1994.03,665.77,0.44,3647.55,745.56,7225.86,0.0,237.03,0.0,1031.34,0.0,1031.34,2000.0,6048.77,749.5299999999997,-522.45,-5.309999999999945,424.01,33.58076945689134,6.98,0.17,0.82,0.65,0.79,17.41600652572243,25.369290632057616,20.810327199235424,21.407972825723043,28.725300688488076,24.25,23.63,3.54,3.54,12,2006,-5.773854397634523,2003.329268292683,1642.73
2007-03-31,1807.71,541.14,0.27,0.0,1038.14,768.09,1098.65,21.8,1039.62,751.24,3550.56,650.11,0.64,4482.35,696.3,8031.88,0.0,287.4,0.0,1287.42,0.0,1287.42,2000.0,6589.57,1193.25,363.28,0.0,330.56,20.185,6.62,0.2,0.27,0.0,0.0,26.96,39.84,32.84,35.68,45.56,30.55,29.94,3.48,3.48,3,2007,0.0,2004.222222222222,541.14
2007-06-30,1865.29,588.2600000000001,0.29168195502036487,0.4,1082.0599999999997,825.4999999999999,1201.1999999999998,23.0,1039.8000000000002,771.74,3326.3,646.26,0.26,4257.03,656.94,7743.33,0.0,300.35,0.0,1265.97,0.0,1265.97,2000.0,6377.64,838.1199999999999,-254.37999999999997,-808.0,375.7,19.712566722197668,7.21,0.2,0.56,0.4,0.71,30.397426598193736,44.37732601381265,36.89776731007615,37.98115742872322,51.252686382149825,31.64,30.75,3.36,3.36,6,2007,806.7142857142858,2016.7857142857142,1129.4
2007-09-30,2068.5200000000004,604.5899999999999,0.30334275284171186,0.4952448234583656,1178.9900000000002,889.53,1288.02,23.2,1178.98,865.0900000000001,2892.79,712.76,0.29,3993.43,633.8,7355.56,32.54,249.22,0.0,1259.26,0.0,1259.26,2000.0,5982.03,895.9000000000001,-301.94,-1027.48,398.49,19.122675408127826,7.76,0.21,0.87,0.9,1.03,32.87259165277769,48.35353214263058,40.43175358566081,41.28250797294101,56.805288842496196,30.93,30.2,3.17,3.17,9,2007,987.0684729064039,1993.0919540229886,1733.99
2007-12-31,2226.5699999999997,517.9399999999998,0.2598980430119941,-0.00010547274621296593,1239.6,811.25,1254.0299999999997,28.75,1415.3200000000002,799.6799999999998,3201.1,746.05,0.31,4744.27,666.71,8197.46,0.0,386.0,0.0,1557.75,0.0,1557.75,2000.0,6499.83,1096.69,-755.83,-32.549999999999955,442.78,27.652382129204163,8.85,0.24,1.13,0.9,0.8,25.27220970456452,39.30210406184916,31.87775996589591,33.018551375930855,45.65005626285007,28.92,28.26,3.05,3.05,12,2007,-0.21019224900828704,1992.858407079646,2251.93
2008-03-31,2095.94,669.86,0.33,0.0,1279.17,954.88,1318.16,28.5,1141.06,969.77,3823.41,672.23,0.74,5626.71,625.06,9005.86,0.0,247.14,0.0,2782.98,0.0,2782.98,2000.0,6073.09,646.82,-24.52,0.0,363.28,21.59,9.39,0.46,0.33,0.0,0.0,29.76,44.84,44.12,42.32,61.36,32.47,31.96,2.02,2.02,3,2008,0.0,2029.8787878787878,669.86
2008-06-30,2216.7000000000003,749.0400000000001,0.37481034604270913,0.55,1404.4,1105.19,1506.8999999999999,24.5,1111.5100000000002,1075.06,3852.57,734.66,0.3,4998.49,591.23,8463.33,0.0,252.82,0.0,1502.55,0.0,1502.55,2000.0,6822.12,1568.0499999999997,-407.68,-1131.2,401.71000000000004,16.342998705009077,7.18,0.22,0.71,0.55,0.77,35.4116591725985,53.67706476848263,43.9214377334555,45.39956304179294,62.503584466840515,33.45,32.9,3.33,3.33,6,2008,1099.147887323944,1998.4507042253524,1418.9
2008-09-30,2294.92,735.4099999999999,0.3686761886636556,0.598974512345085,1386.8399999999997,1047.9199999999996,1421.7400000000002,21.3,1247.0099999999998,1016.5300000000002,3575.83,706.01,1.0,4639.81,545.34,8035.94,0.98,204.01,0.0,1487.96,0.0,1487.96,2000.0,6406.74,1135.0300000000002,-212.74000000000007,-1199.03,373.81999999999994,14.441941637997854,6.65,0.23,1.08,1.15,1.06,36.608180066935574,55.15122688935204,45.920667499106436,47.49095496934052,64.80508116287812,33.14,32.6,3.12,3.12,9,2008,1194.7933163797593,1994.7314814814813,2154.31
2008-12-31,2353.329999999999,720.9000000000001,0.36105049718107546,0.0011185849613305951,1450.5600000000004,1081.3500000000004,1445.63,19.8,1271.9800000000005,1028.6299999999997,3327.57,715.88,0.38,5338.91,481.01,8674.87,2.83,173.36,0.0,1467.29,0.0,1467.29,2000.0,7072.61,1096.06,-1304.85,-36.539999999999964,364.28,13.709993584408375,5.6,0.21,1.44,1.15,0.8,33.236704101613455,49.80491025003391,40.76861864002977,42.49363768211713,58.28959693378919,32.68,32.09,3.64,3.64,12,2008,2.2334490740745423,1996.6736111111113,2875.21
2009-03-31,2032.7,544.22,0.27,0.75,1122.99,797.03,1206.1,18.6,1235.67,767.82,5226.95,639.35,0.57,6228.7,440.85,9541.17,1.95,219.4,0.0,3281.78,0.0,3281.78,2000.0,6109.88,1320.58,577.68,1.11,409.07,17.2225,6.09,0.54,0.27,0.75,2.78,22.8,34.36,35.64,35.72,50.92,27.22,26.77,1.9,1.9,3,2009,1511.7222222222222,2015.6296296296296,544.22
2009-06-30,2196.74,598.51,0.298540075083353,-0.004055346990686009,1333.76,900.27,1349.77,20.9,1296.4699999999998,878.89,3939.9,683.14,0.34,5067.74,395.87,8401.25,213.95,0.0,0.0,1551.27,0.0,1551.27,2000.0,6708.38,690.44,-450.00999999999993,-1527.4599999999998,449.50000000000006,17.50342897361782,6.23,0.23,0.57,0.75,1.32,28.492245762341057,42.17271376440629,35.67815774504914,35.384855215142686,51.91454779344202,27.4,27.02,3.27,3.27,6,2009,-8.130116959064253,2004.7894736842106,1142.73
2009-09-30,2313.120000000001,752.0,0.3770458059987439,0.49611290262992613,1394.7800000000002,1093.7700000000002,1519.37,22.6,1219.3400000000001,1078.8000000000002,3334.37,675.26,0.49,4446.58,355.98,7747.02,0.0,185.58,0.0,1157.61,0.0,1157.61,2000.0,6453.83,829.7800000000002,-402.52000000000004,-1032.81,425.6,14.985248238031915,7.0,0.18,0.95,1.25,1.32,38.83174911464958,56.152042771265556,46.610799427886825,46.78543116961256,67.24909617729175,29.31,28.96,3.84,3.84,9,2009,989.4736842105262,1994.4526315789474,1894.73
2009-12-31,2515.54,739.94,0.3707184580991168,0.00094533960410104,1478.9299999999998,1098.4899999999998,1550.88,24.6,1417.06,1070.7299999999996,4367.66,760.31,0.26,5541.83,403.36,8791.15,0.0,186.52,0.0,1435.85,0.0,1435.85,2000.0,7189.1,1371.3000000000002,-338.0,0.0,452.3899999999999,16.592645619915128,6.84,0.2,1.32,1.25,0.95,33.667976331001604,50.035757950711094,41.172216634341304,41.509233414431414,59.40482443721605,29.44,29.09,3.86,3.86,12,2009,1.8868620414673387,1995.9621212121212,2634.67
2010-03-31,2786.38,736.12,0.37,0.0,1412.87,1080.02,1515.0,24.8,1706.36,1052.66,5399.28,898.46,0.27,6768.44,337.3,10042.27,0.0,267.47,0.0,3573.06,0.0,3573.06,2000.0,6321.72,1487.79,-453.82,19.99,434.98,16.7575,7.85,0.57,0.37,0.0,0.0,29.32,44.12,46.56,47.36,66.76,26.72,26.42,1.89,1.89,3,2010,0.0,1989.5135135135135,736.12
2010-06-30,2793.3199999999997,779.14,0.39078864353312304,0.8,1478.94,1134.3000000000002,1555.7199999999998,27.5,1659.0200000000002,1116.32,4383.18,959.48,0.76,5769.7,309.44,8935.6,0.0,211.73,0.0,1670.15,0.0,1670.15,2000.0,7102.62,901.0300000000002,-257.93,-1659.2,421.41999999999996,17.59058282208589,7.74,0.24,0.76,0.8,1.05,34.883028391167194,52.53022082018928,43.87116719242902,45.12580441640379,62.69072555205047,27.42,27.16,3.45,3.45,6,2010,1595.0105263157895,1993.7631578947369,1515.26
2010-09-30,3033.670000000001,896.3599999999999,0.44973735497300565,0.6497235315505322,1647.8700000000003,1309.44,1725.56,38.75,1724.2299999999996,1292.98,4048.28,994.58,0.78,5491.62,300.11,8698.81,0.0,238.65,0.0,1818.62,0.0,1818.62,2000.0,6698.4,1367.6799999999998,-402.56999999999994,-1300.0099999999998,416.12,21.537125819983046,11.57,0.27,1.21,1.45,1.2,41.2122958011627,63.706597225101795,53.52246207943208,54.51857456813263,76.15056965856975,28.25,28.0,3.02,3.02,9,2010,1294.9473249238797,1993.0743801652893,2411.62
2010-12-31,3273.99,890.6700000000001,0.4450261788031942,0.00602310683027417,1684.1599999999999,1344.0,1828.1999999999998,31.75,1929.9900000000007,1262.17,5194.69,935.37,0.31,6335.57,312.41,9567.8,28.0,333.74,0.0,1794.15,0.0,1794.15,2000.0,7580.55,1653.0,-481.60000000000014,-38.80000000000018,484.20000000000005,17.833782321173945,8.38,0.24,1.65,1.45,0.88,37.231159831510865,57.211486695596086,46.99476448161731,48.24623203897902,67.55767107068125,28.19,27.78,3.53,3.53,12,2010,12.054573002755205,2001.387878787879,3302.29
2011-03-31,3215.65,837.37,0.42,1.0,1647.35,1258.58,1715.5,33.75,1957.07,1237.11,6489.26,1039.79,0.34,7815.51,283.62,11209.89,0.0,523.13,0.0,4480.53,354.34,4834.87,2000.0,6226.62,1703.32,-384.18,-24.56,456.92,20.09,10.84,0.78,0.42,1.0,2.38,29.880000000000003,47.36,53.8,53.39999999999999,74.8,26.26,26.04,1.74,1.74,3,2011,1993.7380952380954,1993.7380952380954,837.37
2011-06-30,3359.9900000000002,1019.89,0.5106973175538159,0.0016602798900375942,1874.08,1502.62,1973.29,34.5,1857.3700000000001,1455.97,5183.51,913.8,0.33,6364.32,277.34,9742.58,12.0,365.73,0.0,1954.49,362.1,2316.6,2000.0,7248.96,1132.26,-388.60999999999996,-2049.41,470.67,16.890141583896305,9.52,0.32,0.93,1.0,1.08,41.86619730140099,64.95191260243584,56.275549573026936,56.84665194964625,77.86761250444202,28.58,28.24,3.26,3.26,6,2011,3.315668202764755,1997.0537634408602,1857.26
2011-09-30,3423.12,984.3,0.49187981249736057,0.8020213037606029,1815.7800000000002,1458.79,1983.25,36.75,1964.3200000000002,1433.6900000000005,4251.89,959.82,0.38,5535.3,263.13,9253.42,0.0,393.8,0.0,2047.5,369.87,2417.37,2000.0,6626.12,1576.5699999999997,-901.0799999999999,-1607.1100000000001,524.4599999999999,18.6781399979681,11.09,0.36,1.42,1.8,1.27,42.551067723363225,65.13597179014344,59.41353904193471,59.09485634651388,81.13938540801531,28.73,28.42,2.7,2.7,9,2011,1604.9237013478723,2001.0985915492959,2841.56
2011-12-31,2971.58,688.79,0.34533638307816505,-0.005911627084016261,1398.42,1032.8100000000004,1514.7600000000002,45.0,1938.7799999999997,978.2999999999993,3147.18,906.66,0.42,6223.57,258.24,9848.53,0.0,398.28,0.0,2045.57,373.11,2418.68,2000.0,7264.34,1273.7300000000005,-2317.04,-56.0,481.95000000000005,32.57215443023273,12.39,0.33,1.77,1.8,1.02,27.978100188366593,42.228591386123185,37.928470548245926,37.11683249536165,52.537955500162866,27.57,27.22,3.04,3.04,12,2011,-11.791024110766557,1994.54802259887,3530.35
2012-03-31,3432.92,1104.02,0.55,0.0,1854.43,1486.02,2005.14,51.0,1946.9,1446.53,4205.95,1004.5,0.34,7878.68,243.06,11500.76,0.0,488.68,0.71,4591.23,383.96,4975.2,2000.0,6366.26,1893.26,-834.37,-0.11,519.12,23.1825,16.02,0.78,0.55,0.0,0.0,38.39999999999999,52.36,69.36,70.12,86.04,32.58,32.16,1.72,1.72,3,2012,0.0,2007.3090909090906,1104.02
2012-06-30,4040.84,1244.08,0.6198942123418935,1.0,2086.2299999999996,1695.3400000000001,2253.3599999999997,50.5,2345.4999999999995,1630.1899999999998,4326.17,1342.22,0.3,6990.6,257.42,10505.9,0.0,617.4,0.72,2289.01,391.13,2680.14,2000.0,7608.24,1368.84,788.74,-2037.3700000000001,558.0200000000001,20.365249019355666,13.28,0.35,1.17,1.0,0.85,47.36627571227801,66.58829453600784,65.40148852263532,66.9909608619735,82.05915863889952,31.91,31.42,3.05,3.05,6,2012,2006.923076923077,2006.923076923077,2348.1
2012-09-30,3713.09,1268.88,0.63496972612511,0.995700620619752,2050.5200000000004,1688.8200000000002,2153.4300000000003,76.5,2024.2700000000004,1633.65,3308.81,1073.27,0.26,6118.96,271.17,9745.78,0.0,491.12,0.74,2248.14,397.36,2645.5,2000.0,6925.59,1766.7500000000005,-771.3,-2000.19,464.6099999999999,30.1229715575941,22.09,0.38,1.81,2.0,1.1,52.0745337823267,71.94452565399865,73.29164374699334,74.90537896255994,91.15499095930859,32.84,32.33,2.72,2.72,9,2012,1989.7399065023371,1998.331491712707,3616.98
2012-12-31,3940.959999999999,1160.27,0.5804689518028154,0.0005181787876414488,2013.9099999999999,1565.8099999999995,2140.42,71.0,2375.1499999999996,1502.7600000000002,3097.71,1192.33,1.48,7081.21,268.78,10773.92,0.0,515.32,0.75,2061.95,404.67,2466.62,2000.0,8082.46,1551.8499999999995,-1692.0100000000002,-69.77999999999975,574.6100000000001,30.58169596300861,17.57,0.31,2.39,2.0,0.84,43.07613945261395,60.64078991051337,57.42513764194882,60.48535052593019,71.77413583128369,32.09,31.58,3.43,3.43,12,2012,1.0357613444602976,1998.8493723849372,4777.25
2013-03-31,3885.85,1381.12,0.69,1.2499999999999998,2148.62,1779.77,2289.82,64.25,2106.08,1727.96,4870.62,1164.86,1.13,9036.32,279.8,12847.27,0.0,620.23,0.76,5149.11,451.7,5600.81,2000.0,6985.22,2315.48,-542.39,-0.18,510.05,23.28,18.4,0.8,0.69,1.25,1.81,43.0,58.48,79.08,82.76,92.48,36.07,35.54,1.75,1.75,3,2013,2502.028985507246,2001.623188405797,1381.12
2013-06-30,4264.77,1421.62,0.7101151016505277,0.00020851748284013872,2260.5600000000004,1857.23,2380.0499999999997,58.75,2407.54,1794.23,4816.94,1403.73,4.3,7797.42,313.19,11874.52,0.0,746.08,0.99,2689.9,461.1,3150.99,2000.0,8442.95,1743.6799999999998,747.67,-2545.02,522.8199999999999,20.681154316906063,13.92,0.37,1.4,1.25,0.89,47.88204685414987,65.93925943897757,67.35948964227863,70.84919814181838,80.34445150103114,34.92,34.39,2.9,2.9,6,2013,0.4174430641824074,2001.9571428571428,2802.74
2013-09-30,4348.97,1393.88,0.6975013224928635,1.1977690379400565,2227.4399999999996,1788.5,2393.51,56.75,2560.46,1735.5899999999997,3226.22,1192.4,6.75,6265.34,328.75,10437.93,0.0,622.66,1.01,2233.01,469.62,2702.62,2000.0,7426.59,1659.6400000000003,-850.11,-2400.24,605.0100000000002,20.3375958475622,15.28,0.36,2.1,2.45,1.17,53.42195843321531,71.4241354232692,75.07771377918421,77.69500445596695,87.84530941567263,34.07,33.57,2.81,2.8,9,2013,2393.610238095238,1998.390476190476,4196.62
2013-12-31,4197.4000000000015,1392.8599999999997,0.6952488245775992,0.006123628673865898,2247.3499999999995,1779.9700000000003,2357.7,50.5,2417.4400000000005,1699.5700000000006,2522.66,1483.93,4.68,7630.2,316.82,12196.07,210.0,860.97,1.03,2606.51,474.65,3081.17,2000.0,8827.06,1551.1099999999997,-2409.41,154.72999999999956,577.73,18.1586067515759,11.44,0.35,2.79,2.45,0.88,45.682084057908774,62.53750717419151,63.115635229037395,65.89663052734778,74.89748627779326,34.02,33.48,2.93,2.93,12,2013,12.268064516129016,2003.3978494623655,5589.48
2014-03-31,3824.96,1148.53,0.57,0.0,1886.24,1461.5,2060.31,54.5,2363.46,1412.54,4340.14,1069.54,3.14,7489.08,315.05,13468.66,110.0,586.49,1.04,5491.08,482.82,5973.9,2000.0,7246.17,2134.12,-216.39,-100.26,598.81,23.9025,15.04,0.82,0.57,0.0,0.0,34.12,44.44,63.4,64.56,73.28,30.46,30.03,1.36,1.36,3,2014,0.0,2014.9649122807018,1148.53
2014-06-30,4013.5199999999995,1178.4800000000002,0.5874649442847258,1.4,1911.86,1478.1599999999999,2207.8300000000004,48.75,2535.37,1425.7200000000003,3314.98,1257.19,4.68,5879.65,417.36,17087.28,91.23,903.63,1054.16,3920.91,4449.83,8370.74,2000.0,8467.72,1785.0,72.54999999999998,-2874.43,729.6700000000001,20.747961420643538,11.51,0.99,1.16,1.4,1.21,27.59059496951023,41.122546099930815,55.66736782394575,55.74839747143331,45.234800709923896,30.12,29.69,1.5,1.5,6,2014,2808.4603448275866,2006.0431034482763,2327.01
2014-09-30,4227.99,1083.0299999999997,0.5399206460921278,0.9999042280422231,1838.6100000000001,1371.33,2156.0999999999995,47.0,2856.6400000000003,1345.0900000000001,2573.47,1264.14,6.8,4870.28,473.56,16622.02,37.0,956.0,1054.18,4261.1,4457.42,8718.52,2000.0,7682.21,1803.0200000000004,-490.03999999999996,-2054.48,784.77,21.764772443976625,12.24,1.13,1.7,2.4,1.41,26.06863919484815,40.47499243410633,56.39312348242248,57.34592462258506,44.311605025160986,28.6,28.26,1.14,1.14,9,2014,2005.713772819472,2005.9058823529413,3410.04
2014-12-31,4315.040000000001,1004.9499999999998,0.5030451937603482,-0.00981854998539047,1829.33,1342.6999999999998,2060.92,51.0,2972.3499999999995,1275.5999999999995,1993.01,1259.77,8.73,5344.56,543.35,17289.24,159.57,1118.75,1054.19,3890.96,4464.57,8355.53,2000.0,8645.52,1136.2199999999993,-1798.9899999999998,82.3100000000004,718.2199999999998,25.349014677347135,11.8,0.97,2.21,2.4,1.09,23.25389004278605,34.91725462571829,46.498675195187296,46.01611600479276,38.42263742386732,27.31,26.95,1.37,1.37,12,2014,-19.614841628958857,1997.7330316742082,4414.99
2015-03-31,4112.25,743.94,0.37,0.0,1447.01,957.86,1748.19,41.0,3154.39,938.75,2852.78,1340.71,7.1,6242.6,632.97,18124.02,167.0,1143.54,1054.53,6072.34,4476.39,10548.73,2000.0,7329.06,1479.96,-627.23,7.04,790.33,27.702500000000004,11.19,1.44,0.37,0.0,0.0,16.4,24.240000000000002,40.6,40.84,31.8,18.2,18.09,1.03,1.03,3,2015,0.0,2010.6486486486488,743.94
2015-06-30,4171.15,749.8399999999999,0.3764811418013362,1.0,1466.1699999999998,962.4899999999999,1873.35,37.5,3208.6600000000003,921.8599999999999,1402.93,1420.58,13.12,3611.8,711.46,15723.52,187.0,1181.59,1092.92,3882.58,3393.36,7275.95,2000.0,8180.42,1457.23,-871.47,-2035.61,910.86,24.901645684412678,9.17,0.89,0.75,1.0,1.33,19.075044517934366,23.512502242632785,36.6642434628928,36.041794641781244,32.56812864009425,18.19,18.03,0.93,0.93,6,2015,1991.7066666666667,1991.7066666666667,1493.78
2015-09-30,3919.8600000000006,815.53,0.4061210924475276,0.7081614565967034,1528.4100000000003,1054.1100000000001,1856.3000000000002,32.0,2865.749999999999,1035.2500000000002,1491.01,1288.1,12.36,3892.18,781.54,15977.11,1008.18,1325.95,1092.95,4878.18,3400.48,8278.66,2000.0,7441.93,1598.73,-931.3999999999999,-579.26,802.19,19.701328369281324,8.6,1.11,1.15,1.7,1.48,20.41199925518878,25.77986065101697,43.832826082249674,43.14065448120867,37.8575487916304,19.07,18.92,0.8,0.8,9,2015,1422.0559420289853,2008.095652173913,2309.31
2015-12-31,3814.6499999999996,673.4000000000001,0.3363940845740954,-0.005330483673076356,1493.0900000000001,1017.75,1765.0900000000001,30.5,2796.91,943.3599999999997,1122.54,1295.15,7.17,3249.92,818.54,14957.57,214.24,1147.05,933.02,3460.77,3308.73,6769.49,2000.0,7951.9,1359.0299999999997,-893.0900000000001,-834.4000000000001,747.3399999999997,22.667090028215025,7.67,0.85,1.49,1.7,1.14,18.007243077603928,22.36004707128752,33.87420701308542,32.4563849653503,31.354637896409645,18.82,18.62,0.94,0.94,12,2015,-10.670662386927233,2001.8187919463087,2982.71
2016-03-31,3453.89,573.81,0.29,0.0,1168.74,797.89,1599.33,28.25,2656.0,648.5,1392.98,1197.3,5.87,3652.24,836.57,15664.49,210.0,1027.1,932.89,4947.54,3360.97,8308.51,2000.0,7117.52,972.5,-684.22,-4.51,801.44,24.3525,7.94,1.17,0.29,0.0,0.0,14.64,18.88,32.24,31.76,29.8,17.41,16.61,0.74,0.74,3,2016,0.0,1978.655172413793,573.81
2016-06-30,3736.68,463.55999999999995,0.23236762196708985,0.7,1112.2499999999998,632.91,1497.85,22.8,3103.7799999999997,620.72,1413.53,1280.69,10.02,3606.35,872.54,15598.45,2010.0,1170.88,977.28,5502.86,2278.25,7781.11,2000.0,7585.66,1381.4899999999998,-1730.05,369.11,864.94,24.53224744369661,6.01,1.03,0.52,0.7,1.35,11.886497585239598,16.33723126753232,24.452223603921453,23.522753116053096,25.328070794412792,14.8,14.43,0.66,0.65,6,2016,1396.459615384615,1994.9423076923074,1037.37
2016-09-30,3309.67,251.1400000000001,0.12474066945541755,0.45638167042075445,822.8400000000001,358.44000000000005,1288.06,22.0,2951.2200000000003,343.06999999999994,823.5,1105.91,12.54,2776.86,899.93,14793.05,1920.04,1185.34,976.99,5282.21,2320.67,7602.88,2000.0,6964.8,1177.69,-776.6100000000001,-991.12,929.6199999999999,44.097887433304116,6.32,1.09,0.64,1.15,1.8,6.790570193479294,9.067087411040664,14.423139905782653,13.947566103483876,14.664824952852525,12.51,12.27,0.53,0.52,9,2016,918.8317908653848,2013.296875,1288.51
2016-12-31,2034.33,-70.22000000000003,-0.03515928063104845,-0.009270582383915179,365.6800000000003,-47.74000000000001,653.6000000000004,16.6,2082.0699999999997,-107.75999999999999,1299.53,1002.72,4.74,3134.65,916.64,14930.96,2510.0,903.29,504.21,5082.44,2738.33,7820.77,2000.0,6892.02,489.5300000000002,-602.2399999999998,588.75,701.3400000000001,-118.02075939903156,4.82,1.13,0.61,1.15,1.89,-1.8813097045859368,-2.685938487552226,-4.076171026602863,-3.783369148560689,-4.076171026602863,9.93,9.72,0.62,0.62,12,2016,-18.515176741803316,1997.1967213114754,1218.29
2017-03-31,3003.81,249.0,0.12,0.0,779.73,337.02,1297.87,17.4,2666.79,323.23,1399.2,1121.56,6.13,3555.07,875.63,15403.91,2410.0,1049.71,504.12,5317.57,2772.21,8089.78,2000.0,7116.13,1039.01,-838.34,-101.0,960.85,36.25,4.89,1.14,0.12,0.0,0.0,6.48,8.68,14.0,14.0,13.36,8.34,8.29,0.67,0.67,3,2017,0.0,2075.0,249.0
2017-06-30,3271.4900000000002,112.69,0.05608172744615555,0.15,631.46,198.78999999999996,1164.1400000000003,21.0,3072.7,171.7,1452.79,1050.24,5.11,3589.39,759.46,15249.08,211.4,1095.69,475.63,2859.75,5283.22,8142.96,2000.0,6918.67,941.01,-1367.9699999999998,480.55,965.35,93.6160535539977,6.07,1.18,0.18,0.15,0.83,2.9536376454975257,4.32452431640355,6.51794298985319,6.2188404434736935,5.383845834830932,5.81,5.76,1.26,1.25,6,2017,301.4083333333333,2009.388888888889,361.69
2017-09-30,2828.499999999999,34.80000000000001,0.017554036671795007,0.09796169722649585,427.39999999999986,77.49000000000001,1035.6699999999996,16.3,2751.0200000000004,7.509999999999991,1292.45,1074.48,5.24,3398.37,714.53,14675.02,224.78,921.55,475.68,2462.14,5307.67,7769.8,2000.0,6742.16,584.8800000000001,-544.1500000000001,-195.51000000000002,958.1800000000001,232.1403376436781,4.84,1.15,0.2,0.25,1.25,0.9479179802769304,1.4604958510933446,2.064354712603093,2.032757446593862,1.7624252818482185,4.42,4.36,1.38,1.38,9,2017,194.2041666666667,1982.45,396.49
