,revenue,net_profit,eps,dps,gross_profit,ebit,ebitda,close_price,expense,operating_profit,cash,account_receivable,inventory,current_asset,property_plant_equipment,total_asset,short_term_loan,account_payable,current_portion_long_term_debt,current_liability,non_current_liability,total_liability,paid_in_capital,total_equity,cash_flow_operation,cash_flow_investment,cash_flow_financing,depreciation,P/E,P/BV,D/E,EPS,DPS,DPR%,ROA%,ROAA%,ROE%,ROAE%,ROCE%,NPM%,NPMA%,TIE,CurrentRatio,QuickRatio,month,year,dividend,number_of_shares,return_old
2000-03-31,586.75,-155.82,-3.5500000000000003,0.0,217.99,19.18,92.53,0.98,567.57,22.47,349.1,160.94,69.14,627.87,3789.47,4469.91,913.15,182.62,3550.81,6034.83,1104.42,7139.26,445.4,-2669.35,67.09,-31.23,9.08,73.35,-0.07,-0.16,-2.67,-3.55,0.0,0.0,-13.96,0.0,23.36,0.0,-4.92,-27.17,-26.56,0.0,0.1,0.09,3,2000,0.0,43.89295774647887,-155.82
2000-06-30,1023.0,166.95,3.7499999999999996,0.0,232.48000000000002,348.45,419.38,0.94,674.5499999999998,34.08,408.28,140.81,46.01,653.33,3287.33,3979.13,874.44,170.68,0.0,2447.4,4034.13,6481.54,445.4,-2502.4,132.02,-40.00999999999999,-1.71,70.93,0.06266666666666666,-0.17,-2.59,0.25,0.0,0.0,16.8,0.0,-26.399999999999995,0.0,1439.9999999999998,0.93,0.69,0.0,0.27,0.25,6,2000,0.0,44.52,11.13
2000-09-30,627.6799999999998,490.42,9.758531751570132,0.0,237.83999999999992,-119.32999999999998,-65.18,0.94,747.0100000000002,54.620000000000005,195.12,138.02,48.16,445.6,2849.28,3287.28,24.06,178.36,8.0,589.45,2575.74,3165.18,898.25,122.1,-178.97000000000003,395.94,-430.12,54.150000000000006,0.02301063374250642,6.92,25.92,9.98,0.0,0.0,59.685448709002095,0.0,1606.618071179344,0.0,35.983363572923935,27.75,22.42,0.0,0.76,0.67,9,2000,0.0,50.25551102204409,501.55
2000-12-31,730.44,80.64000000000004,1.343561380305399,0.0,251.16000000000008,120.44,184.41999999999996,0.94,610.0,94.41000000000001,287.94,144.18,69.36,538.0,2806.92,3353.35,0.0,208.13,8.0,523.11,2633.74,3156.85,898.25,196.5,137.43,-509.15,404.53,63.98000000000002,0.1804904513888888,4.3,16.07,9.7,0.0,0.0,9.61823734519659,0.0,164.1527281471685,0.0,7.2192184681976705,23.67,19.62,0.0,1.03,0.9,12,2000,0.0,60.01958762886599,582.19
2001-03-31,713.09,-15.24,-0.17,0.0,267.85,24.92,91.56,0.94,688.17,88.26,298.08,143.06,66.52,560.21,2762.18,3329.36,218.76,0.0,34.28,468.88,2683.52,3152.41,898.25,176.95,37.92,-135.6,-12.78,66.64,-1.3825,4.77,17.82,-0.17,0.0,0.0,-1.84,2.56,-34.44,4.88,3.48,-2.18,-2.14,0.0,1.19,1.05,3,2001,0.0,89.6470588235294,-15.24
2001-06-30,735.7599999999999,39.04,0.44289075630252106,0.0,257.37,74.87,121.05000000000001,0.94,660.89,87.58,451.25,144.25,63.47,736.23,2731.51,3474.74,0.0,232.31,34.54,556.13,2706.98,3263.11,898.25,211.63,193.37,-140.20000000000002,0.0,46.17999999999999,0.5303790983606558,3.99,15.42,0.27,0.0,0.0,4.461714285714286,17.58440336134454,73.81512605042016,-13.647596638655461,22.43979831932773,1.67,1.64,0.0,1.32,1.21,6,2001,0.0,88.14814814814814,23.8
2001-09-30,811.6199999999999,100.92,1.132841565105837,0.0,286.30999999999995,132.45999999999998,181.78999999999996,0.94,679.1600000000001,103.41,494.05,149.3,54.59,760.6,2736.65,3504.75,0.0,245.44,60.1,547.12,2643.8,3190.92,898.25,308.13,104.31000000000003,104.21000000000001,14.28,49.33000000000001,0.20700158541418948,2.74,10.36,1.4,0.0,0.0,11.522617062219371,22.138960872354073,131.0212187299551,187.66329698524694,25.408017960230918,5.62,5.52,0.0,1.39,1.29,9,2001,0.0,89.08571428571429,124.72
2001-12-31,809.4700000000003,75.97999999999999,0.8517937219730941,0.0,297.80999999999995,101.57,187.89999999999998,0.94,707.8900000000001,79.64999999999998,575.52,140.47,63.99,864.65,2723.07,3594.62,8.9,240.38,210.08,726.53,2484.69,3211.22,898.25,379.7,123.82,-12.669999999999987,8.99,86.32999999999998,0.27735588312713877,2.22,8.46,2.25,0.0,0.0,8.449793721973094,14.552422521175883,80.04589536621823,105.48613452914798,17.626451420029895,6.67,6.54,0.0,1.19,1.1,12,2001,0.0,89.19999999999999,200.7
2002-03-31,850.49,108.22,1.21,0.0,309.88,133.78,182.36,0.94,716.71,106.84,490.64,137.18,60.46,817.6,2662.33,3507.86,0.0,246.91,93.06,654.75,2369.46,3024.21,898.25,483.65,182.17,-181.09,-227.9,48.58,0.195,1.75,6.25,1.21,0.0,0.0,12.36,15.639999999999999,89.52,131.04,18.76,13.18,12.72,0.0,1.25,1.16,3,2002,0.0,89.43801652892562,108.22
2002-06-30,883.1800000000001,118.71000000000001,1.3287066496276385,0.0,331.20000000000005,139.92999999999998,197.66999999999996,0.94,743.25,123.65,536.51,154.41,60.28,896.61,2624.51,3579.43,0.0,238.62,89.26,705.42,2276.02,2981.43,898.25,598.0,116.69000000000003,-17.24000000000001,26.420000000000016,57.739999999999995,0.1768260887878022,1.41,4.99,2.54,0.0,0.0,13.26614198210902,16.237422993874766,79.40853126514784,117.30282642224476,19.920137487330898,13.44,13.09,0.0,1.27,1.19,6,2002,0.0,89.34251968503938,226.93
2002-09-30,967.2599999999998,9.109999999999985,0.10189120488052857,0.0,347.9599999999999,29.110000000000014,112.17000000000002,0.94,938.1599999999999,65.36000000000001,524.39,140.27,62.18,901.58,2612.88,3603.36,13.33,261.7,8.0,538.37,2462.14,3000.52,898.25,602.71,136.36,-62.28,-36.21000000000001,83.06,2.3318990120746466,1.4,4.98,2.64,0.0,0.0,1.0111930181325182,1.3153228266395507,6.045544822911361,8.001547195390598,1.5252804609388217,8.96,8.74,0.0,1.67,1.56,9,2002,0.0,89.4090909090909,236.04
2002-12-31,969.2200000000003,-9.73999999999998,-0.10932213875386633,0.0,323.53999999999996,24.230000000000018,91.66000000000003,0.94,944.98,-0.9200000000000159,610.19,152.68,70.43,1011.86,2332.56,3561.43,0.0,278.92,8.0,507.2,2462.15,2969.35,898.25,588.55,166.48000000000002,-67.34999999999997,-13.330000000000013,67.43,-2.1491529774127356,1.43,5.05,2.54,0.0,0.0,-1.0932213875386632,-1.57355015466195,-6.61958462218293,-8.046798055678288,-1.8438426866990683,6.32,6.17,0.0,1.99,1.86,12,2002,0.0,89.09448818897638,226.3
2003-03-31,1074.91,164.47,1.84,0.0,379.47,198.31,256.84,0.94,876.6,229.87,771.11,165.53,74.95,1229.01,2320.1,3756.57,0.0,293.35,8.0,542.06,2458.13,3000.19,898.25,748.7,233.17,-339.46,-12.79,58.53,0.1275,1.13,4.01,1.84,0.0,0.0,17.52,21.84,87.88,106.76,24.68,15.73,15.3,0.0,2.27,2.13,3,2003,0.0,89.38586956521739,164.47
2003-06-30,1049.36,135.98,1.5252208354135464,0.0,375.65999999999997,169.39999999999998,231.33000000000004,0.94,879.9599999999999,102.70999999999998,582.26,179.3,73.24,1361.66,2368.08,3927.16,0.0,306.64,8.0,577.64,2458.13,3035.78,898.25,880.32,176.32000000000002,-30.180000000000007,0.009999999999999787,61.92999999999999,0.15466612737167232,0.96,3.45,3.37,0.0,0.0,13.849186220668997,17.74144117157597,61.78728440672325,73.59077383924114,19.877655516724914,14.41,14.14,0.0,2.36,2.23,6,2003,0.0,89.15430267062314,300.45
2003-09-30,1222.0500000000002,186.69,2.092473210986575,0.0,453.31000000000006,222.31,289.93,0.94,999.7400000000002,203.77000000000004,80.25,184.2,80.98,1419.64,2408.67,4173.03,0.0,323.85,8.0,640.6,2454.17,3094.77,898.25,1062.6,330.53,-659.89,-12.65,67.62000000000002,0.11089747710107666,0.79,2.91,5.46,0.0,0.0,17.889496243379728,23.254812168986327,70.27030915137333,89.67742332799605,25.60022170218007,14.81,14.56,0.0,2.22,2.09,9,2003,0.0,89.21978021978022,487.14
2003-12-31,1273.9900000000002,179.35000000000002,1.7975633542888867,0.0,460.65999999999985,213.60000000000002,286.61,13.9,1060.3899999999999,192.78999999999996,985.58,223.18,93.51,1635.88,2484.02,4456.28,0.0,398.12,90.13,824.74,2372.04,3196.78,1326.82,1239.39,247.22000000000003,533.94,-0.8200000000000003,73.00999999999996,1.9323936437134095,14.88,2.58,6.68,0.0,0.0,16.102723221653743,21.58152410388753,57.8879983195547,78.49001185314108,23.820405407432972,14.68,14.43,0.0,1.98,1.87,12,2003,0.0,99.77395209580838,666.49
2004-03-31,1361.84,182.62,1.38,0.0,494.85,277.85,342.6,12.1,1083.98,260.93,328.38,244.47,83.45,1842.25,2527.63,4679.83,0.0,353.69,172.26,949.7,2285.87,3235.58,663.41,1419.54,234.44,-492.58,-9.07,64.75,2.1925,5.65,2.28,1.38,0.0,0.0,15.600000000000001,26.359999999999996,51.44,67.36,29.8,13.59,13.41,0.0,1.94,1.85,3,2004,0.0,132.33333333333334,182.62
2004-06-30,1380.61,151.43,0.2311908396946565,0.0,483.4599999999999,246.64999999999998,319.42999999999995,13.2,1133.96,225.57,291.6,234.74,93.86,1852.06,2597.15,5024.35,0.0,380.68,254.39,1141.52,2203.74,3345.26,672.91,1679.09,300.59999999999997,-427.99000000000007,110.61000000000001,72.78,14.272624314864954,5.29,1.99,0.51,0.0,0.0,12.058188893878162,21.251424637030386,36.06577099236641,47.326124831612034,24.49716270019458,12.36,12.18,0.0,1.62,1.54,6,2004,0.0,655.0,334.05
2004-09-30,1570.2799999999997,307.22999999999996,0.4551342627245508,0.3,551.3200000000002,289.24,355.47,15.3,1281.0499999999997,288.63,279.89,241.37,95.15,1818.37,2723.32,5106.49,0.0,400.9,328.52,1280.86,1861.62,3142.48,730.05,1964.0,461.43000000000006,-141.16999999999996,-291.97,66.22999999999999,8.406585294404843,5.69,1.6,0.95,0.3,0.32,24.06941616766467,33.612863023952094,62.568983907185626,81.21511601796408,40.76086639221556,15.08,14.87,0.0,1.42,1.35,9,2004,202.50947368421052,675.0315789473684,641.28
2004-12-31,1496.5700000000006,293.27,0.4267799475683484,0.005298930811057367,493.4399999999998,312.79999999999995,349.68000000000006,15.3,1183.7700000000004,240.15999999999997,652.88,234.96,104.45,1503.74,2801.62,5021.09,0.0,413.41,328.52,1181.4,1779.49,2960.89,730.05,2060.2,241.5999999999999,-206.49,-82.13,36.879999999999995,8.962464196815223,5.42,1.44,1.36,0.3,0.22,23.35992595366754,29.83693927558718,56.937465946177305,71.10907067572629,36.82859900486865,16.44,16.09,0.0,1.27,1.18,12,2004,3.6412616099071045,687.1691176470588,934.55
2005-03-31,1590.44,227.12,0.31,0.0,585.22,296.06,363.81,16.7,1294.38,334.66,326.39,293.06,109.99,1293.96,2909.56,5370.23,0.0,444.41,328.52,1386.73,1697.36,3084.09,730.05,2286.14,336.1,-141.64,-90.95,67.75,13.467500000000001,5.33,1.35,0.31,0.0,0.0,16.92,23.56,39.72,49.04,29.72,14.56,14.28,0.0,0.93,0.85,3,2005,0.0,732.6451612903226,227.12
2005-06-30,1638.13,244.94,0.33726856755497187,0.4,579.1600000000001,314.08,386.34999999999997,19.0,1324.0499999999997,189.86999999999995,288.06,279.06,116.23,989.95,2976.48,5319.76,0.0,427.37,328.52,1377.77,1615.23,2993.0,730.05,2246.33,352.89,-267.02000000000004,-374.15000000000003,72.27000000000001,14.083361027190332,6.17,1.33,0.65,0.4,0.62,18.409675041308304,24.49088675168411,43.60623141126128,49.915747998135835,32.12872262000593,15.05,14.62,0.0,0.72,0.63,6,2005,290.4984615384615,726.2461538461538,472.06
2005-09-30,1835.3699999999994,307.78000000000003,0.4222976508001642,0.30141393895394714,673.3799999999999,399.84000000000003,474.36,26.0,1435.5300000000002,347.31000000000006,490.3,319.33,130.88,1136.94,3047.55,5537.22,0.0,465.83,328.52,1592.74,1533.1,3125.84,730.05,2330.53,482.4200000000001,-170.35999999999996,-309.81999999999994,74.51999999999998,15.392579114952238,8.14,1.34,1.07,0.7,0.65,22.227853918752565,29.963399671727537,52.82272671317194,57.33775954041855,40.414279852277396,15.88,15.4,0.0,0.71,0.63,9,2005,219.6772393961179,728.8224299065421,779.84
2005-12-31,1742.8400000000001,272.9,0.37588103425347186,-0.002694650488382926,663.1699999999998,361.8599999999999,439.1400000000001,29.5,1380.9700000000003,355.27999999999986,523.51,339.48,149.9,1103.84,3269.66,5727.52,0.0,484.36,328.52,1580.76,1450.97,3031.73,730.05,2615.24,341.3299999999999,-280.06000000000006,-82.13,77.28,19.615913887871017,8.23,1.16,1.45,0.7,0.48,19.05846457814845,26.472393943423825,41.73575621710963,46.69220130326576,34.30108858787544,15.84,15.47,0.0,0.7,0.6,12,2005,-1.9563905897518907,726.0275862068966,1052.74
2006-03-31,1923.03,267.12,0.37,0.0,704.16,401.52,482.3,31.25,1521.51,348.98,259.6,373.41,151.98,1320.14,3370.71,6021.56,0.0,484.11,328.52,1703.01,1368.84,3071.85,730.05,2871.04,364.77,-178.19,-90.95,80.78,21.115,7.95,1.07,0.37,0.0,0.0,17.76,28.2,37.2,41.44,37.2,14.31,13.89,0.0,0.78,0.69,3,2006,0.0,721.9459459459459,267.12
2006-06-30,1918.22,266.03,0.36425377473506515,0.45,698.1999999999999,392.23,485.28000000000003,32.75,1525.99,343.02,490.96,401.67,155.56,1288.12,3498.39,5845.24,0.0,500.71,328.52,1702.56,1286.71,2989.27,730.05,2785.53,270.75,-8.789999999999992,-410.66,93.05000000000001,22.47595102056159,8.58,1.07,0.73,0.45,0.62,18.202709181281065,28.381855762918505,38.201738347556976,42.29335609115633,38.241656569445745,14.34,13.88,0.0,0.76,0.67,6,2006,328.6541095890411,730.3424657534247,533.15
2006-09-30,2112.59,308.96000000000004,0.42559000605621594,0.29728151058259883,784.01,460.3599999999999,536.8100000000001,37.25,1652.2299999999996,368.5799999999999,861.18,532.27,159.96,1687.22,3600.69,6414.14,200.0,531.94,328.52,1802.05,1204.58,3006.63,730.05,3043.53,171.17000000000007,-144.18000000000004,342.82000000000005,76.44999999999999,21.879978071595026,8.94,0.99,1.16,0.75,0.65,19.268954412131436,30.803911127999903,40.6071567847431,45.99307168897175,39.9027319471328,14.62,14.14,0.0,0.94,0.85,9,2006,215.813562824752,725.9568965517242,842.11
2006-12-31,1941.6800000000003,253.59000000000003,0.34947604271242133,-0.0003387654876586125,746.1600000000003,365.1500000000001,456.9599999999998,37.0,1576.5200000000004,381.27,853.86,525.2,166.41,1629.05,3751.95,6622.89,0.0,551.82,328.52,1571.9,1422.45,2994.35,730.05,3284.25,330.3299999999999,-346.59,17.870000000000005,91.80999999999997,26.464618084309315,8.22,0.91,1.51,0.75,0.5,15.31214237473761,24.273541297800495,30.88349876791093,34.39214566030848,29.680005110888022,14.22,13.88,0.0,1.04,0.93,12,2006,-0.2458181091573124,725.6291390728477,1095.7
2007-03-31,2135.35,295.75,0.41,0.45,801.0,447.38,546.8,39.75,1687.98,369.68,1044.99,628.78,171.28,1951.47,3820.81,7007.76,0.0,539.39,337.9,1764.63,1330.94,3095.57,730.05,3573.32,385.34,-102.71,-90.95,99.42,24.2375,8.12,0.87,0.41,0.45,1.1,16.88,27.48,33.12,36.72,34.12,14.37,13.85,0.0,1.11,1.01,3,2007,324.6036585365854,721.3414634146342,295.75
2007-06-30,2110.82,282.83000000000004,0.3861794393169484,0.006782311445431144,813.49,421.26,522.3199999999999,47.75,1689.5500000000002,389.10999999999996,510.5,574.0,179.45,1359.52,3880.54,6934.91,0.0,599.56,367.9,1777.66,1548.81,3326.47,730.05,3608.44,290.4800000000001,-302.22,-80.66000000000001,101.05999999999999,30.910242194958098,9.66,0.92,0.79,0.45,0.57,16.3075267033081,26.573056102872552,31.344083100003463,35.39163469183173,32.92790763593626,13.99,13.63,0.0,0.76,0.66,6,2007,4.967227539363989,732.379746835443,578.58
2007-09-30,2221.7799999999997,305.7199999999999,0.4183209318104715,0.3990435687528003,828.49,462.13,564.8800000000001,44.75,1759.65,395.6500000000001,440.89,621.99,192.54,1354.51,3953.23,7025.18,200.0,584.48,389.46,1938.21,1465.12,3403.34,730.05,3621.84,305.4799999999999,-212.26000000000005,-162.82999999999998,102.75000000000003,26.74131067643596,9.02,0.94,1.21,0.85,0.7,17.41044803799615,27.381006445776315,33.76990794979079,36.68778287911341,36.176117607146885,14.06,13.67,0.0,0.7,0.6,9,2007,291.6315932628936,730.8264462809917,884.3
2007-12-31,2945.170000000001,721.1600000000001,0.9882226900701357,-0.001248523504450209,777.3800000000001,828.3800000000001,932.79,40.5,2116.7999999999993,710.04,549.86,596.67,203.48,1416.91,4144.59,7465.52,0.0,621.65,437.15,1781.2,1335.3,3116.5,730.05,4349.02,359.3600000000001,31.75,-282.13000000000005,104.40999999999997,10.246172347329301,6.8,0.72,2.2,0.85,0.39,38.63052333910531,55.070955364817564,66.33669403161711,75.57208426245438,68.24126867066137,19.25,17.06,0.0,0.8,0.68,12,2007,-0.9111157024793783,729.7545454545455,1605.46
2008-03-31,2228.31,314.43,0.43,0.0,859.42,473.1,573.52,34.0,1755.21,526.65,423.96,568.95,192.8,1265.34,4846.88,8046.3,0.0,328.1,514.53,1950.36,1542.98,3493.34,730.05,4552.95,447.5,-849.63,276.24,100.42,19.7675,5.45,0.77,0.43,0.0,0.0,15.64,25.160000000000004,27.64,30.96,31.040000000000003,14.45,14.11,0.0,0.65,0.55,3,2008,0.0,731.232558139535,314.43
2008-06-30,2191.65,279.82,0.38612099284812784,0.4,797.33,419.53999999999996,526.3,35.25,1772.12,250.0,531.53,539.75,190.51,1335.63,5101.22,7975.66,0.0,499.46,541.9,1997.33,1400.66,3397.99,730.05,4577.66,534.45,-36.039999999999964,-390.85,106.76,22.82432233221357,5.62,0.74,0.82,0.4,0.49,14.032201935212454,22.545698948254103,24.44805115692049,27.348667395877158,28.120909381573412,13.81,13.44,0.0,0.67,0.57,6,2008,289.87804878048786,724.6951219512196,594.25
2008-09-30,2310.51,305.1,0.41727136265080333,0.40354700617112355,842.3699999999999,451.88,576.0800000000002,32.0,1858.6099999999997,692.1899999999999,261.78,494.7,195.73,1035.14,5242.46,7811.0,100.0,500.37,569.28,1980.85,1258.34,3239.19,730.05,4571.81,354.51,-325.13,-299.13,124.19999999999999,19.174931989511634,5.11,0.71,1.23,0.8,0.65,15.618840273530884,24.58847834547173,26.69179740924001,29.785711903041086,31.2919597487074,13.79,13.36,0.0,0.52,0.42,9,2008,295.0650406504065,731.178861788618,899.35
2008-12-31,2151.3599999999997,291.69999999999993,0.40165232358003433,-0.005429383037376056,805.8800000000001,357.55999999999995,485.53999999999996,21.2,1793.8100000000004,440.20000000000005,384.64,494.12,187.98,1141.58,5373.73,8104.24,200.0,504.34,569.28,2122.86,1116.02,3238.88,730.05,4865.36,425.94000000000005,-228.85000000000014,-74.24000000000001,127.98000000000002,13.198728573877274,3.18,0.67,1.64,0.8,0.49,14.400705260064646,21.4149263255111,23.98158263716888,25.323689181814363,27.880549095336047,13.8,13.41,0.0,0.54,0.45,12,2008,-3.9430894308943607,726.25,1191.05
2009-03-31,2327.58,338.06,0.46,0.4,891.19,478.59,611.97,17.9,1848.99,566.82,351.28,569.46,188.96,1213.74,5415.3,8246.92,0.0,509.19,569.28,2056.4,973.7,3030.1,730.05,5216.82,530.73,-205.18,-358.77,133.38,9.7275,2.5,0.58,0.46,0.4,0.87,16.4,23.48,25.920000000000005,27.680000000000003,30.92,14.95,14.52,0.0,0.59,0.5,3,2009,293.96521739130435,734.9130434782609,338.06
2009-06-30,2244.04,288.48999999999995,0.39598020908147785,-0.0034954703639322082,831.5699999999999,399.09,534.75,26.0,1844.95,492.58000000000004,310.93,590.24,187.34,1221.66,5512.38,8324.62,300.0,497.53,569.28,2318.49,831.38,3149.87,730.05,5174.75,261.18999999999994,-183.45999999999998,-117.57,135.66000000000003,16.413572827481023,3.67,0.61,0.86,0.4,0.47,13.86851615992339,19.835845822360543,22.30381549756603,23.666724124172053,26.908236533397172,14.11,13.71,53.58,0.53,0.45,6,2009,-2.5466127401415406,728.546511627907,626.55
2009-09-30,2384.2300000000005,319.49,0.43902689104054804,0.3995473911816502,873.5699999999999,467.7800000000001,602.52,29.0,1916.4500000000003,512.78,275.8,619.34,198.53,1214.68,5549.02,8355.88,550.0,519.36,569.28,2485.36,689.06,3174.42,730.05,5181.46,391.64,-226.18000000000006,-200.55,134.73999999999995,16.51550314563836,4.09,0.61,1.3,0.8,0.62,15.291644327935394,22.478176821276058,24.666557016616636,26.206528265189633,30.961527208151878,14.1,13.6,41.4,0.49,0.41,9,2009,290.7598568872987,727.7230769230769,946.04
2009-12-31,2382.01,299.6100000000001,0.41129779633123287,0.000798643896143308,919.4099999999999,388.28,523.76,29.5,1993.7299999999996,527.95,386.64,657.91,198.88,1331.84,5666.94,8566.99,190.0,522.67,0.0,1664.38,1430.0,3094.38,730.05,5472.61,523.8500000000001,-208.68999999999994,-204.39999999999998,135.48000000000002,17.92952713527585,3.94,0.57,1.71,0.8,0.47,13.988935575803803,20.011682254244782,21.897398466663997,23.186612611889384,24.16795472243408,13.74,13.34,53.35,0.8,0.68,12,2009,0.5817723796671999,728.4502923976609,1245.65
2010-03-31,2638.47,369.24,0.51,0.45,1079.91,548.55,689.39,30.75,2089.92,672.07,522.66,825.0,209.21,1653.8,5762.71,8975.1,0.0,579.48,0.0,1734.12,1430.0,3164.12,730.05,5810.98,546.54,-204.1,-206.4,140.84,15.072499999999998,3.86,0.54,0.51,0.45,0.88,16.44,25.48,25.4,26.8,30.32,14.25,13.99,33.49,0.95,0.83,3,2010,325.8,724.0,369.24
2010-06-30,2225.8000000000006,167.41999999999996,0.23085529012782766,0.0007546677598478616,776.8199999999999,277.3900000000001,421.4699999999999,31.0,1948.4099999999999,415.34000000000003,400.04,894.34,191.9,1583.43,5851.96,8945.13,220.0,500.81,0.0,1846.62,1430.0,3276.62,730.05,5668.51,179.85000000000002,-212.41,-90.02000000000001,144.08,33.56929787361128,3.99,0.58,0.74,0.45,0.61,7.487198598740356,11.942081764990869,11.81729512167853,12.353877687921587,14.52516528155629,11.34,11.03,50.42,0.86,0.75,6,2010,0.5472972972972343,725.2162162162161,536.66
2010-09-30,2665.1499999999996,377.1,0.5158630274908073,0.4035653545552207,1035.1399999999999,522.28,676.47,35.0,2142.87,624.73,413.3,941.85,208.58,1658.04,5848.98,9000.31,250.0,563.2,0.0,1834.55,1430.0,3264.55,730.05,5735.76,461.1,-152.36,-295.56,154.19,16.961866878811986,4.45,0.57,1.25,0.85,0.68,16.755231132901418,25.65283663106286,26.296633689371387,27.633750656627562,31.050827350726667,12.48,12.14,41.48,0.9,0.79,9,2010,295.0095027027028,731.008,913.76
2010-12-31,2539.539999999999,344.73,0.47388767491199774,-0.004156381059841594,970.2600000000002,485.80999999999995,642.54,31.75,2053.7200000000003,613.1800000000001,627.49,946.4,217.7,1854.95,5784.67,9151.68,100.0,555.76,0.0,1652.24,1430.0,3082.24,730.05,6069.44,461.77,-97.24000000000001,-150.32999999999993,156.73000000000002,16.7473758448641,3.82,0.51,1.73,0.85,0.49,15.06579313304039,22.680866753013532,22.713737574394713,23.897087144117158,26.800676366121305,12.83,12.5,56.43,1.12,0.99,12,2010,-3.0235630057803746,727.4508670520231,1258.49
2011-03-31,2813.58,415.82,0.57,0.5,1180.8,622.31,780.88,38.0,2191.28,735.44,1311.06,902.44,206.35,2513.77,5700.47,13300.03,3570.0,577.57,142.5,5525.4,1568.46,7093.86,730.05,6206.17,899.4,-3669.37,3453.56,158.57,16.6675,4.47,1.14,0.57,0.5,0.88,12.52,22.36,26.800000000000004,27.679999999999996,31.999999999999996,15.02,14.78,37.99,0.45,0.42,3,2011,364.75438596491233,729.5087719298247,415.82
2011-06-30,2850.04,344.00000000000006,0.47084835882182624,0.0007441744051107066,1082.05,581.23,742.2299999999999,36.5,2268.7999999999997,641.47,1878.67,1018.71,206.98,3194.8,5632.79,13337.23,3570.0,569.57,214.0,5601.44,1504.92,7106.35,730.05,6230.88,371.63,560.4000000000001,-364.3800000000001,161.0,19.382036337209303,4.28,1.14,1.04,0.5,0.48,10.322444789555423,19.55831644336817,22.0755442078387,23.12589823905662,28.178463320260065,13.77,13.42,73.48,0.57,0.53,6,2011,0.5436909581646319,730.5961538461539,759.82
2011-09-30,3135.0600000000004,454.01999999999987,0.6246403150332827,0.4474232283813858,1218.7200000000003,678.97,841.49,38.75,2456.09,700.1699999999998,1741.28,1173.5,215.47,3205.51,5625.1,13338.08,3570.0,596.82,285.5,5550.33,1437.7,6988.03,730.05,6350.06,290.1400000000001,-84.3100000000004,-343.1699999999996,162.51999999999998,15.50652394167658,4.45,1.1,1.67,0.95,0.57,13.614914651024842,25.210034271403146,28.606282211823633,30.057542344954847,36.16181177090884,14.26,13.8,57.92,0.58,0.54,9,2011,325.2097075080607,726.8502994011976,1213.84
2011-12-31,2590.1000000000004,374.19000000000005,0.5136768197074364,0.0020916040251883487,934.5099999999998,401.10000000000014,566.8200000000002,46.5,2189.01,480.27,1260.73,1115.38,265.74,2704.29,6241.55,13472.55,0.0,548.61,0.0,1505.99,5232.69,6738.67,730.05,6731.74,317.56999999999994,-751.81,-46.26000000000022,165.71999999999997,22.630668844704555,5.04,1.0,2.18,0.95,0.44,11.11238477862509,19.02960548604246,22.234194819997107,23.38407687512201,17.983401321133734,14.42,13.94,70.26,1.8,1.62,12,2011,1.523637587210942,728.454128440367,1588.03
2012-03-31,3236.19,582.65,0.8,0.65,1320.84,743.51,917.0,53.5,2492.68,836.0,2231.22,1147.55,242.55,3716.86,6277.51,14328.43,0.0,580.77,0.0,1784.8,5237.24,7022.04,730.05,7305.6,927.49,61.46,-17.2,173.49,16.72,5.35,0.96,0.8,0.65,0.81,16.28,21.52,31.92,34.48,23.720000000000002,18.47,18.0,43.48,2.08,1.95,3,2012,473.40312499999993,728.3124999999999,582.65
2012-06-30,3377.2000000000003,500.16999999999996,0.6882522487578729,-0.001420047884228073,1260.7100000000003,763.56,938.8800000000001,70.0,2613.64,735.78,2271.92,1218.33,223.3,3790.11,6446.77,14500.34,0.0,662.04,0.0,1934.91,5241.03,7175.94,730.05,7323.63,810.1199999999999,-178.66,-590.54,175.32,25.426796689125695,6.98,0.98,1.49,0.65,0.44,13.801998116030363,20.01012578267856,27.326847675513935,29.52555955745184,22.153407953307102,17.11,16.37,11.24,1.96,1.84,6,2012,-1.0319840604025785,726.7248322147651,1082.82
2012-09-30,4176.249999999999,1179.7100000000003,1.6215909181314725,0.6006940246882263,1416.1899999999996,1502.3300000000002,1686.33,82.0,2673.92,894.8999999999999,5672.2,1324.98,225.35,7299.76,7483.28,15306.09,0.0,650.45,0.0,2001.18,5247.12,7248.3,730.05,8057.79,564.3100000000002,3291.1499999999996,-453.94000000000005,183.99999999999994,12.643555640793075,7.43,0.9,3.11,1.25,0.4,30.825869800621433,43.81945362050449,58.564981326214465,65.51018744502836,47.17734606833944,23.29,20.97,19.96,3.65,3.54,9,2012,437.0058687067051,727.5016077170419,2262.53
2012-12-31,3252.0,404.1999999999998,0.5547513246560392,0.0019096964051602912,626.3400000000001,495.27999999999975,671.5500000000002,74.0,2756.710000000001,-147.44000000000005,6034.14,1335.0,233.75,7669.7,7683.0,15861.75,0.0,799.95,0.0,2137.62,5336.6,7474.22,730.05,8387.54,722.6300000000001,-242.94999999999982,-117.77999999999997,176.2700000000001,33.35061887679368,6.44,0.89,3.66,1.25,0.34,10.191660948052478,14.484163001128717,19.27381924679288,21.38975599329515,15.484534242311737,20.74,18.99,13.09,3.59,3.48,12,2012,1.3914329766483888,728.6147540983607,2666.73
2013-03-31,3565.69,613.02,0.84,1.2,1314.11,826.59,1016.11,85.75,2739.1,718.01,6715.02,1386.26,236.62,8427.39,7697.06,16746.9,0.0,743.96,0.0,2273.07,5358.0,7631.06,730.05,9115.84,891.22,-193.65,-17.02,189.52,25.52,6.87,0.84,0.84,1.2,1.43,14.64,21.28,26.88,29.88,22.84,17.73,17.19,48.91,3.71,3.6,3,2013,875.7428571428571,729.7857142857143,613.02
2013-06-30,3593.27,578.8299999999999,0.7964770734572303,-0.005032752203956571,1342.9600000000003,784.0500000000001,976.9,76.75,2809.22,737.7,6120.38,1447.49,245.79,7899.52,7961.22,16477.8,0.0,769.0,0.0,2114.6,5553.14,7667.74,730.05,8810.05,614.75,-393.69000000000005,-815.26,192.85,24.091088920753936,6.36,0.87,1.64,1.2,0.73,14.045193270965306,20.2033208876956,26.2837434240886,28.692600914544613,21.77684876452574,17.02,16.65,12.03,3.74,3.62,6,2013,-3.6574912891985605,726.7378048780488,1191.85
2013-09-30,3760.3100000000004,702.51,0.964191600329399,0.703067024631267,1441.7800000000002,930.3299999999997,1130.51,82.0,2829.9799999999996,847.5900000000001,6322.56,1237.55,256.98,7895.66,8027.41,16544.24,0.0,708.68,0.0,1986.37,5564.56,7550.92,730.05,8993.32,981.1400000000001,-249.81999999999994,-529.0799999999999,200.17999999999995,21.262371496491152,6.66,0.84,2.6,1.9,0.73,16.984605882725564,23.67461221731878,31.239807850672523,32.960519014337294,25.88483603961232,17.73,17.35,16.64,3.97,3.85,9,2013,512.2546341463411,728.5999999999999,1894.36
2013-12-31,3738.0,626.4200000000003,0.8598184688866147,-0.00013265735208886276,1411.0499999999993,753.0900000000001,1052.81,87.75,2984.9000000000015,679.48,5857.21,1306.95,304.54,7551.84,9095.69,17251.53,0.0,858.88,0.0,2125.1,5529.47,7654.56,730.05,9596.96,787.1500000000001,-1230.4900000000002,-21.810000000000173,299.72,25.512827176654632,6.68,0.8,3.46,1.9,0.55,14.522483040963516,19.780794833345244,26.11263719959696,27.862094431088803,21.64953323971153,17.57,17.2,18.99,3.55,3.41,12,2013,-0.09664739884351548,728.549132947977,2520.78
2014-03-31,3680.44,638.77,0.88,1.2,1420.15,830.28,1069.94,96.25,2850.17,739.26,6243.57,1225.52,303.17,7887.06,9764.21,18362.28,0.0,759.6,0.0,2224.21,5642.87,7867.08,730.05,10230.34,1031.7,-628.9,-16.41,239.66,27.345,6.87,0.77,0.88,1.2,1.36,13.92,18.92,24.959999999999997,26.4,20.56,17.8,17.36,50.69,3.55,3.41,3,2014,871.05,725.875,638.77
2014-06-30,3853.0899999999997,635.4300000000001,0.8727064040182075,0.0036905509339194226,1446.5299999999997,845.8900000000001,1099.5700000000002,117.0,3007.1800000000003,759.1200000000001,5707.2,1302.58,298.13,7397.02,9885.72,17980.34,0.0,759.55,0.0,2078.07,5557.47,7635.54,730.05,9975.93,834.27,-371.1,-990.49,253.67999999999998,33.51785877279952,8.56,0.77,1.75,1.2,0.69,14.142830638832208,19.408990425364937,25.473053209857166,27.068859205776178,21.02474399623293,17.33,16.91,12.69,3.56,3.42,6,2014,2.6871428571429306,728.1142857142858,1274.2
2014-09-30,4126.410000000001,767.54,1.0525884784546513,0.7017749566546182,1617.27,1009.3800000000001,1263.06,132.0,3117.039999999999,936.5799999999999,5837.12,1452.89,311.94,7684.0,9895.06,18272.41,0.0,767.01,0.0,2102.88,5578.52,7681.4,730.05,10219.38,867.6899999999998,-204.24,-526.2199999999999,253.68,31.349383615186184,9.43,0.75,2.8,1.9,0.68,16.79630472048351,23.202057460793245,30.04388257074848,31.953578810230486,24.976420895902514,17.9,17.51,18.12,3.65,3.51,9,2014,511.72928571428577,729.1928571428572,2041.74
2014-12-31,4250.6,688.5600000000002,0.9457202505219209,-0.0029041157172681044,1591.92,920.73,1218.48,141.0,3329.8600000000006,835.0,4675.71,1525.21,291.88,8499.39,9948.45,19144.7,0.0,860.24,0.0,2326.02,5558.71,7884.73,730.05,10883.23,1156.6400000000003,448.06000000000006,-61.210000000000036,297.75,37.27317880794701,9.46,0.72,3.75,1.9,0.51,14.38503549060543,19.993787056367434,25.30999582463466,26.893762004175368,21.627991649269315,17.53,17.16,17.25,3.65,3.53,12,2014,-2.1144285714285616,728.08,2730.3
2015-03-31,4457.86,974.71,1.34,1.25,1853.55,1245.86,1493.3,152.0,3211.99,1154.07,5632.44,1821.44,273.9,9790.79,9846.79,20349.41,0.0,815.87,0.0,2608.64,5557.82,8166.46,730.05,11836.4,1136.24,-161.04,-16.72,247.44,28.3575,9.38,0.69,1.34,1.25,0.93,19.16,25.76,32.92,35.32,28.08,22.32,21.86,76.06,3.75,3.65,3,2015,909.2444029850747,727.3955223880597,974.71
2015-06-30,4464.22,848.73,1.1636385074364937,0.003394130071356022,1780.7,1107.84,1368.7,187.0,3356.38,1017.8100000000002,5364.49,2020.14,284.82,9658.37,9849.13,20219.08,0.0,860.08,0.0,2495.83,5574.2,8070.03,730.05,11793.87,914.8199999999999,-156.50000000000003,-1027.2,260.86,40.17570723316013,11.58,0.68,2.5,1.25,0.5,16.793630939323474,22.937642258588163,28.78376211994911,31.18551199929803,24.724991006010615,20.86,20.44,17.81,3.87,3.76,6,2015,2.47559701492537,729.376,1823.44
2015-09-30,4393.280000000001,843.5,1.1575850975275035,0.8987925487637517,1793.9899999999998,1087.0800000000004,1350.8100000000004,216.0,3306.21,1008.8199999999997,4849.3,2260.78,282.87,9785.68,9807.69,20314.15,0.0,770.94,0.0,2350.98,5593.1,7944.08,730.05,12009.35,701.6300000000001,-548.8699999999999,-671.46,263.72999999999996,46.6516890337878,13.13,0.66,3.66,2.15,0.59,16.611029869438383,22.55709539772173,28.09832242195175,30.36288780400009,24.227054226941735,20.43,20.03,23.21,4.16,4.04,9,2015,654.9250819672131,728.672131147541,2666.94
2015-12-31,4626.5999999999985,768.8899999999999,1.0562690237875563,-0.0021916936767086117,1775.96,996.56,1269.2699999999995,211.0,3630.0300000000007,914.96,5054.16,2318.42,309.07,10088.28,10472.11,21297.52,0.0,830.04,1497.15,4056.46,4140.57,8197.03,730.05,12735.69,1234.7199999999998,-918.4700000000001,-117.29999999999995,272.71000000000004,49.93614203592192,12.1,0.64,4.72,2.15,0.46,14.438660469231593,19.639442696524565,24.150964628634128,26.03971686608476,23.040987010416693,19.52,19.15,16.77,2.49,2.41,12,2015,-1.5953997638232522,727.9300847457628,3435.83
2016-03-31,4693.79,977.75,1.34,1.4500000000000002,1993.0,1253.46,1529.9,212.0,3440.32,1178.11,8177.36,2268.19,301.48,11308.09,10501.0,22561.17,0.0,946.29,1497.87,4367.38,4163.13,8530.51,730.05,13678.38,1449.25,1689.88,-16.4,276.44,39.5525,11.31,0.62,1.34,1.45,1.08,17.32,23.36,28.6,30.64,27.56,21.17,20.83,76.52,2.59,2.52,3,2016,1058.0130597014925,729.6641791044775,977.75
2016-06-30,4407.05,858.0,1.1778074356530028,-0.002372550972496877,1748.5700000000002,1100.15,1384.5499999999997,182.5,3306.9099999999994,1029.24,5712.53,2307.24,300.65,10428.11,10852.46,22032.5,0.0,831.47,1498.6,3974.75,4204.78,8179.53,730.05,13494.34,881.4299999999998,-2194.21,-1154.33,284.40000000000003,38.73689248251749,9.87,0.61,2.52,1.45,0.58,15.573231649189704,20.82662671932453,25.42568432520768,27.14565708838349,24.360049026283534,20.5,20.17,17.73,2.62,2.55,6,2016,-1.7283374792702944,728.4722222222222,1835.75
2016-09-30,4641.799999999999,965.6799999999998,1.3236851179576143,0.9521204051740242,1961.02,1225.21,1511.9099999999999,174.5,3416.59,1162.71,5785.5,1860.5,281.91,10468.28,10759.75,22001.72,0.0,846.88,1499.34,3794.44,4210.0,8004.45,730.05,13668.79,1496.6600000000003,-703.47,-708.3199999999999,286.69999999999993,32.95526965454395,9.32,0.59,3.84,2.4,0.63,17.55261619958378,23.316161817357564,28.26619262305322,30.08625966024494,27.10796814484031,20.7,20.38,24.04,2.76,2.68,9,2016,694.6090277777778,729.5390625,2801.43
2016-12-31,4385.369999999999,824.7400000000002,1.1326565494723086,-0.004589656579807437,1748.0,1014.2199999999998,1305.37,181.0,3371.1399999999994,945.7100000000005,5154.16,1695.47,310.01,8802.64,11579.03,21329.86,0.0,875.61,0.0,2358.1,4183.82,6541.92,730.05,14473.85,1346.3000000000002,-348.43000000000006,-1617.1299999999999,291.1500000000001,39.955403975798426,9.13,0.45,4.98,2.4,0.48,15.46599304500341,19.605420595283736,22.789595633960907,24.245218508784756,22.025393624678387,20.31,20.0,17.32,3.73,3.6,12,2016,-3.3419427710844047,728.1465863453815,3626.17
2017-03-31,4495.22,1005.29,1.38,1.55,1940.8,1261.62,1557.14,183.0,3233.6,1201.52,4343.64,1422.38,272.4,10003.28,11478.45,22457.19,0.0,833.87,0.0,2493.7,4202.14,6695.84,730.05,15454.64,1692.62,-2487.96,-16.5,295.52,33.1525,8.64,0.43,1.38,1.55,1.12,17.92,22.4,26.0,27.6,25.28,22.66,22.36,77.02,4.01,3.9,3,2017,1129.130072463768,728.4710144927536,1005.29
2017-06-30,4472.64,960.01,1.3188963517020305,-0.0012396049723575175,1896.8,1216.8200000000002,1513.24,171.5,3255.81,1161.25,4439.2,1449.43,306.04,9714.75,11454.84,22160.29,0.0,864.77,0.0,2339.15,4219.7,6558.85,730.05,15290.16,1116.6400000000003,189.3499999999999,-1214.08,296.4200000000001,32.50899886459516,8.19,0.43,2.7,1.55,0.57,17.331275021625196,21.922988246069306,25.107878695364576,26.690554317407013,24.42400651300056,22.2,21.91,24.48,4.15,4.02,6,2017,-0.902294685990455,727.8888888888888,1965.3
2017-09-30,4896.629999999999,1055.51,1.450063559111629,1.0000364876381573,2073.2100000000005,1313.35,1615.1400000000003,215.0,3583.290000000001,1249.1,2098.25,1606.73,286.91,9940.7,11512.6,22497.3,0.0,889.11,0.0,2397.36,4220.36,6617.71,730.05,15577.26,1271.4599999999996,-2862.8699999999994,-745.1500000000001,301.78999999999996,37.06932338395657,10.08,0.42,4.15,2.55,0.61,18.77046130011487,23.815983660011717,27.10046497462601,28.87548253614097,26.359709614308745,22.08,21.79,32.31,4.15,4.03,9,2017,727.9325836680052,727.9060240963855,3020.81
