,revenue,net_profit,eps,dps,gross_profit,ebit,ebitda,close_price,allowance_doubtful_accounts,expense,operating_profit,cash,account_receivable,inventory,current_asset,property_plant_equipment,total_asset,short_term_loan,account_payable,current_portion_long_term_debt,current_liability,non_current_liability,total_liability,paid_in_capital,total_equity,cash_flow_operation,cash_flow_investment,cash_flow_financing,depreciation,P/E,P/BV,D/E,EPS,DPS,DPR%,ROA%,ROAA%,ROE%,ROAE%,ROCE%,NPM%,NPMA%,CurrentRatio,QuickRatio,month,year,dividend,number_of_shares,return_old
2013-06-30,,,,,,,,,0.0,,,3.5,113.9,6.91,365.96,113.23,578.59,89.1,94.78,8.5,229.82,25.07,254.89,260.0,323.7,,,,,,0.0,0.79,0.06,0.0,0.0,,,,,,11.24,11.21,1.59,1.56,6,2013,,541.8333333333334,32.51
2013-09-30,127.13,9.149999999999999,0.017570811329812766,0.0,31.680000000000007,12.939999999999998,15.560000000000002,3.18,5.03,114.21000000000004,17.78,17.69,105.86,9.95,528.07,111.83,740.12,0.83,75.58,8.83,120.92,23.52,144.44,350.0,595.68,57.97,-215.69,190.8,2.62,45.245491803278696,1.87,0.24,0.08,0.0,0.0,4.946183389342294,0.0,6.140998559769562,0.0,7.950792126740279,10.01,9.99,4.37,4.28,9,2013,0.0,520.75,41.66
2013-12-31,184.09999999999997,-26.869999999999997,-0.05450304259634888,0.0,-30.33,-34.22,-31.580000000000005,2.18,0.0,218.3,-41.940000000000005,3.26,35.7,15.28,474.41,110.92,706.32,0.0,75.53,8.78,114.23,23.27,137.5,350.0,568.82,4.719999999999999,-16.019999999999982,-2.3200000000000074,2.6400000000000006,-9.999900446594715,1.34,0.24,0.03,0.0,0.0,-15.188181203515889,-0.0,-18.894388100067616,-0.0,-26.74282623394185,2.48,2.46,4.15,4.02,12,2013,0.0,493.0,14.79
2014-03-31,167.75,11.12,0.019999999999999997,0.0,30.79,16.03,18.67,2.36,0.0,151.72,13.54,6.22,28.75,14.67,502.16,111.23,736.63,0.0,97.16,8.66,135.28,21.4,156.68,350.0,579.94,-40.62,45.88,-2.29,2.64,29.5,1.42,0.27,0.02,0.0,0.0,6.04,0.0,7.68,0.0,10.68,6.73,6.63,3.71,3.6,3,2014,0.0,556.0,11.12
2014-06-30,264.6,42.49,0.0634060809550457,0.05,64.34,52.56,55.269999999999996,2.7,0.0,212.04999999999998,46.88,7.06,107.41,13.8,605.51,109.48,839.4,1.27,185.09,8.56,236.43,19.42,255.85,350.0,583.54,31.379999999999995,2.0,-32.54,2.7099999999999995,10.64566662744175,1.62,0.44,0.08,0.05,0.56,20.258242865137102,30.656840141764597,29.135094198843497,37.47299384443201,36.078060063421006,12.64,12.4,2.56,2.5,6,2014,33.50625,670.125,53.61
2014-09-30,289.78,23.909999999999997,0.03392801857585139,0.0024550116099071166,56.74000000000001,30.840000000000003,33.629999999999995,4.86,0.0,258.93000000000006,28.840000000000003,8.96,165.62,14.8,633.96,109.1,871.05,0.93,181.44,8.43,246.07,17.52,263.59,350.0,607.46,-77.92,82.47,-2.6600000000000037,2.790000000000001,35.80963613550816,2.8,0.43,0.11,0.05,0.41,10.980340557275541,15.22442724458204,15.742600619195045,15.90298761609907,19.628900928792568,10.89,10.73,2.58,2.52,9,2014,1.7301136363636331,704.7272727272726,77.52
2014-12-31,184.70000000000005,16.870000000000005,0.02323445280220363,0.0014702058191834746,15.22999999999999,19.97999999999999,22.849999999999994,4.0,12.53,164.70999999999992,13.129999999999995,8.41,87.14,21.11,572.98,107.47,811.98,0.0,101.22,8.4,156.77,30.89,187.66,350.0,624.32,-2.280000000000001,4.8799999999999955,-3.1499999999999986,2.869999999999999,43.04060906935387,2.24,0.3,0.13,0.05,0.35,8.30721050958788,11.245475156266556,10.809382349825196,11.309816717872659,13.025591694035388,10.76,10.41,3.65,3.52,12,2014,1.0674825174825244,726.0769230769231,94.39
2015-03-31,194.88,13.08,0.02,0.0,42.87,18.36,21.18,4.12,9.87,176.53,26.86,9.0,142.63,33.6,605.29,106.06,836.46,0.0,98.82,8.47,168.16,30.9,199.06,350.0,637.4,-23.28,26.02,-2.15,2.82,51.5,2.26,0.31,0.02,0.0,0.0,6.24,9.32,8.2,8.6,11.0,6.76,6.71,3.6,3.4,3,2015,0.0,654.0,13.08
2015-06-30,391.4,63.69,0.07466588511137162,0.009999999999999998,84.92000000000002,79.93,82.82,3.58,0.24,311.46000000000004,68.1,8.51,174.17,28.18,763.42,104.62,994.5,0.0,207.75,8.46,268.66,33.16,301.82,420.0,692.69,-23.9,33.959999999999994,-10.56,2.89,11.987402260951484,2.17,0.44,0.09,0.01,0.13,25.618694802657288,35.57414615084017,36.76880031262212,39.92135990621336,44.93227041813208,13.17,13.09,2.84,2.74,6,2015,8.53,853.0,76.77
2015-09-30,305.19000000000005,49.68000000000001,0.05893238434163702,-0.00011862396204033172,78.33999999999999,62.510000000000005,65.47999999999999,3.38,0.0,242.67999999999995,60.59000000000002,14.19,216.98,22.28,795.95,102.23,1028.46,0.0,184.16,8.35,252.62,33.48,286.1,420.0,742.37,154.71,-146.84,-2.1799999999999997,2.9699999999999998,14.336345108695651,1.91,0.39,0.15,0.01,0.08,19.329822064056945,26.606007117437724,26.763160142348756,29.450476868327407,32.577822064056946,14.27,14.18,3.15,3.06,9,2015,-0.09999999999999964,843.0,126.45
2015-12-31,262.1399999999999,32.61,0.038953225198038476,-6.978498679743411e-05,66.07999999999998,41.20999999999998,44.09,3.64,2.51,220.93000000000006,41.78,12.37,126.55,21.73,837.84,99.84,1057.82,0.0,181.17,8.07,250.36,32.48,282.84,420.0,774.98,197.01000000000002,-196.69,-2.1400000000000006,2.880000000000001,23.363919043238273,1.97,0.36,0.19,0.01,0.06,12.333821199547339,17.721667295360238,16.82779328555262,18.64014334213504,20.51809883062995,13.87,13.79,3.35,3.26,12,2015,-0.05842105263157826,837.1578947368421,159.06
2016-03-31,278.01,16.59,0.02,0.0,47.68,21.51,24.34,3.26,12.96,256.5,31.92,410.76,92.2,26.63,1325.45,98.83,1557.84,0.0,246.93,7.66,307.94,32.83,340.78,493.1,1217.06,70.67,-95.6,423.32,2.83,40.75,1.32,0.28,0.02,0.0,0.0,4.24,7.2,5.44,7.16,6.88,6.02,5.97,4.3,4.22,3,2016,0.0,829.5,16.59
2016-06-30,413.19000000000005,30.540000000000003,0.03239974538510503,0.13,60.309999999999995,38.66,41.5,3.16,20.52,374.52,43.81,35.42,158.12,32.45,1309.26,100.27,1546.46,0.0,321.91,7.45,386.02,43.42,429.44,493.1,1117.02,-95.11,-148.19,-132.04000000000002,2.84,24.382907662082516,1.39,0.38,0.05,0.13,2.6,7.905537873965627,12.285983450031829,10.938154042011456,13.504213876511777,13.45237428389561,6.87,6.82,3.39,3.31,6,2016,122.53800000000001,942.6,47.13
2016-09-30,352.78,9.46,0.010030040643223185,7.810567238028048e-05,64.8,13.450000000000003,16.50999999999999,3.26,53.42,339.34000000000003,41.58,24.61,136.0,27.34,776.89,99.26,1659.39,0.0,314.06,5.49,481.49,51.42,532.91,493.1,1126.48,61.3,-69.88000000000002,-2.2299999999999613,3.0600000000000005,81.25091701902748,1.43,0.47,0.06,0.13,2.17,2.2801625728927375,3.664308181657537,3.356720268598692,4.052136419862166,4.179183601342993,5.47,5.42,1.61,1.56,9,2016,0.07366666666666788,943.1666666666667,56.59
2016-12-31,323.8499999999999,22.340000000000003,0.02264284809324718,0.005726170868702231,64.92000000000002,27.78,30.820000000000007,3.1,74.16,296.07000000000005,47.28,88.38,157.05,30.66,790.09,113.5,1703.21,0.0,308.6,3.79,497.36,57.03,554.38,493.11,1148.82,-35.2,100.87,-1.900000000000034,3.039999999999999,34.227143017009844,1.33,0.48,0.08,0.13,1.63,5.241819333586722,8.32124667426834,7.7778183200304065,9.294889142277968,9.521317623210441,5.82,5.77,1.59,1.53,12,2016,5.649583333333339,986.6250000000001,78.93
2017-03-31,387.72,75.89,0.08,0.07,48.15,94.75,97.85,3.26,0.0,292.97,23.58,20.97,295.73,37.69,966.09,111.89,1903.27,340.8,0.0,39.26,619.48,59.07,678.55,493.11,1224.72,-105.37,39.77,-1.81,3.1,10.1875,1.31,0.55,0.08,0.07,0.88,15.96,21.92,24.8,24.88,29.52,23.97,19.57,1.56,1.5,3,2017,66.40375,948.625,75.89
2017-06-30,788.1199999999999,269.07,0.27300121753246753,0.002626065340909093,-11.119999999999997,336.09,339.21000000000004,3.46,0.0,452.03,-34.04,214.5,183.03,44.11,1249.95,119.45,2141.6,0.0,377.27,41.7,653.82,63.03,716.85,493.11,1424.75,73.01,191.19,-70.67,3.1199999999999997,3.16985765785855,1.2,0.5,0.35,0.07,0.2,50.26342416512059,72.88352504638219,75.53553687384046,84.67717764378479,90.35560296846012,46.96,29.34,1.91,1.84,6,2017,2.588250000000002,985.6,344.96
2017-09-30,335.6500000000001,-10.189999999999998,-0.010349194969680675,0.2699301610060639,14.310000000000002,-12.339999999999975,-9.129999999999995,3.26,0.0,347.99,-26.6,199.78,223.5,42.46,915.29,117.72,1779.73,0.0,358.56,50.44,567.32,64.11,631.44,493.11,1148.29,98.08,153.66,-266.46,3.21,-78.76458047105005,1.4,0.55,0.34,0.34,1.0,-2.2902159691728645,-2.9635224183767956,-3.5491650984257843,-3.583256564208262,-4.202990710039728,31.7,22.15,1.61,1.54,9,2017,265.77799999999996,984.6176470588234,334.77
