,revenue,net_profit,eps,dps,gross_profit,ebit,ebitda,close_price,expense,operating_profit,cash,account_receivable,inventory,current_asset,property_plant_equipment,total_asset,short_term_loan,account_payable,current_portion_long_term_debt,current_liability,non_current_liability,total_liability,paid_in_capital,total_equity,cash_flow_operation,cash_flow_investment,cash_flow_financing,depreciation,P/E,P/BV,D/E,EPS,DPS,DPR%,ROA%,ROAA%,ROE%,ROAE%,ROCE%,NPM%,NPMA%,TIE,CurrentRatio,QuickRatio,month,year,dividend,number_of_shares,return_old
1999-06-30,,,,,,,,1.03,,,412.51,243.72,22336.8,24138.27,4147.0,59568.47,3781.64,1231.54,21109.65,44863.74,7230.26,52094.0,6000.0,7474.47,,,,,,0.82,6.97,2.41,0.0,0.0,,,,,,111.06,49.73,0.0,0.54,0.04,6,1999,,600.2116182572614,1446.51
1999-09-30,2992.5499999999997,290.70000000000005,0.4852781183622015,0.0,3249.9,946.6199999999999,1009.2200000000003,0.52,2045.9299999999998,2994.2200000000003,407.34,1200.06,22121.83,25001.87,4118.17,57079.33,2463.59,1220.61,22564.74,43532.46,7983.34,51515.8,6000.0,5563.52,-281.97,393.85,-133.91,62.6,0.26891795665634666,0.56,9.26,2.9,0.0,0.0,2.034821351477369,0.0,20.903773291657313,0.0,15.890348317129192,34.35,29.44,0.0,0.57,0.07,9,1999,0.0,599.0379310344828,1737.21
1999-12-31,3798.5299999999997,3320.7799999999997,5.514948032716553,0.0,926.0099999999998,3911.04,3959.3299999999995,0.59,-112.50999999999976,1468.73,339.14,704.07,22329.67,24926.13,4099.38,56835.22,2519.57,1177.05,20257.35,40514.85,8301.51,48816.36,6000.0,8018.85,-1063.27,661.7800000000001,333.25,48.28999999999999,0.026654829588229276,0.44,6.09,8.4,0.0,0.0,23.372874995798725,0.0,165.6585342398858,0.0,114.68465742320566,65.7,52.15,0.0,0.62,0.06,12,1999,0.0,602.1416666666667,5057.99
2000-03-31,14761.62,7556.09,12.59,0.0,5617.73,9788.53,10015.62,0.4,4973.09,6403.73,220.33,545.64,21667.04,23328.31,4146.27,52960.18,1961.22,1202.81,16047.47,34370.98,9771.06,44142.05,6000.0,8818.13,-93.94,2120.2,-1987.83,227.09,0.007499999999999999,0.27,5.01,12.59,0.0,0.0,57.08,0.0,342.76,0.0,210.64,66.42,51.19,0.0,0.68,0.05,3,2000,0.0,600.166004765687,7556.09
2000-06-30,-12574.12,-7119.610000000001,-11.90733893878299,0.0,-5599.919999999999,-8680.28,-8852.310000000001,0.29,-3893.84,-6588.0599999999995,435.89,96.33,21290.26,22754.18,4192.16,52394.47,1660.87,981.2,19591.52,33899.97,10021.43,43921.4,6000.0,8473.07,964.1500000000001,-1251.6899999999998,464.66999999999985,-172.03,-0.0061306728879812235,0.21,5.18,0.73,0.0,0.0,-54.153925036656894,-129.18647177419354,-336.01531799853376,-356.8939396994135,-390.8216999633431,186.69,19.95,0.0,0.67,0.04,6,2000,0.0,597.9178082191781,436.48
2000-09-30,2535.54,469.69999999999993,0.7826778344258315,0.0,-450.37,557.1600000000001,633.04,0.24,1978.38,-6.339999999999975,430.2,31.18,21176.97,22591.13,4976.26,52826.68,1698.64,1385.18,20894.04,36098.29,8344.22,44442.5,6000.0,8384.17,-473.04,-18.620000000000005,485.98,75.88,0.07717096018735364,0.17,5.3,1.51,0.0,0.0,3.566108278708424,6.2821558630735606,22.412575867929107,26.93241077931537,20.650254916241806,61.44,19.19,0.0,0.63,0.04,9,2000,0.0,600.1192052980132,906.18
2000-12-31,975.9200000000001,-1119.26,-1.8909968087103435,0.0,-472.46999999999997,-735.9800000000001,-667.6899999999998,0.23,1711.8999999999996,-447.45000000000005,368.24,93.4,19119.06,20554.91,5135.51,49277.63,1726.32,1363.28,17083.72,32129.36,9884.59,42013.95,6000.0,7263.68,-67.07,-14.389999999999986,20.020000000000095,68.28999999999999,-0.030460125440022877,0.19,5.78,-0.36,0.0,0.0,-9.034762530504974,36.769382391590014,-61.56245166134785,-58.62090107002064,113.88003003566735,-11.75,-3.74,0.0,0.64,0.04,12,2000,0.0,591.8888888888889,-213.08
2001-03-31,5810.18,-1041.75,-1.7399999999999998,0.0,-1163.32,544.79,791.03,0.27,5265.39,-952.23,283.33,117.51,18925.09,20309.7,5166.1,48963.49,1728.42,1434.36,19069.7,34574.71,7954.99,42529.7,6000.0,6433.79,-401.86,813.07,-347.66,246.24,-0.04,0.25,6.61,-1.74,0.0,0.0,-8.52,4.28,-64.76,-54.64,15.16,-56.66,-17.93,0.0,0.59,0.04,3,2001,0.0,598.7068965517242,-1041.75
2001-06-30,-5456.47,698.65,1.1606834742057706,0.0,1204.1299999999999,-430.51,-623.77,0.26,-5025.96,852.01,207.88,54.23,18915.47,20156.61,5157.89,48817.13,1741.39,1431.18,19246.03,35122.98,7604.67,42727.65,6000.0,6089.48,318.8,-845.3900000000001,387.29,-193.26000000000002,0.056475345308809856,0.26,7.02,-0.57,0.0,0.0,5.701603031186242,-1.8733838531040512,45.8571786651122,38.363643252696,-6.760472165549402,-246.46,-97.0,0.0,0.57,0.04,6,2001,0.0,601.9298245614036,-343.1
2001-09-30,114.14000000000004,-1117.46,-1.859168948896314,0.0,53.45,-623.87,-565.96,0.2,738.0,-45.81,151.32,46.41,18908.73,20091.97,5122.73,48672.16,1679.25,1415.18,22677.08,38894.35,4806.98,43701.33,6000.0,4970.83,83.60000000000001,-7.509999999999998,-131.46,57.910000000000004,-0.02614071197179317,0.24,8.79,-2.43,0.0,0.0,-9.1810812291176,-3.0603604097058663,-89.91338883715837,-66.9300821602673,-15.944477734567565,-399.07,-312.19,0.0,0.52,0.03,9,2001,0.0,601.0534979423868,-1460.56
2001-12-31,467.85,-97.53999999999996,-0.1627649059752262,0.0,120.74999999999999,494.79999999999995,547.51,0.3,-26.93999999999994,8.560000000000002,149.48,3.29,18385.45,19511.56,5091.27,48064.61,1683.1,866.04,22113.77,38159.17,5033.32,43192.5,6000.0,4872.11,-45.3,-11.0,54.489999999999995,52.709999999999994,-0.47921878203813834,0.37,8.87,-2.6,0.0,0.0,-0.8113204543995891,-0.007512226429625824,-8.008033373981128,-6.430465823759706,-0.03756113214812912,-205.49,-166.52,0.0,0.51,0.03,12,2001,0.0,599.2692307692307,-1558.1
2002-03-31,1583.74,-1923.28,-3.21,0.0,300.09,281.82,505.12,0.35,1301.92,-261.34,118.92,2.06,18427.71,19516.74,5089.14,47992.46,1685.48,873.92,23607.44,40200.07,3286.78,43486.85,6000.0,4505.61,-61.43,-95.44,-7.54,223.3,-0.0275,0.46,9.65,-3.21,0.0,0.0,-16.04,2.32,-170.76,-140.64,14.48,-184.83,-121.44,0.0,0.49,0.03,3,2002,0.0,599.1526479750779,-1923.28
2002-06-30,-1332.89,938.87,1.5641316118284048,0.0,-294.21,-696.56,-883.4300000000001,0.37,-636.33,175.52999999999997,146.91,3.36,18339.51,19459.86,5071.7,47907.45,1660.7,905.89,24050.35,41101.11,3286.29,44387.4,6000.0,3520.05,122.75,95.44,-25.79,-186.87,0.06028904427663041,0.63,12.61,-1.64,0.0,0.0,7.8206580591420245,3.280861429688849,106.70429556790361,78.16843103991224,23.233076868378014,-444.87,-392.43,0.0,0.47,0.03,6,2002,0.0,600.25,-984.41
2002-09-30,1375.71,34.789999999999964,0.05788441692466455,0.0,54.93,327.24,400.22,0.27,1048.48,-29.83,153.23,4.42,18254.77,19396.35,5086.86,47798.91,1665.15,884.71,23650.6,40958.6,3286.07,44244.68,6000.0,3554.23,-101.36,-71.72,179.41000000000003,72.97999999999999,1.1600704225352125,0.45,12.45,-1.58,0.0,0.0,0.2916202270381834,0.026377708978328147,3.9156243550051557,3.264974200206395,0.1875748194014446,-203.93,-58.38,0.0,0.47,0.03,9,2002,0.0,601.0253164556962,-949.62
2002-12-31,1125.4099999999999,-32.860000000000014,-0.05485139646608584,0.0,104.00999999999999,387.84,565.5400000000001,0.32,737.5600000000002,11.379999999999995,130.59,2.59,18175.88,19307.45,5083.35,47667.16,1666.6,838.88,23427.76,40758.79,3387.59,44146.38,6000.0,3520.77,267.07,-36.849999999999994,-252.87,177.70000000000002,-1.4202008520998168,0.54,12.54,-1.64,0.0,0.0,-0.27559482126862644,0.0842838531064246,-3.733908476508429,-3.131880954319682,0.5819599381157887,-126.04,-35.7,0.0,0.47,0.03,12,2002,0.0,599.0731707317074,-982.48
2003-03-31,4216.38,-889.97,-1.48,0.0,215.69,652.74,1305.58,0.28,3563.64,-435.6,140.04,1.82,17890.75,19124.55,4909.62,47454.4,1665.41,825.45,23532.53,40437.67,3405.63,43843.3,6000.0,3611.1,309.03,-152.19,-135.71,652.84,-0.0475,0.47,12.14,-1.48,0.0,0.0,-7.5200000000000005,5.48,-98.6,-87.72,37.2,-62.03,-21.11,0.0,0.47,0.03,3,2003,0.0,601.3310810810812,-889.97
2003-06-30,-2049.46,1454.79,2.421129917495839,0.0,-1499.3700000000001,-188.43,-783.5799999999999,0.36,-1861.02,-1011.9,157.15,5373.14,16632.32,23375.14,4916.81,45132.25,833.47,831.06,21255.86,37864.11,3092.8,40956.91,6000.0,4175.34,-233.79999999999995,86.89,142.88,-595.1500000000001,0.03785422638318933,0.52,9.81,0.94,0.0,0.0,12.878350624977868,10.302680499982294,139.39526716476044,151.24334973974007,65.83412839488686,223.09,26.07,0.0,0.62,0.18,6,2003,0.0,600.872340425532,564.82
2003-09-30,984.06,409.7199999999999,0.6810868717548793,0.0,149.07000000000016,703.54,760.01,1.78,280.5,-13.079999999999927,125.83,5341.46,4407.02,11102.08,4982.88,45141.0,832.18,870.94,20859.39,37464.7,3092.34,40557.04,6000.0,4583.96,77.39999999999999,-107.42,-1.29,56.47,0.6541015815679002,2.33,8.85,1.62,0.0,0.0,3.6324633160260222,4.221056908900608,35.75285652718205,40.276618712418156,25.578595850349906,187.87,30.93,0.0,0.3,0.18,9,2003,0.0,601.5679012345678,974.54
2003-12-31,465.5799999999999,397.5799999999999,0.06374631956388653,0.0,140.6099999999999,780.5600000000002,666.4000000000001,1.71,-314.9699999999998,991.6999999999999,3337.7,1.25,4384.84,9005.02,5254.56,48176.51,21305.01,896.91,2031.56,36141.51,3015.95,39157.45,8460.38,9019.06,-777.33,-126.16999999999999,4115.37,-114.16,6.70391644448916,1.6,4.34,0.22,0.0,0.0,3.3032183774013935,4.717227647727603,17.628754919394805,25.359444946506134,18.76459843162406,114.92,37.94,0.0,0.25,0.13,12,2003,0.0,6236.90909090909,1372.12
2004-03-31,7077.12,1713.57,0.25,0.0,-2673.83,2001.48,-59.51,1.03,5075.65,-3669.39,3322.09,3731.61,4735.32,12904.73,5562.59,47377.04,783.11,1038.67,19398.88,35286.42,2631.94,37918.36,8573.61,9458.68,-199.84,-841.65,4223.53,-2060.99,1.03,0.93,4.01,0.25,0.0,0.0,14.480000000000002,16.88,72.48,104.88,66.2,122.6,24.21,0.0,0.37,0.23,3,2004,0.0,6854.28,1713.57
2004-06-30,-5436.469999999999,-1477.82,-0.1880576882290562,0.0,2377.39,-1924.6100000000001,253.67999999999998,0.89,-3511.8799999999997,3183.25,2225.49,96.82,5603.64,8678.44,5602.28,46396.02,784.18,999.72,20424.52,33565.55,2768.59,36334.14,9073.35,10061.88,-321.28,752.4499999999999,-4709.8099999999995,2178.29,-1.183280524691776,0.8,3.61,0.03,0.0,0.0,-12.787922799575822,-4.262640933191941,-58.67399872746553,-82.99612640509014,-15.044615058324496,61.16,14.37,0.0,0.26,0.09,6,2004,0.0,7858.333333333334,235.75
2004-09-30,1076.37,37.76999999999998,0.004142658672126351,0.0,129.49,295.40999999999997,415.4100000000001,0.69,780.98,81.72999999999996,1957.13,116.71,0.0,2745.38,5754.15,46197.25,783.99,832.51,20639.85,33130.34,2772.07,35902.41,9343.27,10294.84,-422.1,-203.43,357.17999999999995,120.00000000000001,41.6399258670903,0.63,3.49,0.03,0.0,0.0,0.3258891488739396,0.45293068148581433,1.4692629423808126,2.032664521789996,1.5742102954080135,27.5,10.07,0.0,0.08,0.08,9,2004,0.0,9117.333333333334,273.52
2004-12-31,613.8400000000001,34.420000000000016,0.0033532506332402427,0.0,288.73,304.11,427.2199999999999,0.63,309.73,175.47000000000003,1879.51,122.4,0.0,2710.53,5992.98,46279.83,783.45,849.11,19537.05,32339.75,2762.9,35102.66,10586.13,11177.17,1101.98,-291.06000000000006,-888.55,123.11000000000001,46.969349215572315,0.6,3.14,0.03,0.0,0.0,0.29955705656946174,0.6393531207378064,1.2339962330324095,1.3636552575176988,2.168435409495357,20.87,9.25,0.0,0.08,0.08,12,2004,0.0,10264.666666666668,307.94
2005-03-31,6437.26,-1877.88,-0.19,0.0,-3720.84,-1292.72,-779.14,0.57,7729.98,-3052.9,1942.61,82.88,0.0,2402.96,7342.25,41493.6,1140.61,1490.04,15316.1,30264.62,1238.66,31503.28,12010.02,9990.32,-276.25,-1320.67,217.44,513.58,-0.75,0.69,3.15,-0.19,0.0,0.0,-18.12,-11.64,-75.2,-77.24,-46.04,-118.46,-29.17,0.0,0.08,0.08,3,2005,0.0,9883.578947368422,-1877.88
2005-06-30,-5203.59,2263.63,0.17604381075826311,0.0,4181.7300000000005,1891.25,1476.15,0.42,-7094.839999999999,3307.44,391.66,235.76,0.0,2006.77,10447.81,40528.81,336.84,91.11,14187.62,26109.19,3888.28,29997.48,12233.74,10531.33,228.32999999999998,-81.75999999999999,-318.03999999999996,-415.1,0.5964424397980235,0.49,2.85,0.03,0.0,0.0,22.29888269604666,32.39206117952042,85.9093796500324,88.02190537913155,97.41090861957227,52.15,31.27,0.0,0.08,0.08,6,2005,0.0,12858.333333333334,385.75
2005-09-30,511.3899999999999,1645.27,0.13771203631672757,0.0,186.73000000000002,248.14999999999998,364.78999999999996,0.59,263.23,10.73999999999998,845.96,223.85,0.0,1472.52,10748.22,39372.2,326.88,121.88,11164.98,23438.39,3857.95,27296.34,12340.89,12075.85,-110.33,560.57,4.059999999999988,116.64,1.0708940477854698,0.6,2.26,0.17,0.0,0.0,16.71986135045445,6.415760750755777,54.501563549349584,58.84354304733582,17.205903831572314,176.06,116.39,0.0,0.06,0.06,9,2005,0.0,11947.176470588234,2031.02
2005-12-31,1396.9700000000003,481.98,0.03835893354556307,0.0,235.45000000000005,-13.659999999999968,110.44000000000005,0.6,1410.6400000000003,-143.28999999999996,307.1,299.7,0.0,1583.3,11482.31,40015.79,326.88,140.54,9302.25,19545.92,6817.03,26362.96,13948.03,13652.83,-113.10000000000002,-1383.1599999999999,957.41,124.10000000000002,3.9104319681314577,0.61,1.93,0.2,0.0,0.0,4.817882053322722,1.4806548348587347,14.123759331476323,15.52769629924393,3.1224171906088345,154.5,79.98,0.0,0.08,0.08,12,2005,0.0,12565.0,2513.0
2006-03-31,4582.1,2584.88,0.2,0.0,746.44,1092.72,1546.02,0.79,3489.38,-306.77,211.74,237.44,0.0,780.67,11719.72,38711.89,326.88,146.99,8975.99,18889.24,6275.72,25164.95,13948.03,13546.94,-297.94,-2156.95,724.02,453.3,0.9875000000000002,0.81,1.86,0.2,0.0,0.0,26.72,10.88,76.32,87.83999999999999,22.039999999999996,132.58,56.41,0.0,0.04,0.04,3,2006,0.0,12924.4,2584.88
2006-06-30,-3992.7900000000004,-2789.1,-0.13657330330036235,0.0,-414.9800000000001,-1135.69,-1448.8899999999999,0.73,-2857.1000000000004,439.68999999999994,382.93,295.99,0.0,1093.05,11696.51,38940.28,329.09,132.52,9386.64,19196.97,6046.6,25243.57,14448.03,13696.71,216.45999999999998,2090.83,-405.22999999999996,-313.20000000000005,-1.336278727905059,0.77,1.84,-0.01,0.0,0.0,-28.40724708647537,-6.009225345215944,-81.39768876701596,-92.32355303104495,-12.018450690431887,-37.93,-34.65,0.0,0.06,0.06,6,2006,0.0,20422.0,-204.22
2006-09-30,478.32000000000016,4.22999999999999,0.00021151057552877594,0.0,132.91000000000003,234.09,361.86,0.71,244.23000000000002,-93.77999999999999,1008.17,241.96,0.0,1728.74,11648.3,39501.21,327.81,150.25,9948.54,19715.21,5206.23,24921.44,15698.03,14579.76,-74.92,-30.47,730.6400000000001,127.77000000000001,839.2015366430281,0.76,1.71,-0.01,0.0,0.0,0.043148157407870286,-0.04061003050152498,0.11590779538976921,0.12690634531726555,-0.08206610330516506,-21.84,-18.73,0.0,0.09,0.09,9,2006,0.0,19999.0,-199.99
2006-12-31,802.3799999999999,140.79000000000002,-0.0,,368.99,337.46000000000004,486.54999999999995,0.87,464.9200000000001,100.47000000000001,592.56,215.33,0.0,1269.0,11683.54,39078.84,327.93,123.15,9265.7,18812.26,5546.03,24358.28,15698.03,14720.55,-74.38,-134.15,-207.09000000000003,149.08999999999997,-0.0,0.93,1.65,0.0,0.0,0.0,1.4269256756756756,-12.747202702702705,3.805135135135136,3.995391891891892,-24.828506756756756,-4.05,-3.17,0.0,0.07,0.07,12,2006,,-inf,-59.2
2007-03-31,2589.15,291.78,0.02,0.0,867.73,338.07,906.85,0.71,2251.09,-444.0,691.36,231.0,0.0,1348.62,11768.9,39139.25,26.87,133.86,9144.58,18758.59,5309.09,24067.68,15698.03,15071.56,40.95,-346.19,784.86,568.78,8.875,0.74,1.6,0.02,0.0,0.0,3.0,3.48,7.76,8.16,6.64,16.32,11.27,0.0,0.07,0.07,3,2007,0.0,14588.999999999998,291.78
2007-06-30,4398.709999999999,5740.8,0.361620401221368,0.0,-619.6800000000001,5929.280000000001,5499.67,0.97,-1530.5800000000002,185.86,3904.9,270.97,0.0,4446.04,11734.67,42134.26,26.87,93.0,4399.95,11121.41,5192.3,16313.71,15698.03,21104.03,-592.4300000000001,4302.5,-976.1600000000001,-429.61,0.6699013639214045,0.72,0.77,0.38,0.0,0.0,54.50951732094726,58.84896213560368,108.79064280954418,131.97241379310344,76.92998219667207,1304.71,86.33,0.0,0.4,0.4,6,2007,0.0,15875.210526315788,6032.58
2007-09-30,1429.38,113.17000000000007,0.006997453524793561,0.0,361.08,35.32999999999993,79.42999999999938,0.89,1394.05,100.35999999999999,3538.32,329.73,0.0,4139.7,11655.81,41622.17,26.87,102.11,4454.56,8879.89,4671.82,13551.71,17791.16,23310.33,-2235.34,78.86000000000013,1789.9099999999999,44.10000000000002,31.768699743748318,0.68,0.58,0.38,0.0,0.0,1.0879198795915883,1.1446360818451784,1.9416092096164028,2.3894462352031907,1.417905056339748,323.8,73.01,0.0,0.47,0.47,9,2007,0.0,16173.026315789473,6145.75
2007-12-31,899.6200000000008,27.51000000000022,0.0017379634099325292,0.0,579.7900000000001,319.6199999999999,572.1999999999998,0.76,580.0,286.40999999999997,3152.41,370.07,0.0,3839.63,11598.97,41217.27,26.87,108.36,4495.13,8679.95,4350.38,13030.33,17791.16,23337.84,72.97000000000025,-135.24000000000024,-323.64999999999986,252.58,109.39528353325976,0.58,0.56,0.39,0.0,0.0,0.2670224808286081,0.2939386321003836,0.4714782788996451,0.5782516206996025,0.36274415786796893,225.66,66.26,0.0,0.44,0.44,12,2007,0.0,15828.871794871795,6173.26
2008-03-31,10032.34,6022.72,0.37,0.0,1150.01,6590.95,7175.67,0.69,3441.39,58.47,2688.39,252.61,668.27,3917.94,11581.8,40561.54,26.87,78.99,4668.95,8525.05,4008.47,12533.51,17791.16,23187.35,-2904.76,3768.5,1133.29,584.72,0.465,0.53,0.54,0.37,0.0,0.0,59.400000000000006,66.16,103.88,125.92,82.28,189.69,60.03,0.0,0.46,0.38,3,2008,0.0,16277.621621621622,6022.72
2008-06-30,-8051.21,-4833.43,-0.2844891489880517,0.0,-929.92,-5231.79,-5701.110000000001,0.53,-2819.42,-40.7,1667.83,285.92,662.6,2949.67,11506.59,39824.0,26.87,77.28,4737.96,8512.95,2069.69,10582.64,17791.16,24376.63,3430.01,-4770.83,-1676.78,-469.32000000000005,-0.4656592368152637,0.39,0.43,0.07,0.0,0.0,-48.60700316995855,-53.97165569373324,-79.33183126066814,-85.02161424042917,-70.55330894903683,264.03,60.03,0.0,0.35,0.27,6,2008,0.0,16989.85714285714,1189.29
2008-09-30,582.8299999999999,248.23000000000002,0.01381434693082531,0.0,233.82000000000002,312.25,429.03999999999996,0.36,270.56999999999994,34.64,949.43,244.25,655.34,2991.54,11473.84,39846.05,26.87,87.11,4657.91,8413.86,1922.01,10335.87,17791.16,24625.16,299.89,-855.65,-162.64,116.78999999999999,6.514965958989646,0.26,0.42,0.08,0.0,0.0,2.4934896210139685,2.831941120819189,4.03378930380099,4.144304079247593,3.674616283599533,152.12,56.07,0.0,0.36,0.28,9,2008,0.0,17969.0,1437.52
2008-12-31,601.8400000000001,-331.20000000000005,-0.01796225323595343,0.0,352.32,-208.91000000000008,-86.51999999999998,0.24,810.76,33.39,964.42,217.4,645.69,2858.16,11418.84,39642.66,26.87,78.88,4872.03,8641.57,1809.33,10450.9,17791.43,24294.23,160.43000000000006,-36.16000000000008,-109.26999999999998,122.38999999999999,-3.340338164251207,0.18,0.43,0.06,0.0,0.0,-3.340979101887339,-4.334890447610096,-5.4485501482392085,-5.568298503145566,-5.652122351580013,73.45,34.95,0.0,0.33,0.26,12,2008,0.0,18438.666666666668,1106.32
2009-03-31,4188.99,1746.28,0.1,0.0,863.41,2156.79,2636.27,0.19,2032.2,-40.02,951.42,256.18,660.53,2346.35,11357.81,39025.89,26.87,310.34,3718.83,7492.0,1682.92,9174.92,17791.43,24934.19,1077.27,-1417.86,-1396.37,479.48,0.475,0.14,0.37,0.1,0.0,0.0,17.88,21.68,27.999999999999996,29.04,27.36,88.8,41.69,0.0,0.31,0.23,3,2009,0.0,17462.8,1746.28
2009-06-30,-3497.3799999999997,-1670.31,-0.21986442016585495,0.0,-588.29,-1974.74,-2338.9,0.33,-1522.64,114.77000000000001,993.15,308.84,672.49,3364.61,11294.54,38967.65,26.87,82.57,3720.78,7410.84,1599.37,9010.2,17791.43,25010.16,-1018.63,1493.1899999999998,1304.12,-364.16,-0.375231244499524,0.23,0.36,0.01,0.0,0.0,-16.709695932604976,-40.455053310517314,-26.383730419902594,-27.263188100566015,-51.00854547847834,13.92,10.98,16.2,0.45,0.36,6,2009,0.0,7597.0,75.97
2009-09-30,814.35,11.89,0.0,,237.26,126.55000000000001,249.25,0.67,687.8,5.069999999999993,1139.0,252.58,1073.85,3872.21,11278.04,39024.98,26.87,79.12,3784.56,7453.66,1585.07,9038.72,17791.43,25022.05,244.58000000000004,-78.57,-20.159999999999997,122.70000000000002,0.0,0.48,0.36,0.0,0.0,0.0,0.12450261780104713,0.42222626906442073,0.18946050534941955,0.18946050534941955,0.5304894149783747,7.78,5.83,11.35,0.52,0.38,9,2009,,inf,87.86
2009-12-31,866.3400000000001,74.69000000000001,0.009189787757613043,,357.24,213.82999999999993,330.45000000000005,0.61,652.51,67.30000000000001,867.27,234.47,982.61,3504.97,18608.8,38675.81,26.87,47.13,3619.29,7127.78,1430.53,8558.31,17791.43,25096.74,92.84999999999997,-136.95,-227.63000000000002,116.61999999999998,16.594507296826883,0.43,0.34,0.02,0.0,0.0,0.7719421716394956,2.44448354352507,1.1946724084896958,1.2130519840049216,3.05100953552753,8.63,6.85,10.53,0.49,0.35,12,2009,,8127.5,162.55
2010-03-31,3791.46,528.65,0.029999999999999995,0.0,971.31,1000.33,1473.54,0.58,2791.12,56.4,140.24,2.28,339.5,2779.72,7756.6,32840.5,0.0,0.0,10114.35,19113.47,1149.42,20262.89,17791.45,12577.61,900.54,-237.7,-505.74,473.21,4.8325,0.82,1.61,0.03,0.0,0.0,6.44,11.12,16.8,11.28,29.16,18.96,13.94,15.79,0.15,0.13,3,2010,0.0,17621.666666666668,528.65
2010-06-30,-3056.19,-389.73,-0.02805427584221135,0.0,-746.25,-820.03,-1174.42,0.56,-2236.1499999999996,-47.8,1435.71,259.75,1316.88,3747.85,18834.86,38395.5,0.0,49.0,3141.93,6347.4,1399.77,7747.17,17791.45,25601.74,-837.92,575.75,432.27,-354.39,-4.990326636389295,0.39,0.3,0.01,0.0,0.0,-4.039815721278433,-5.274203858335733,-6.059723581917652,-6.171940685286498,-6.284157788655343,24.65,18.89,30.2,0.59,0.38,6,2010,0.0,13891.999999999998,138.92
2010-09-30,1268.03,630.37,0.03277671619285315,0.0,232.63,708.03,825.9799999999999,0.81,560.0,7.51,1126.96,249.71,1311.46,3447.23,19027.05,38278.78,0.0,57.27,3066.67,6383.6,599.38,6982.97,17791.45,26232.12,130.91,-293.16,-146.51,117.95000000000002,6.178166196043593,0.55,0.27,0.04,0.0,0.0,6.588119954763482,7.5386447243562245,9.603577844505974,9.833014857855945,9.144703817806029,71.71,38.4,50.82,0.54,0.33,9,2010,0.0,19232.25,769.29
2010-12-31,1099.7100000000003,4.769999999999982,0.0002464925199596921,0.0,457.26000000000005,175.34000000000003,297.84000000000015,0.73,924.3699999999999,128.37,988.11,254.95,1130.09,3172.03,19317.5,38328.01,0.0,56.47,3130.85,6372.43,588.16,6960.59,17791.45,26241.05,259.35,-391.46999999999997,-6.730000000000018,122.49999999999997,740.387578616355,0.49,0.27,0.04,0.0,0.0,0.04979148903185781,0.06803193550887503,0.07271529338810918,0.07444074102782702,0.08208200914657748,38.23,24.95,37.48,0.5,0.32,12,2010,0.0,19351.5,774.06
2011-03-31,4269.79,789.55,0.04,0.0,1211.52,1259.0,1741.81,0.71,3010.78,343.85,902.09,299.47,1059.28,3244.76,19543.98,38622.91,0.0,51.99,3132.32,6594.78,585.58,7180.36,17794.4,26256.54,871.4,-880.96,-196.87,482.81,4.4375,0.48,0.27,0.04,0.0,0.0,8.16,14.08,12.04,16.28,15.720000000000002,26.09,18.49,134.36,0.49,0.33,3,2011,0.0,19738.75,789.55
2011-06-30,-2865.42,-743.2199999999999,-0.0,,-938.97,-1151.91,-1506.44,0.68,-1713.5000000000002,-336.67,742.74,300.37,1060.82,2906.82,19905.18,38853.98,0.0,51.85,3431.05,6931.88,503.24,7435.12,17794.4,26218.06,-717.31,612.48,151.91,-354.53,-0.0,0.46,0.28,0.0,0.0,0.0,-7.70009928771854,-17.96689833800993,-11.550148931577809,-11.550148931577809,-21.8169479818692,5.48,3.3,27.6,0.42,0.27,6,2011,,inf,46.33
2011-09-30,1085.96,769.9,0.047161951900812266,,383.59999999999997,839.02,969.09,0.5,246.94000000000005,138.5,899.19,291.98,1096.83,3042.26,19991.38,38979.72,0.0,58.62,3178.49,6323.36,441.88,6765.24,17794.4,26987.96,182.92999999999998,-18.639999999999986,-7.850000000000001,130.07000000000002,2.650441615794259,0.33,0.25,0.05,0.0,0.0,7.885478357815811,9.243742572559205,11.394327579236244,11.582975386839493,10.941572840988446,48.3,32.78,0.0,0.48,0.31,9,2011,,16324.6,816.23
2011-12-31,835.8400000000001,-267.62,-0.014634439765953957,0.0,203.57000000000005,-248.10000000000002,-119.25,0.71,1083.9399999999998,-2.6899999999999977,995.28,208.54,1040.87,2938.42,12740.48,38874.54,0.0,48.73,3112.4,6544.74,377.18,6921.92,17794.4,26720.34,148.48000000000002,-39.96999999999997,-12.420000000000002,128.84999999999997,-12.130631772662731,0.47,0.26,0.03,0.0,0.0,-2.7512746759993436,-3.5317781301835547,-4.000080202694081,-4.039105375403292,-4.2147186525947395,23.91,16.49,56.2,0.45,0.29,12,2011,0.0,18287.0,548.61
2012-03-31,4457.57,621.2,0.03,0.0,1324.71,991.99,1517.1,0.68,3465.58,427.26,1566.3,325.52,1082.1,3374.85,20140.38,39143.01,0.0,47.69,3076.17,6716.53,313.88,7030.41,17794.4,26792.94,1026.53,-290.51,-71.81,525.11,5.6675,0.45,0.26,0.03,0.0,0.0,6.36,10.2,9.28,9.36,12.240000000000002,18.52,13.94,106.67,0.5,0.34,3,2012,0.0,20706.666666666668,621.2
2012-06-30,-3180.5899999999997,-338.70000000000005,-0.023978761061946907,0.0,-876.83,-606.89,-1000.1199999999999,0.72,-2573.7,-218.0,889.28,387.47,934.08,3519.4,20141.67,39288.17,0.0,54.28,3015.1,6549.31,281.19,6830.5,17794.4,27075.48,-703.3299999999999,-709.69,71.78,-393.23,-7.506643046944197,0.47,0.25,0.02,0.0,0.0,-3.4529415929203546,-4.747794690265487,-4.987582300884957,-5.083497345132744,-5.658987610619469,25.66,22.12,12836.67,0.54,0.39,6,2012,0.0,14125.0,282.5
2012-09-30,1584.2800000000002,437.33000000000004,0.02430184904769182,0.02,367.46000000000004,668.4499999999999,700.6800000000001,1.25,915.83,36.370000000000005,969.05,386.3,14105.04,16307.14,19743.02,39271.75,0.0,65.68,2981.58,6279.41,396.82,6676.23,17794.4,27158.16,8.170000000000016,428.37,-356.76000000000005,32.23000000000002,12.85910382319987,0.82,0.25,0.04,0.02,0.5,4.447238375727602,6.537197393829098,6.439989997638332,6.464291846686024,7.7522898462136896,35.06,25.16,492.31,2.6,0.35,9,2012,359.915,17995.75,719.83
2012-12-31,1751.9499999999998,722.4899999999999,0.040073770037162344,3.688501858117276e-05,523.1899999999999,1062.1000000000001,1300.0599999999997,1.23,689.8499999999999,278.77,803.3,342.22,14050.87,15751.96,19795.51,40283.14,0.0,61.08,3026.8,6303.84,584.08,6887.93,17795.3,27880.65,340.6,-508.58000000000004,2.230000000000018,237.95999999999998,7.6758438179075155,0.79,0.25,0.08,0.02,0.25,7.17320483665206,10.719733484940926,10.359069554606466,10.57947528981086,12.482979366576073,47.73,31.26,23507.22,2.5,0.27,12,2012,0.6649999999999636,18029.0,1442.32
2013-03-31,6396.9,2337.87,0.13,0.02,1570.57,3204.72,3769.09,1.97,3192.18,594.7,1342.32,361.64,14070.97,15949.6,29431.47,50802.23,0.0,240.02,3002.38,6198.9,4171.11,10370.0,17795.3,40432.23,772.83,-376.83,-619.98,564.37,3.7875,0.87,0.26,0.13,0.02,0.15,18.4,28.52,23.12,27.84,28.72,62.72,36.55,112.41,2.57,0.3,3,2013,359.67230769230764,17983.615384615383,2337.87
2013-06-30,-4965.049999999999,-1965.35,-0.10551648233651884,-0.019310228051772127,-1195.23,-2633.81,-3062.2200000000003,1.53,-2331.24,-446.34000000000003,980.98,372.92,14155.91,19012.05,22986.8,55148.14,0.0,230.17,2986.97,6190.78,2589.34,8780.12,20642.35,46368.01,-729.1600000000001,-2958.81,3550.6,-428.40999999999997,-3.6250260767802174,0.68,0.19,0.02,0.0,0.0,-14.350241597766564,-25.53498872543756,-16.882637173843015,-21.31432943197681,-24.69085686674541,48.53,26.02,37.14,3.07,0.78,6,2013,-359.67230769230764,18626.0,372.52
2013-09-30,1535.5900000000001,698.1100000000001,0.032602766595369086,0.03,284.32,734.5100000000001,876.6899999999999,1.52,801.0699999999999,52.129999999999995,1199.64,452.52,14268.59,18642.45,22931.1,54737.22,0.0,149.42,2816.74,5721.7,2584.61,8306.31,20642.46,46430.91,224.76,731.1199999999999,-737.2199999999998,142.17999999999998,11.655452579106443,0.68,0.18,0.05,0.03,0.6,5.112113802153872,7.250855290810084,6.024991266824207,7.589924063401924,6.937868731494541,72.19,36.08,49.28,3.26,0.76,9,2013,642.378,21412.600000000002,1070.63
2013-12-31,2707.1299999999997,401.4399999999998,0.01908930961163531,-0.0005464142330188175,479.94999999999993,650.24,792.1100000000001,1.54,2056.8999999999996,160.68,829.78,527.04,13530.66,17945.44,22896.16,54565.98,0.0,203.81,2766.9,5172.34,2580.14,7752.48,20643.89,46813.49,508.43,-595.8800000000001,-282.4000000000001,141.87,20.16835641689917,0.68,0.17,0.07,0.03,0.43,2.945207768652305,4.494168891424999,3.4251675531734214,4.297821706848178,4.319638060690047,41.71,25.94,8.92,3.47,0.85,12,2013,-11.490857142857294,21029.571428571424,1472.07
2014-03-31,7070.6,2096.22,0.1,0.03,1445.66,2622.25,3198.92,1.54,4448.35,497.83,1161.83,441.6,13374.12,18288.55,22917.42,55219.86,0.0,299.63,2754.45,4957.98,2432.28,7390.26,20643.89,47829.6,1389.43,-3509.59,1939.67,576.67,3.85,0.66,0.15,0.1,0.03,0.3,15.2,19.8,17.52,19.0,20.88,48.29,29.65,11.06,3.69,0.99,3,2014,628.8659999999999,20962.199999999997,2096.22
2014-06-30,-5901.240000000001,-1696.3199999999997,-0.08483720930232556,-0.031451162790697665,-1124.21,-2153.27,-2556.59,1.88,-3747.9700000000003,-408.19,1796.14,414.45,13351.13,18198.75,22878.2,55342.39,0.0,222.21,2744.78,4675.4,2456.14,7131.53,20643.97,48210.86,-1279.17,4033.63,-1939.66,-403.31999999999994,-5.5400219298245625,0.81,0.15,0.02,0.0,0.0,-12.216558139534882,-14.422325581395349,-14.082976744186043,-14.422325581395349,-15.779720930232559,50.62,34.2,0.0,3.89,1.04,6,2014,-628.8659999999999,19995.0,399.9
2014-09-30,1033.5800000000002,-564.02,-0.03436631732878381,0.04,301.39000000000004,-818.37,-636.98,2.18,1851.9499999999998,-97.72,12326.03,427.97,13420.97,27546.68,22872.8,65025.67,0.0,586.05,2546.92,6330.68,5160.57,11491.25,20643.98,45676.78,-686.37,1116.63,10099.63,181.39000000000001,-15.858551115208682,0.99,0.25,-0.01,0.04,-4.0,-3.4366317328783813,-7.972985620277844,-4.948749695344869,-4.948749695344869,-8.247916158908115,-10.39,-7.45,-27.13,4.35,2.23,9,2014,656.48,16412.0,-164.12
2014-12-31,1994.4599999999996,793.01,0.03782903210418356,0.04868387158326575,571.5400000000001,1164.4,1341.38,1.58,830.06,230.49,1052.77,552.0,12910.62,24550.17,29691.08,63254.73,0.0,367.6,2511.03,5418.2,5319.08,10737.28,20662.33,44486.15,-270.35,-8713.74,-2289.169999999999,176.98000000000002,10.442376609374408,0.73,0.24,0.03,0.08,2.67,4.993432237752231,6.960541907169776,7.111858035586509,6.960541907169776,7.111858035586509,23.83,14.98,43.17,4.53,2.15,12,2014,1020.56,20963.0,628.89
2015-03-31,5971.61,1203.42,0.05999999999999999,0.08,1716.75,1681.4,2305.26,1.5,4290.21,440.27,1187.53,518.88,13038.24,24603.98,29809.46,64233.99,0.0,542.83,2526.56,5730.26,5466.7,11196.96,20662.34,45034.37,-353.9,-7195.32,7574.92,623.86,6.25,0.69,0.25,0.06,0.08,1.33,7.48,11.28,10.679999999999998,10.36,11.48,32.63,20.15,19.99,4.29,2.02,3,2015,1604.5600000000004,20057.000000000004,1203.42
2015-06-30,-2008.0299999999997,1731.6100000000001,0.08849705113746707,-0.08200393181671058,-1261.31,1457.81,991.4599999999996,1.58,-3465.84,-350.76,1356.26,481.19,13067.49,23746.08,22862.78,63698.66,0.0,504.5,0.0,2291.14,5461.9,7753.04,20662.42,47950.75,199.92,7726.71,-7783.6,-466.35,4.462013083200027,0.68,0.16,0.15,0.0,0.0,10.879237486499287,12.436785586518706,14.442718745634627,14.39552031836131,12.059198168332182,321.16,74.05,46.27,10.36,4.66,6,2015,-1604.5600000000004,19566.86666666667,2935.03
2015-09-30,2193.38,470.55999999999995,0.02348938069468139,0.05,638.1099999999999,771.98,828.23,1.48,1421.3900000000003,209.24,2208.62,903.72,11395.42,21016.87,22930.25,62697.13,0.0,484.22,0.0,1709.21,5561.96,7271.18,20662.42,47427.16,-255.22,2259.21,-1151.6399999999999,56.25,15.759249033066988,0.64,0.15,0.17,0.05,0.29,3.0011138158145867,3.38247082003412,3.968323609124997,4.04570039258983,3.5427513000684163,133.84,55.31,34.17,12.3,5.63,9,2015,1001.6441176470588,20032.882352941175,3405.59
2015-12-31,1714.1000000000004,288.5699999999997,0.014841885570738664,-0.0015170924791944984,654.51,564.2899999999995,620.3400000000001,1.44,1149.81,324.76,1420.09,842.64,10990.82,20330.14,22977.58,62806.92,0.0,479.6,0.0,1482.56,5597.88,7080.44,20662.46,47696.97,598.05,-1206.4299999999998,-180.1400000000001,56.05000000000001,24.259047024985296,0.62,0.15,0.19,0.05,0.26,1.8372692032830178,2.2184713168893584,2.421570803646835,2.5028105983498254,2.28096346666089,91.92,46.93,27.75,13.71,6.3,12,2015,-29.496749226006045,19442.947368421053,3694.16
2016-03-31,8973.32,3443.02,0.18,0.05,2188.65,4469.89,5094.77,1.48,4503.43,629.67,1976.93,822.8,5575.73,15332.01,22773.02,62982.81,0.0,505.06,0.0,1893.38,5635.1,7528.48,20662.46,47400.25,1040.32,1477.17,-1728.08,624.88,2.055,0.65,0.16,0.18,0.05,0.28,21.88,28.120000000000005,29.04,29.799999999999997,29.280000000000005,68.28,38.37,21.48,8.1,5.15,3,2016,956.3944444444446,19127.88888888889,3443.02
2016-06-30,-7251.34,-2877.76,-0.15273113257615967,-0.05075864793782213,-1714.18,-3580.09,-4060.6700000000005,1.63,-3671.2500000000005,-518.7099999999999,2326.62,849.12,5570.09,15378.11,16460.25,66043.95,0.0,492.36,4.75,2123.49,6200.01,8323.5,20662.46,49701.76,-640.7199999999999,-1363.1100000000001,1564.11,-480.58,-2.6679236454742576,0.68,0.17,0.03,0.0,0.0,-17.513169868732973,-27.898886883911832,-23.215132151576267,-23.622415171779355,-28.30616990411492,59.93,32.83,946.6,7.24,4.62,6,2016,-956.3944444444446,18842.0,565.26
2016-09-30,1434.92,302.68000000000006,0.013949351337650072,0.07,616.3,577.8300000000002,663.6800000000001,1.6,857.09,140.7,1499.64,754.17,6723.67,15355.71,16667.95,65052.8,0.0,473.33,4.75,2563.44,6252.69,8816.13,20662.46,48194.5,790.4799999999999,360.23,-1977.7,85.85,28.675168494779964,0.69,0.18,0.04,0.07,1.75,1.8552637279074595,3.208350807659516,2.5108832407770127,2.538781943452313,3.2780975643477666,44.72,27.49,34.36,5.99,3.37,9,2016,1518.8950000000002,21698.5,867.94
2016-12-31,4868.049999999999,865.27,0.04493067775976367,-0.00887131392041356,804.46,1260.8399999999997,1347.4599999999998,1.72,3607.2099999999996,200.89000000000001,1600.5,3178.3,4077.93,13709.98,16893.48,64930.4,0.0,536.04,4.75,2323.34,6454.24,8777.58,20662.46,48109.34,211.08000000000015,1008.54,-1118.75,86.61999999999998,9.569742132513552,0.74,0.18,0.09,0.07,0.78,5.331773760825289,8.526844179297372,7.188908441562188,7.228846821793089,8.706566890336427,30.15,21.6,32.48,5.9,4.15,12,2016,-170.84277777777766,19257.88888888889,1733.21
2017-03-31,9429.56,1848.56,0.1,0.07,2162.41,3158.72,3680.52,1.82,6270.84,395.73,3197.41,3161.39,5329.32,14402.37,14735.31,65773.24,0.0,606.38,4.75,2745.65,6621.85,9367.5,20662.46,48394.38,1952.6,2836.63,-3568.75,521.8,4.550000000000001,0.78,0.19,0.1,0.07,0.7,11.24,19.64,15.279999999999998,15.439999999999998,20.04,28.16,19.6,19.79,5.25,3.3,3,2017,1293.992,18485.6,1848.56
2017-06-30,-9429.56,,,,-2162.41,-3158.72,-3521.66,1.83,-6270.84,-395.73,2946.2,4300.61,3093.15,13976.02,14662.49,65687.45,0.0,2123.72,4.75,2421.28,6640.75,9062.03,20662.46,48566.93,-912.54,-3976.49,3417.35,-362.93999999999994,,0.78,0.19,,0.08,0.0,,,,,,,,0.0,5.77,4.49,6,2017,,,
2017-09-30,5786.93,,,,1570.55,1037.18,1192.33,1.8,4749.74,520.24,2337.63,4276.65,2874.05,12384.6,14626.77,64263.09,0.0,1755.43,4.75,2073.13,6642.83,8715.96,20662.46,47465.3,613.56,443.0999999999999,-1665.23,155.14999999999998,,0.78,0.18,0.03,0.08,2.67,,,,,,10.55,9.61,13.06,5.97,4.59,9,2017,,18533.333333333336,556.0
