,revenue,net_profit,eps,dps,gross_profit,ebit,ebitda,close_price,expense,operating_profit,cash,account_receivable,inventory,current_asset,property_plant_equipment,total_asset,short_term_loan,account_payable,current_portion_long_term_debt,current_liability,non_current_liability,total_liability,paid_in_capital,total_equity,cash_flow_operation,cash_flow_investment,cash_flow_financing,depreciation,P/E,P/BV,D/E,EPS,DPS,DPR%,ROA%,ROAA%,ROE%,ROAE%,ROCE%,NPM%,NPMA%,TIE,CurrentRatio,QuickRatio,month,year,dividend,number_of_shares,return_old
2015-12-31,,,,,,,,,,,73.58,9.86,1841.03,2017.15,14.46,2354.98,0.0,150.75,348.98,1214.48,453.37,1667.85,488.0,687.13,,,,,,0.0,2.43,0.25,0.0,0.0,,,,,,5.88,5.82,1.4,1.66,0.15,12,2015,,332.88,83.22
2016-03-31,541.34,57.83,0.12,0.0,142.56,85.98,91.8,,455.36,80.84,485.19,10.6,1489.18,2086.96,11.41,2410.65,729.04,102.18,152.47,1117.49,309.0,1426.49,488.0,984.16,345.39,11.43,54.79,5.82,0.0,0.0,1.45,0.12,0.0,0.0,9.6,0.0,23.52,0.0,26.6,10.79,10.68,2.93,1.87,0.53,3,2016,0.0,481.9166666666667,57.83
2016-06-30,293.9,9.700000000000003,0.015800385014067827,0.0,84.38,32.239999999999995,38.47000000000001,1.59,261.65999999999997,28.61,150.13,5.56,1914.83,2321.06,9.34,2641.41,0.0,101.67,63.44,1292.72,368.53,1661.25,750.0,980.16,-511.41999999999996,-0.6400000000000006,177.01000000000002,6.23,25.149703608247414,1.22,1.69,0.11,0.0,0.0,1.4708722049459504,0.0,3.9587146453428117,0.0,5.038886420849994,8.19,8.09,2.71,1.8,0.31,6,2016,0.0,613.9090909090909,67.53
2016-09-30,191.8499999999999,3.75,0.005787037037037037,0.0,58.160000000000025,19.27000000000001,22.599999999999994,1.52,172.58000000000004,3.5799999999999983,228.36,6.7,2306.65,2763.78,29.42,3104.04,1116.59,171.28,77.46,1520.59,599.53,2120.13,750.0,983.91,-280.24,-20.57,379.03000000000003,3.33,65.67264,1.16,2.15,0.11,0.0,0.0,0.484006734006734,0.0,1.5235690235690236,0.0,1.8265993265993266,7.11,6.94,2.06,1.82,0.3,9,2016,0.0,648.0,71.28
2016-12-31,176.1500000000001,-8.200000000000003,-0.0116994292961319,0.0,48.41999999999996,-15.330000000000013,-7.170000000000016,1.62,191.4899999999999,-19.450000000000003,58.45,5.92,2524.58,2823.92,27.73,3171.3,856.72,217.87,537.05,1777.62,417.41,2195.03,750.0,976.27,-137.76,-3.0600000000000005,-29.090000000000032,8.159999999999998,-34.6170731707317,1.24,2.25,0.09,0.0,0.0,-1.0347495244134435,-2.298287888395689,-3.3590361445783143,-3.9414077362079913,-4.560177552314523,5.37,5.24,1.44,1.59,0.17,12,2016,0.0,700.8888888888889,63.08
2017-03-31,108.14,-31.62,-0.04,0.0,30.15,-24.6,-16.49,1.4,132.74,-26.09,48.49,4.83,3063.15,3317.22,23.34,3657.65,807.06,254.98,749.31,2004.4,708.6,2713.0,750.0,944.65,-438.72,-0.94,429.69,8.11,-8.75,1.11,2.87,-0.04,0.0,0.0,-3.44,-3.24,-13.4,-13.12,-5.96,-29.78,-29.24,-1.12,1.65,0.13,3,2017,0.0,790.5,-31.62
2017-06-30,321.6,22.47,0.024557377049180328,0.03,97.24000000000001,26.650000000000002,34.89,1.32,294.94,22.91,74.45,10.0,3297.67,3535.86,18.02,3879.36,559.99,248.29,1057.74,2135.51,799.23,2934.75,750.0,944.61,-113.98000000000002,-4.529999999999999,144.46999999999997,8.240000000000002,13.437917222963952,1.05,3.11,-0.01,0.03,-3.0,2.357508196721311,-0.5893770491803277,9.528262295081966,9.331803278688524,-1.1787540983606555,-2.16,-2.13,0.04,1.66,0.11,6,2017,27.45,915.0,-9.15
2017-09-30,402.42999999999995,33.64,0.04120865659452838,-0.0036259697835851383,121.61999999999999,47.900000000000006,55.410000000000004,1.31,354.54,45.53,129.8,16.26,3396.84,3685.14,15.31,4025.38,476.06,249.42,1485.62,2515.61,531.52,3047.13,750.0,978.25,72.35000000000002,-61.78,44.79000000000008,7.509999999999998,7.9479659631391195,1.0,3.11,0.03,0.03,1.0,3.3516374030216416,7.692282564311964,13.736218864842794,13.736218864842794,18.186753777051862,2.97,2.94,0.6,1.46,0.11,9,2017,-2.960000000000001,816.3333333333333,24.49
