,revenue,net_profit,eps,dps,gross_profit,ebit,ebitda,close_price,allowance_doubtful_accounts,expense,operating_profit,cash,account_receivable,inventory,current_asset,property_plant_equipment,total_asset,short_term_loan,account_payable,current_portion_long_term_debt,current_liability,non_current_liability,total_liability,paid_in_capital,total_equity,cash_flow_operation,cash_flow_investment,cash_flow_financing,depreciation,P/E,P/BV,D/E,EPS,DPS,DPR%,ROA%,ROAA%,ROE%,ROAE%,ROCE%,NPM%,NPMA%,TIE,CurrentRatio,QuickRatio,month,year,dividend,number_of_shares,return_old
2001-12-31,,,,,,,,,0.0,,,175.24,380.4,0.0,664.13,0.0,748.88,233.96,297.1,1.78,619.56,2.1,621.67,45.0,90.32,,,,,,0.0,6.88,2.53,0.0,0.0,,,,,,9.12,7.92,0.0,1.07,1.07,12,2001,,8.99209486166008,22.75
2002-03-31,88.31,8.15,0.77,0.0,65.5,23.31,26.03,8.8,0.0,65.0,0.5,77.25,342.9,0.0,610.24,36.07,698.26,223.97,220.47,1.18,535.35,1.97,537.33,56.25,118.97,-21.5,5.07,7.84,2.72,2.8575,4.16,4.52,0.77,0.0,0.0,4.68,0.0,27.4,0.0,57.24,12.44,9.23,0.0,1.14,1.14,3,2002,0.0,10.584415584415584,8.15
2002-06-30,66.94999999999999,-4.42,-0.4028954423592494,0.6,60.769999999999996,1.2699999999999996,4.129999999999999,8.0,0.0,65.66999999999999,-4.9,109.26,319.59,0.0,584.41,0.0,674.78,189.05,248.74,0.52,521.91,1.84,523.74,56.25,107.98,52.5,21.81,-42.11,2.86,-4.964191176470589,4.17,4.85,0.34,0.6,1.76,-2.606970509383378,-0.0,-16.352815013404825,-0.0,-76.21833780160857,2.95,2.4,0.0,1.12,1.12,6,2002,6.582352941176469,10.970588235294116,3.73
2002-09-30,75.67000000000002,3.18,0.2899276410998553,-0.00012769217672589116,-128.82,13.340000000000003,16.889999999999997,7.35,0.0,62.33000000000001,1.8500000000000005,82.67,311.08,0.0,540.84,0.0,641.13,184.69,223.73,4.36,494.31,1.7,496.01,56.25,110.54,-3.219999999999999,-5.899999999999999,-17.47,3.5500000000000007,6.339599056603774,3.74,4.49,0.63,0.6,0.95,1.9880752532561508,0.0,11.50506512301013,0.0,47.548133140376265,3.63,2.99,0.0,1.09,1.09,9,2002,-0.0014005602240887427,10.968253968253968,6.91
2002-12-31,92.88,4.52,0.40731408573928257,0.006965795942173887,253.48000000000002,15.759999999999998,18.78,7.7,0.0,77.13,-16.65,101.28,389.36,0.0,548.81,42.22,650.52,161.11,239.02,3.22,494.95,1.55,496.5,56.25,114.52,-20.66,-1.7899999999999991,-24.839999999999996,3.0199999999999996,4.728783185840709,3.78,4.34,1.03,0.6,0.58,2.7839720034995628,12.132423447069115,15.786386701662293,17.65291338582677,54.58799650043744,4.56,3.53,0.0,1.11,1.11,12,2002,0.07730004623208497,11.097087378640776,11.43
2003-03-31,84.1,1.89,0.17,0.0,83.25,10.77,14.22,8.3,0.0,73.33,9.92,35.51,487.87,0.0,730.25,41.06,833.59,230.89,310.09,0.0,673.76,1.45,675.21,56.25,116.19,-67.51,-0.86,68.5,3.45,12.205,4.02,5.81,0.17,0.0,0.0,0.92,5.64,6.52,6.44,26.96,2.27,2.25,0.0,1.08,1.08,3,2003,0.0,11.117647058823527,1.89
2003-06-30,87.66,-1.2,-0.10434782608695652,0.3,86.22999999999999,13.2,16.759999999999998,7.5,0.0,74.45,11.78,64.33,582.75,0.0,837.1,41.7,945.16,248.91,288.81,0.0,786.76,1.38,788.14,56.25,115.11,-89.52999999999999,-1.9,120.24000000000001,3.5599999999999996,-17.96875,3.66,6.85,0.06,0.3,5.0,-0.4869565217391305,-20.59130434782609,-4.173913043478261,-4.3130434782608695,-105.25217391304349,0.41,0.4,0.0,1.06,1.06,6,2003,3.4499999999999997,11.5,0.69
2003-09-30,78.21000000000001,-7.33,-0.6513102409638554,-0.006551204819277079,75.77000000000001,-1.4499999999999993,1.8399999999999999,10.7,0.0,79.66999999999999,-3.8999999999999986,31.7,400.66,0.0,596.61,33.3,711.27,101.16,236.28,0.0,553.83,1.32,555.15,56.25,110.0,128.45,-2.6800000000000006,-158.39000000000001,3.290000000000001,-4.108103683492497,5.47,5.05,-0.59,0.3,-0.51,-4.106566265060241,14.704156626506025,-26.67060240963856,-26.582289156626505,63.14397590361446,-2.71,-2.66,0.0,1.08,1.08,9,2003,-0.0737288135593217,11.254237288135593,-6.64
2003-12-31,126.89000000000001,16.75,1.4910979228486647,-0.0005582658552532671,118.61000000000001,35.959999999999994,38.9,8.45,0.0,90.93,27.679999999999996,47.33,559.39,0.0,826.92,30.81,930.44,289.99,328.96,0.24,754.95,1.31,756.26,56.25,119.71,-69.99,-3.0999999999999988,88.72,2.9399999999999995,1.4169089552238807,3.97,6.32,0.9,0.3,0.33,7.223541048466865,49.040553907022755,55.99901088031652,57.191889218595456,220.81503461918894,2.78,2.68,0.0,1.1,1.1,12,2003,-0.006271186440678367,11.233333333333333,10.11
2004-03-31,257.15,1.76,0.16,0.0,86.97,9.09,11.96,8.95,0.0,248.06,6.43,70.45,514.85,0.0,868.15,31.43,977.41,260.16,330.78,0.0,796.83,1.31,798.14,56.25,121.52,63.14,-10.1,-29.92,2.87,13.985,4.14,6.57,0.16,0.0,0.0,0.72,4.0,5.8,5.92,20.12,0.69,0.68,0.0,1.09,1.09,3,2004,0.0,11.0,1.76
2004-06-30,313.1700000000001,0.3800000000000001,0.033738317757009355,0.3,99.25999999999999,11.75,14.43,7.45,0.0,301.42,5.050000000000001,88.35,575.36,0.0,942.56,31.89,1036.13,309.98,348.58,0.0,878.6,1.31,879.91,56.25,118.16,-20.92,-7.700000000000001,46.52,2.6799999999999997,55.20355263157894,3.55,7.45,0.19,0.3,1.58,0.14915887850467294,1.4915887850467293,1.2856074766355143,1.2998130841121498,9.397009345794395,0.38,0.38,0.0,1.07,1.07,6,2004,3.3789473684210525,11.263157894736842,2.14
2004-09-30,322.37,8.09,0.7196383186705767,-0.0005710757832998774,100.09,17.599999999999998,20.479999999999997,7.7,0.0,304.77,11.55,39.67,521.53,0.0,835.95,30.0,941.7,214.47,340.26,0.0,761.98,1.31,763.29,56.25,125.99,36.400000000000006,10.46,-95.53,2.88,2.6744684796044504,3.44,6.06,0.91,0.3,0.33,3.4479374389051807,14.70909090909091,25.685552297165195,27.425337243401756,67.66181818181818,1.17,1.15,0.0,1.1,1.1,9,2004,-0.006419895893579941,11.241758241758243,10.23
2004-12-31,306.05999999999995,2.5199999999999996,0.22334117647058818,0.0011014867485455752,147.95999999999998,19.690000000000005,25.03000000000001,7.35,0.0,286.3800000000001,13.89,104.76,637.12,0.0,1016.06,28.43,1127.48,306.92,410.16,0.0,936.28,1.31,937.6,56.25,128.89,-16.120000000000005,-26.09,107.30000000000001,5.34,8.221726190476192,3.21,7.27,1.13,0.3,0.27,0.8933647058823527,4.466823529411764,7.818917647058822,8.111435294117646,24.033882352941173,1.08,1.06,0.0,1.09,1.09,12,2004,0.012428279684916888,11.283185840707965,12.75
2005-03-31,260.34,-16.66,-1.4800000000000002,0.0,86.4,-12.37,-8.42,7.1,0.0,272.71,-13.76,62.33,558.13,0.0,928.17,28.24,1030.09,312.01,306.48,0.0,852.89,1.11,854.0,56.25,112.23,-45.3,-3.22,6.09,3.95,-1.2,3.56,7.61,-1.48,0.0,0.0,-6.48,-4.92,-59.36,-57.0,-27.92,-6.46,-6.4,0.0,1.09,1.09,3,2005,0.0,11.256756756756756,-16.66
2005-06-30,350.45,38.42,3.40765625,0.4,115.06,67.11,71.03999999999999,5.5,19.14,283.34999999999997,15.209999999999999,109.49,157.73,0.0,547.43,15.7,634.78,36.6,276.17,0.0,472.43,1.11,473.54,56.25,146.46,71.14,16.88,-40.849999999999994,3.9299999999999997,0.40353982300884955,2.11,3.23,1.93,0.4,0.21,24.224375000000002,46.259375,104.94875,116.178125,238.1475,4.06,3.56,0.0,1.16,1.16,6,2005,4.509844559585493,11.274611398963732,21.76
2005-09-30,329.13,21.080000000000002,1.8747619047619046,-0.0010856155933876008,94.86999999999998,27.119999999999997,29.93,7.8,21.66,302.0,24.71,96.36,248.09,0.0,585.59,15.29,667.86,9.13,271.88,0.0,483.44,1.11,484.56,56.25,168.1,-8.260000000000002,22.94,-27.830000000000005,2.8099999999999996,1.041532258064516,2.61,2.88,3.81,0.4,0.1,12.616507936507936,20.017142857142858,50.15111111111111,57.33523809523809,87.37079365079364,4.97,4.56,0.0,1.21,1.21,9,2005,-0.01220676430990153,11.244094488188978,42.84
2005-12-31,422.9900000000001,7.509999999999998,0.6682184707050645,-0.00018703719631873493,92.75999999999999,10.519999999999996,11.540000000000006,10.7,19.96,412.47,16.06,65.27,228.16,0.0,578.98,22.76,651.07,6.82,273.51,0.0,460.25,1.0,461.25,56.25,175.31,-34.14,7.909999999999997,-5.420000000000002,1.0200000000000014,4.0058754993342225,3.43,2.63,4.48,0.4,0.09,4.61190069513406,6.198919563058588,17.135030784508437,19.748242303872885,28.88255014895729,3.94,3.69,0.0,1.26,1.26,12,2005,-0.0021020809898768533,11.238839285714285,50.35
2006-03-31,101.59,12.78,1.14,0.0,91.08,19.89,22.48,12.9,4.8,81.7,20.52,165.0,115.09,0.0,586.52,27.05,690.67,0.05,333.76,1.96,483.37,19.21,502.57,56.25,188.1,130.34,-2.67,7.04,2.59,2.83,3.86,2.67,1.14,0.0,0.0,7.4,9.24,27.16,34.04,38.36,13.58,12.58,0.0,1.21,1.21,3,2006,0.0,11.210526315789474,12.78
2006-06-30,87.77000000000001,2.460000000000001,0.2195275590551182,2.2,83.24,8.79,15.629999999999999,13.8,4.98,78.98,9.25,93.62,153.2,0.0,572.88,30.16,649.91,3.96,251.15,2.01,460.77,6.19,466.96,56.25,166.35,-67.38,-4.3100000000000005,-28.45,6.84,15.720121951219507,4.67,2.81,1.36,2.2,1.62,1.5108661417322837,2.87968503937008,5.91433070866142,6.288818897637798,9.788346456692917,8.47,8.05,0.0,1.24,1.24,6,2006,24.652941176470588,11.205882352941176,15.24
2006-09-30,66.93,1.459999999999999,0.12938922155688615,0.015188446636139712,63.41,2.0700000000000003,4.82,11.9,3.95,64.85999999999999,-4.960000000000001,109.52,136.74,0.0,540.84,27.29,616.07,0.0,213.02,15.79,400.53,31.19,431.72,56.25,167.71,-27.810000000000002,7.8500000000000005,36.46,2.75,22.991095890410968,3.99,2.57,1.48,2.2,1.49,0.9476886227544905,1.6750658682634723,3.4830179640718546,3.47952095808383,4.9902275449101765,6.82,6.52,0.0,1.35,1.35,9,2006,0.17138314785373865,11.283783783783784,16.7
2006-12-31,73.52999999999997,6.830000000000002,0.6066595835104123,-0.004965483971008522,31.140000000000015,12.619999999999997,11.36,11.5,0.0,60.91,-33.379999999999995,106.37,332.92,0.0,534.82,23.94,593.14,0.0,213.44,15.95,372.97,30.91,403.88,56.25,174.26,-58.87,58.830000000000005,-3.1000000000000014,-1.2599999999999998,4.737005856515373,3.71,2.32,2.09,2.2,1.05,4.609451763705908,8.092664683382917,15.67445813854654,15.628015299617513,22.873098172545692,8.47,7.13,0.0,1.43,1.43,12,2006,-0.055903271692741896,11.258373205741629,23.53
2007-03-31,65.44,-3.19,-0.28,0.0,61.93,-2.12,0.45,11.4,0.71,67.57,-2.96,98.8,94.39,0.0,523.87,22.04,583.24,0.0,154.7,15.99,374.17,23.4,397.57,56.25,171.31,8.62,-8.71,-7.47,2.57,-10.1775,3.74,2.32,-0.28,0.0,0.0,-2.2,-1.32,-7.44,-7.12,-4.04,-5.02,-4.87,0.0,1.4,1.4,3,2007,0.0,11.392857142857142,-3.19
2007-06-30,75.62,2.89,0.28900000000000003,1.1,68.95999999999998,7.9,10.440000000000001,8.05,0.0,67.71000000000001,4.5,178.16,234.39,0.0,513.17,20.27,574.1,0.0,188.17,16.08,376.47,22.92,399.4,56.25,161.64,94.86,-0.5899999999999999,-14.920000000000002,2.5400000000000005,6.963581314878892,2.8,2.47,-0.03,1.1,-36.67,1.926666666666667,-36.221333333333334,7.321333333333334,6.936,-112.51733333333335,-0.22,-0.21,0.0,1.36,1.36,6,2007,11.0,10.0,-0.3
2007-09-30,72.97999999999999,4.24,0.3766497461928934,0.12284263959390875,69.37,7.419999999999999,9.79,8.9,0.0,65.56,5.9,131.94,276.03,0.0,505.93,18.25,565.81,0.0,184.53,16.12,371.64,15.38,387.02,56.25,165.75,-39.46000000000001,0.7400000000000002,-7.509999999999998,2.37,5.907676886792452,3.02,2.33,0.35,1.1,3.14,3.013197969543147,9.599187817258883,10.244873096446701,10.158781725888325,29.271065989847717,1.89,1.84,0.0,1.36,1.36,9,2007,1.3828571428571443,11.257142857142858,3.94
2007-12-31,100.13000000000002,18.73,1.6689280988089985,-0.0033688323145755535,70.54000000000002,26.51,28.759999999999998,8.4,6.73,73.61999999999998,8.530000000000001,198.18,229.11,0.0,576.5,16.8,623.97,0.0,281.82,16.66,411.62,15.31,426.93,56.25,184.46,38.09,28.660000000000004,-0.5100000000000016,2.25,1.2587720234917246,2.56,2.31,2.02,1.1,0.54,11.996453462726068,21.58039700044111,40.61609175121305,41.772774591971775,61.799911777679746,8.02,7.22,0.0,1.4,1.4,12,2007,-0.03780763790664743,11.222772277227724,22.67
2008-03-31,59.12,-9.29,-0.83,0.0,52.37,-9.99,-7.76,9.9,0.0,69.11,-14.16,158.56,211.19,0.0,457.69,16.88,508.32,0.0,185.91,17.4,316.65,7.14,323.79,56.25,175.16,-35.12,3.04,-7.52,2.23,-2.9825,3.18,1.85,-0.83,0.0,0.0,-7.320000000000001,-7.320000000000001,-21.2,-21.44,-20.84,-16.91,-15.71,0.0,1.45,1.45,3,2008,0.0,11.192771084337348,-9.29
2008-06-30,83.10999999999999,16.03,1.4270029673590505,1.0,70.27000000000001,17.28,19.509999999999998,7.4,0.01,65.82000000000001,7.98,228.52,114.78,0.0,561.22,17.69,616.52,0.0,228.91,17.1,421.48,7.54,429.02,56.25,179.6,86.78,-3.4,-13.43,2.23,1.296072988147224,2.32,2.39,0.6,1.0,1.67,10.369554896142434,11.606290801186942,35.67507418397626,37.57774480712166,35.579940652819,5.28,4.74,0.0,1.33,1.33,6,2008,11.233333333333334,11.233333333333334,6.74
2008-09-30,70.65,2.7699999999999996,0.24758149316508934,-0.004030844724851179,63.959999999999994,2.8600000000000003,5.109999999999999,6.9,0.16,67.79999999999998,-1.1100000000000003,151.61,164.16,0.0,624.15,16.37,681.29,0.0,246.83,14.56,490.78,2.67,493.45,56.25,182.52,-30.739999999999995,-36.730000000000004,-9.440000000000001,2.25,6.969422382671481,2.13,2.7,0.85,1.0,1.18,1.6311251314405886,1.8990956887486852,6.0701156677181904,6.361388012618296,6.2099263932702415,4.9,4.47,0.0,1.27,1.27,9,2008,-0.04509803921568789,11.188235294117646,9.51
2008-12-31,92.72000000000003,4.07,0.3626435935198822,0.003110110023390892,91.02000000000001,10.979999999999999,13.05,5.75,0.24,81.74000000000004,12.98,162.62,180.65,0.0,535.39,14.69,581.94,0.0,209.65,14.01,383.17,3.18,386.35,56.25,186.7,-4.670000000000002,15.830000000000002,-0.14999999999999858,2.0699999999999994,3.9622235872235865,1.73,2.07,1.21,1.0,0.83,2.793254786450663,4.195876288659794,8.715434462444772,8.77537555228277,12.743475699558177,4.7,4.44,0.0,1.4,1.4,12,2008,0.03490520175012257,11.223140495867769,13.58
2009-03-31,57.45,-9.66,-0.86,0.0,30.91,-11.39,-9.89,6.9,-0.07,68.84,-14.28,110.66,113.19,0.0,482.9,15.61,531.06,0.0,181.63,5.24,345.05,2.99,348.05,56.25,176.64,44.07,-85.38,-8.77,1.5,-2.005,2.2,1.97,-0.86,0.0,0.0,-7.28,-8.76,-21.88,-21.96,-24.48,-17.72,-16.81,0.0,1.4,1.4,3,2009,0.0,11.232558139534884,-9.66
2009-06-30,78.66000000000001,12.69,1.130792079207921,0.7,50.81,11.8,13.42,6.6,0.0,66.85999999999999,15.239999999999998,213.57,146.78,0.0,590.88,14.62,646.73,0.0,273.73,5.2,455.98,2.8,458.78,56.25,181.33,93.61000000000001,21.479999999999997,-8.969999999999999,1.62,1.4588888888888891,2.05,2.53,0.27,0.7,2.59,7.873663366336633,1.0051485148514852,27.976633663366336,28.144158415841584,3.518019801980198,2.29,2.23,0.91,1.3,1.3,6,2009,7.855555555555554,11.222222222222221,3.03
2009-09-30,75.20999999999998,5.16,0.45992673992674,-0.00018993352326686353,48.28,6.56,8.22,7.05,0.0,68.65,6.9,157.75,113.05,0.0,529.04,13.08,587.52,8.14,229.11,0.19,391.28,2.74,394.02,56.25,186.56,-31.690000000000012,-28.740000000000002,-5.25,1.6600000000000001,3.833110465116279,2.13,2.11,0.73,0.7,0.96,3.503003663003663,2.7721611721611725,11.063443223443224,11.189450549450552,8.946520146520147,3.97,3.88,11.06,1.35,1.35,9,2009,-0.002130898021309058,11.21917808219178,8.19
2009-12-31,71.59000000000003,-6.049999999999999,-0.5371495327102802,0.002733324798361412,38.639999999999986,-3.26,-1.5299999999999994,8.25,0.0,74.85,35.92,146.38,224.23,0.0,560.46,16.51,612.7,0.0,225.41,0.2,420.21,2.92,423.13,56.25,179.92,-21.75,18.189999999999998,-0.05000000000000071,1.7299999999999995,-3.839619834710745,2.58,2.35,0.19,0.7,3.68,-3.957943925233644,-7.011214953271026,-13.457009345794388,-13.230841121495322,-21.825233644859807,0.77,0.76,5.71,1.33,1.33,12,2009,0.030785868781544323,11.263157894736842,2.14
2010-03-31,77.6,5.91,0.53,0.3,49.51,5.49,7.12,6.75,0.0,72.11,3.98,202.24,128.87,0.0,532.79,15.77,587.77,9.08,280.37,0.2,392.13,2.72,394.85,56.25,185.85,-14.87,63.23,-0.04,1.63,3.185,2.04,2.12,0.53,0.3,0.57,4.04,3.9200000000000004,12.720000000000002,13.04,11.24,7.94,7.62,549.0,1.36,1.36,3,2010,3.3452830188679243,11.150943396226415,5.91
2010-06-30,79.68,9.82,0.8739987285441829,0.002263431251424432,54.160000000000004,8.44,10.099999999999998,8.5,0.0,71.24,5.389999999999999,220.96,129.42,0.0,466.21,17.28,531.16,0.0,165.35,0.2,334.48,2.6,337.08,56.25,192.05,32.69,-2.049999999999997,-3.44,1.6600000000000001,2.430781568228106,2.49,1.76,1.4,0.3,0.21,7.391532104259377,5.918219961856326,20.451570247933883,21.050883661792753,17.679745708836617,10.3,10.0,696.5,1.39,1.39,6,2010,0.025431266846361655,11.235714285714288,15.73
2010-09-30,70.60999999999999,-17.740000000000002,-1.5886567164179106,-0.0018550106609808673,41.41000000000001,-17.62,-15.819999999999999,11.1,0.0,88.24000000000001,-12.57,148.2,127.35,0.0,490.09,20.94,562.06,0.0,253.58,0.2,383.56,2.46,386.02,56.25,174.0,-55.69,-14.990000000000002,-0.06000000000000005,1.7999999999999998,-1.7468531567080041,3.59,2.22,-0.18,0.3,-1.67,-12.709253731343287,-22.5942288557214,-40.95203980099503,-39.186865671641804,-73.0782089552239,-0.91,-0.88,-123.0,1.28,1.28,9,2010,-0.02071428571428635,11.166666666666666,-2.01
2010-12-31,107.96000000000004,19.64,1.748996029495179,0.0016732841747022268,60.369999999999976,19.51,21.43,7.9,0.0,88.43999999999997,70.32000000000001,160.38,194.44,0.0,536.68,19.43,615.11,0.0,294.39,0.2,421.17,2.39,423.56,56.25,189.66,-7.910000000000004,18.879999999999995,-0.040000000000000036,1.92,1.1288047352342159,2.34,2.23,1.57,0.3,0.19,12.788837209302327,11.49658536585366,41.441179807146916,42.51062960862166,36.361293250141806,5.46,5.25,1582.0,1.27,1.27,12,2010,0.018789808917197615,11.229299363057324,17.63
2011-03-31,70.14,-9.9,-0.88,0.0,37.47,-9.32,-7.51,16.0,0.0,79.46,2.13,156.15,114.83,0.0,540.55,21.21,575.18,0.0,228.57,0.66,388.38,25.41,413.79,56.25,159.5,10.94,-14.4,-0.16,1.81,-4.545,5.64,2.59,-0.88,0.0,0.0,-6.88,-6.4,-24.84,-22.92,-19.96,-14.78,-14.11,-103.56,1.39,1.39,3,2011,0.0,11.25,-9.9
2011-06-30,88.27,2.6900000000000004,0.23877947295423027,0.8,53.93000000000001,3.0500000000000007,5.039999999999999,9.1,0.0,85.22000000000001,19.57,255.69,104.44,0.0,599.47,20.78,634.32,0.0,267.03,0.68,454.73,24.43,479.16,56.25,153.27,104.41,4.360000000000001,-9.2,1.9899999999999998,9.52845724907063,3.34,3.13,-0.64,0.8,-1.25,1.7013037447988906,1.6117614424410545,7.014147018030514,6.238113730929266,5.208377253814148,-4.67,-4.55,-44.79,1.32,1.32,6,2011,9.012500000000001,11.265625,-7.21
2011-09-30,90.31,7.01,0.701,-0.1012500000000001,51.47,7.4399999999999995,9.48,9.1,0.0,82.87,17.349999999999998,220.13,122.33,0.0,583.16,20.18,616.78,0.0,243.17,0.68,429.5,25.07,454.57,56.25,160.31,-50.53,15.11,-0.22000000000000064,2.04,3.245363766048502,3.19,2.84,-0.02,0.8,-40.0,4.2059999999999995,-28.04,16.823999999999998,16.823999999999998,-86.92399999999999,-0.08,-0.08,6.5,1.36,1.36,9,2011,-1.012500000000001,10.0,-0.2
2011-12-31,83.61999999999998,-10.56,-0.9421561338289963,0.08624535315985131,38.84,-10.15,-8.11,8.6,0.0,93.76999999999998,-2.3499999999999943,181.97,118.23,0.0,515.92,18.43,547.54,0.0,204.67,0.48,372.64,23.08,395.72,56.25,149.93,-39.129999999999995,1.5999999999999996,-0.5299999999999994,2.04,-2.2824242424242427,3.23,2.64,-0.96,0.8,-0.83,-7.733531598513012,-6.045501858736061,-28.186171003717472,-24.888624535315984,-20.138587360594798,-3.34,-3.24,-40.82,1.38,1.38,12,2011,0.9666666666666668,11.208333333333334,-10.76
2012-03-31,65.94,-13.96,-1.24,0.3,32.49,-13.6,-11.6,8.75,0.0,79.54,-4.27,177.25,186.69,0.0,561.83,16.89,646.36,0.0,309.3,0.0,484.64,24.0,508.64,56.25,135.83,-15.86,-0.29,0.0,2.0,-1.7649999999999997,3.62,3.74,-1.24,0.3,-0.24,-8.64,-8.92,-41.12,-37.8,-33.64,-21.35,-21.17,0.0,1.16,1.16,3,2012,3.37741935483871,11.258064516129034,-13.96
2012-06-30,76.78999999999999,-7.379999999999999,-0.6570759137769446,-0.0007074402152553671,39.49,-7.1899999999999995,-5.270000000000001,8.7,0.0,83.98,2.7099999999999995,211.36,104.31,0.0,521.57,15.57,604.74,0.0,277.19,0.0,452.91,24.84,477.75,56.25,125.22,39.29,-1.79,-3.38,1.92,-3.3108807588075884,3.91,3.82,-1.9,0.3,-0.16,-4.88311152764761,-4.647947516401124,-23.571733833177127,-21.20626054358013,-18.93761949390815,-15.57,-14.95,0.0,1.15,1.15,6,2012,-0.007945670628183965,11.23157894736842,-21.34
2012-09-30,75.76000000000002,-17.849999999999998,-1.5850472059198775,0.00079692725050698,38.64999999999999,-17.29,-15.05,23.0,0.0,93.04999999999998,-4.209999999999999,239.28,136.67,0.0,595.56,24.62,710.92,0.0,308.65,2.0,566.44,31.4,597.84,56.25,107.65,56.13999999999999,-27.259999999999998,-0.9800000000000004,2.24,-3.6280938375350145,12.02,5.55,-3.48,0.3,-0.09,-10.038632304159222,-10.457667772390916,-66.33513651441693,-53.290380199030366,-48.02510844603214,-18.48,-17.94,0.0,1.05,1.05,9,2012,0.008974591651542685,11.261494252873563,-39.19
2012-12-31,112.69,17.38,1.5459513984410822,-0.000513051589748484,64.1,18.83,21.28,14.9,0.0,93.86000000000001,28.58,236.03,146.46,0.0,675.23,23.08,796.64,0.0,381.78,2.07,632.06,31.55,663.61,56.25,124.77,-2.3799999999999955,-5.970000000000002,5.460000000000001,2.4499999999999993,2.409390103567319,6.72,5.32,-1.94,0.3,-0.15,8.73382851902797,9.116331957817515,55.71800091701055,50.61795506648327,37.29408528198074,-6.79,-6.59,0.0,1.07,1.07,12,2012,-0.005767863490935277,11.242268041237113,-21.81
2013-03-31,63.58,-26.58,-2.36,0.3,24.21,-28.34,-25.83,13.2,0.0,91.92,-16.33,202.31,87.85,0.0,511.14,24.3,729.42,0.0,256.12,2.1,584.12,39.68,623.8,56.25,96.01,-23.98,-10.46,-0.49,2.51,-1.3975000000000002,7.73,6.5,-2.36,0.3,-0.13,-14.56,-16.48,-110.72,-91.72,-78.0,-42.77,-41.81,0.0,0.88,0.88,3,2013,3.378813559322034,11.26271186440678,-26.58
2013-06-30,116.86,19.419999999999998,1.7358659217877093,-0.0020168544645393837,67.99000000000001,14.11,16.32,9.55,0.0,102.74999999999999,11.049999999999997,296.36,133.65,0.0,544.12,23.45,761.79,0.0,224.82,2.43,602.32,39.74,642.06,56.25,113.24,80.54,18.46,-3.8599999999999994,2.21,1.3752214212152423,4.74,5.67,-0.64,0.3,-0.47,10.198212290502793,22.566256983240223,68.56670391061452,65.20346368715083,96.77452513966479,-4.41,-3.97,0.0,0.9,0.9,6,2013,-0.022563559322034354,11.1875,-7.16
2013-09-30,64.44,-7.449999999999999,-0.66290212183436,0.001360369609856272,47.209999999999994,-9.45,-6.709999999999999,10.0,0.0,73.89000000000001,-23.22,238.97,199.81,0.0,517.83,17.73,712.43,0.0,186.11,1.02,566.94,43.88,610.82,56.25,98.77,-57.39,1.8200000000000003,-4.470000000000001,2.74,-3.7701644295302015,5.7,6.18,-1.3,0.3,-0.23,-4.181382614647501,-6.792197125256673,-30.167145790554414,-28.88213552361396,-33.206297056810406,-6.09,-5.97,0.0,0.91,0.91,9,2013,0.01528846153846164,11.238461538461538,-14.61
2013-12-31,142.92000000000002,33.47,2.9814209968186636,-0.00032792234276856117,96.75,29.08,31.589999999999996,9.8,0.0,113.83999999999997,26.31,204.09,256.28,0.0,523.25,24.21,690.72,0.0,201.37,2.42,503.87,52.99,556.86,56.25,134.28,-43.61,8.5,-0.5499999999999989,2.5100000000000007,0.821286226471467,4.11,4.15,1.68,0.3,0.18,19.379236479321317,5.181993637327677,99.7356309650053,103.35592788971367,20.51501590668081,4.97,4.86,0.0,1.04,1.04,12,2013,-0.0036813186813184906,11.226190476190476,18.86
2014-03-31,96.09,-1.89,-0.17,1.1,57.32,-1.79,0.79,10.5,0.0,97.88,12.43,248.42,117.74,0.0,477.52,22.59,649.68,0.0,210.4,2.45,466.48,53.77,520.25,56.25,132.29,17.83,28.38,-0.62,2.58,-15.44,4.46,3.93,-0.17,1.1,-6.47,-1.16,-1.04,-5.72,-6.64,-3.9199999999999995,-2.0,-1.97,0.0,1.02,1.02,3,2014,12.229411764705882,11.117647058823527,-1.89
2014-06-30,75.57,-22.689999999999998,-1.4308177379983726,0.32882065763652896,36.279999999999994,-26.52,-24.05,15.0,0.0,102.09,-44.08,227.31,98.88,0.0,381.04,24.57,540.97,0.0,108.51,2.84,336.8,55.82,392.63,112.5,152.81,-27.439999999999998,-39.93,44.0,2.4699999999999998,-2.6215777875716175,11.04,2.57,-1.55,1.1,-0.71,-16.763645240032545,-16.062082994304312,-59.41124491456469,-68.23615947925143,-51.214043938161105,-14.6,-14.32,0.0,1.13,1.13,6,2014,5.214459203036052,15.85806451612903,-24.58
2014-09-30,88.72,-9.980000000000004,-0.5515567129629632,0.13594347371565138,46.59,-13.580000000000002,-10.929999999999996,13.1,0.0,102.29999999999998,38.699999999999996,99.84,91.68,0.0,353.58,23.17,535.05,0.0,190.55,2.74,341.06,53.61,394.66,112.5,142.64,-99.36,-29.63,-0.7000000000000028,2.6500000000000004,-5.938917835671341,10.33,2.77,-1.91,1.1,-0.58,-7.46189814814815,-7.762222222222224,-27.98789351851853,-33.070300925925935,-24.938449074074082,-13.5,-13.27,0.0,1.04,1.04,9,2014,2.459793953724038,18.094240837696336,-34.56
2014-12-31,150.03000000000003,47.82,2.488371040723982,0.06428892942597901,99.47,50.25,52.879999999999995,11.7,0.0,99.78000000000003,-3.3299999999999996,93.95,270.68,0.0,402.47,22.64,571.93,0.0,200.97,2.45,336.74,51.56,388.3,112.5,188.97,-37.56,34.87,-0.7000000000000028,2.63,1.1757089084065244,6.97,2.05,0.69,1.1,1.59,33.46678733031674,19.041447963800906,101.26588235294118,118.28778280542984,51.20995475113122,3.3,3.23,0.0,1.2,1.2,12,2014,1.2354655133166403,19.217391304347828,13.26
2015-03-31,75.23,-25.54,-1.14,0.6,31.54,-25.32,-23.03,14.4,0.0,100.55,-27.47,103.59,262.7,0.0,406.54,23.46,553.61,15.08,181.51,2.39,340.76,55.22,395.98,112.5,163.35,-4.09,-6.74,16.26,2.29,-3.1575,9.92,2.42,-1.14,0.6,-0.53,-18.44,-16.84,-62.56,-69.12,-47.6,-35.02,-33.95,0.0,1.19,1.19,3,2015,13.442105263157895,22.403508771929825,-25.54
2015-06-30,77.42999999999999,-36.69,-1.379633617226418,0.09454400906653578,26.700000000000003,-27.020000000000003,-24.659999999999997,8.15,0.0,104.45,-29.07,280.23,136.69,0.0,473.76,21.76,608.1,0.0,133.78,2.29,275.46,56.39,331.84,225.0,283.29,32.230000000000004,5.94,137.71,2.3600000000000003,-1.4756091578086672,6.47,1.17,-2.34,0.6,-0.26,-24.125900690985056,-21.484550859713963,-51.81290695805881,-67.30725373614013,-37.09681504097702,-42.19,-40.76,0.0,1.72,1.72,6,2015,2.5143049932523596,26.594017094017094,-62.23
2015-09-30,33.599999999999994,-50.07,-1.5248388245770257,0.11406123707103237,-19.830000000000005,-48.08,-45.64,7.3,0.0,81.67000000000002,-50.52,184.17,120.31,0.0,347.32,22.6,490.32,2.74,82.18,2.13,211.51,56.14,267.66,225.0,232.5,-90.50999999999999,-5.0600000000000005,2.069999999999993,2.4399999999999995,-1.1943229478729778,7.06,1.15,-3.42,0.6,-0.18,-40.8407123775601,-34.937535173642026,-86.140017809439,-106.77438646482636,-64.23940872662511,-62.97,-60.29,0.0,1.64,1.64,9,2015,3.7453441295546597,32.83625730994152,-112.3
2015-12-31,105.54000000000002,4.349999999999994,0.12129226493747089,0.050650479835531316,34.510000000000005,-1.0100000000000051,1.4099999999999966,5.3,0.0,106.57,31.150000000000006,143.17,175.18,0.0,371.21,21.9,525.24,0.0,165.56,2.48,252.39,56.95,309.34,225.0,248.96,-32.21,-7.72,-2.4799999999999898,2.42,10.91908045977013,4.79,1.24,-3.01,0.6,-0.2,3.312366836498375,2.980324224177856,6.989013432144502,7.946456692913375,5.991273737841585,-42.45,-36.99,0.0,1.47,1.47,12,2015,1.8165180392842544,35.863787375415285,-107.95
2016-03-31,51.73,-122.05,-2.7,0.0,15.19,-121.05,-118.72,4.98,12.7,172.78,-65.86,79.53,117.44,54.39,309.55,19.97,442.84,19.6,113.04,2.42,278.21,55.25,333.46,238.8,182.88,-58.61,-43.98,32.76,2.33,-0.46,6.5,1.82,-2.7,0.0,0.0,-110.24,-97.2,-266.96,-282.0,-294.12,-242.36,-235.94,0.0,1.11,0.92,3,2016,0.0,45.2037037037037,-122.05
2016-06-30,53.45000000000001,-32.72000000000001,-0.7039968986237646,0.0,8.88,-42.2,-39.75999999999999,4.42,12.7,95.65,-44.14,57.46,88.59,54.61,256.51,17.46,397.44,33.79,110.0,2.35,279.11,57.2,336.31,238.8,146.5,-29.040000000000006,-1.2800000000000011,13.580000000000005,2.4399999999999995,-1.572769712713936,7.2,2.3,-3.33,0.0,0.0,-32.92929637526653,-27.457993151127486,-89.34206887639726,-60.903131097757985,-116.66475932028175,-151.75,-147.15,0.0,0.92,0.72,6,2016,0.0,46.47747747747748,-154.77
2016-09-30,53.47999999999999,-49.44999999999999,-1.0533126040544507,0.0,19.61,-64.19,-62.20000000000002,4.42,12.36,117.67000000000002,-68.13999999999999,48.17,80.95,49.74,234.1,13.34,357.86,36.61,111.13,2.63,304.92,51.12,356.04,238.8,81.78,-61.09,5.109999999999999,49.239999999999995,1.9900000000000002,-1.0531061678463096,12.91,4.35,-4.35,0.0,0.0,-55.275908334149435,-51.944050533738114,-241.86963079032412,-125.87448829693466,-416.1141709920673,-134.48,-128.72,0.0,0.77,0.6,9,2016,0.0,46.947126436781616,-204.22
