,revenue,net_profit,eps,dps,gross_profit,ebit,ebitda,close_price,expense,operating_profit,cash,account_receivable,inventory,current_asset,property_plant_equipment,total_asset,short_term_loan,account_payable,current_portion_long_term_debt,current_liability,non_current_liability,total_liability,paid_in_capital,total_equity,cash_flow_operation,cash_flow_investment,cash_flow_financing,depreciation,P/E,P/BV,D/E,EPS,DPS,DPR%,ROA%,ROAA%,ROE%,ROAE%,ROCE%,NPM%,NPMA%,TIE,CurrentRatio,QuickRatio,month,year,dividend,number_of_shares,return_old
2004-09-30,,,,,,,,,,,17.22,182.39,76.95,278.0,129.7,440.64,98.72,131.34,9.75,260.41,21.75,282.16,120.0,158.48,,,,,,0.0,1.78,0.3,0.0,0.0,,,,,,8.29,7.96,0.0,1.07,0.77,9,2004,,120.43333333333335,36.13
2004-12-31,155.41000000000003,9.82,0.08121001088139282,0.0,36.53,15.619999999999997,20.760000000000005,,139.79000000000002,17.560000000000002,28.71,169.7,91.33,289.74,131.44,453.78,96.7,135.22,33.77,265.69,19.78,285.48,120.0,168.3,19.369999999999997,-6.58,-3.9499999999999997,5.140000000000001,0.0,0.0,1.7,0.38,0.0,0.0,8.659551686615888,0.0,23.33719260065288,0.0,32.03093797606093,7.75,7.54,0.0,1.09,0.75,12,2004,0.0,120.92105263157896,45.95
2005-03-31,171.29,12.51,0.08,0.0,31.19,18.74,24.95,,152.55,13.92,7.1,170.28,118.73,306.59,188.9,527.94,28.0,128.25,50.31,206.56,16.82,223.38,165.0,304.56,-22.58,-48.49,52.12,6.21,0.0,0.0,0.73,0.08,0.0,0.0,9.48,0.0,16.44,0.0,23.32,7.51,7.3,0.0,1.48,0.91,3,2005,0.0,156.375,12.51
2005-06-30,220.93000000000004,13.37,0.08265842349304482,0.0,31.400000000000002,20.16,27.099999999999998,,200.76999999999998,12.28,12.11,223.52,132.92,379.8,198.21,619.15,88.94,189.63,33.11,311.69,14.28,325.97,165.0,293.17,10.429999999999998,-38.96999999999999,33.54,6.94,0.0,0.0,1.11,0.16,0.0,0.0,8.637805255023183,0.0,18.246846986089643,0.0,26.140726429675425,6.82,6.6,0.0,1.22,0.79,6,2005,0.0,161.75,25.88
2005-09-30,206.40999999999997,10.419999999999998,0.06315151515151514,0.0,28.14,16.65,23.840000000000003,,189.76000000000005,11.610000000000003,5.4,215.9,140.75,374.51,214.63,635.29,132.96,149.55,48.63,331.14,25.3,356.44,165.0,278.85,-30.340000000000003,-28.680000000000007,52.30000000000001,7.1899999999999995,0.0,0.0,1.28,0.22,0.0,0.0,6.556275482093664,11.861002754820936,14.94968595041322,19.06027548209366,20.96630303030303,6.25,6.06,0.0,1.13,0.71,9,2005,0.0,165.0,36.3
2005-12-31,209.39999999999998,-0.23999999999999488,-0.0014642262895174396,0.15,17.64,3.260000000000005,10.25,1.81,206.14,-2.5700000000000003,17.81,226.3,140.19,405.94,280.74,718.06,81.97,150.7,56.27,288.94,150.51,439.45,165.0,278.61,-6.659999999999997,-58.209999999999994,77.28999999999999,6.989999999999998,-309.1393750000066,1.07,1.58,0.22,0.15,0.68,-0.13364392678868267,-0.26728785357736534,-0.34449251247919394,-0.4296838602329359,-0.3647254575707076,4.6,4.46,0.0,1.4,0.92,12,2005,24.586363636363636,163.9090909090909,36.06
2006-03-31,240.2,3.64,0.02,0.0,23.47,6.55,13.83,1.74,233.66,-0.1,12.84,253.18,153.33,432.66,286.67,758.27,69.21,197.42,58.5,325.12,150.89,476.02,165.0,282.25,24.52,-19.59,-9.9,7.28,21.75,1.02,1.69,0.02,0.0,0.0,1.9200000000000002,4.08,5.16,4.96,6.04,1.56,1.52,0.0,1.33,0.86,3,2006,0.0,182.0,3.64
2006-06-30,304.10999999999996,8.09,0.04827791986359762,0.0,26.42,13.14,20.93,1.46,290.96000000000004,6.39,12.08,345.84,202.63,579.28,315.92,929.43,144.44,295.2,45.9,498.73,140.36,639.09,165.0,290.34,-29.59,-32.34,61.18,7.79,7.561427688504327,0.83,2.2,0.07,0.0,0.0,3.4760102301790283,7.007195225916453,11.145302642796247,11.09012787723785,12.607433930093777,2.21,2.16,0.0,1.16,0.76,6,2006,0.0,167.57142857142856,11.73
2006-09-30,270.25,10.54,0.061526717557251906,0.0,26.739999999999995,18.24,27.450000000000003,1.38,252.01,10.54,13.74,345.52,227.61,606.75,312.6,954.96,212.98,237.28,58.9,509.16,144.93,654.09,165.0,300.87,-61.86000000000001,-7.270000000000003,70.78,9.21,5.60975806451613,0.76,2.17,0.13,0.0,0.0,4.410992366412214,9.030229007633586,14.009160305343512,14.539236641221372,16.110534351145038,2.81,2.73,0.0,1.19,0.74,9,2006,0.0,171.3076923076923,22.27
2006-12-31,224.92000000000007,-7.109999999999999,-0.042209762532981525,0.11,16.02000000000001,-0.7299999999999969,8.669999999999995,1.4,225.64999999999998,-6.869999999999997,19.39,246.52,193.03,463.59,328.78,827.11,221.27,124.69,70.93,416.89,134.6,551.5,165.0,275.62,52.220000000000006,-33.28,-13.280000000000001,9.399999999999999,-8.294289732770746,0.84,2.0,0.09,0.11,1.22,-3.433060686015831,-9.0422691292876,-10.317941952506596,-10.261662269129285,-17.015224274406332,1.5,1.46,0.0,1.11,0.65,12,2006,18.52888888888889,168.44444444444446,15.16
2007-03-31,335.57,22.83,0.14,0.0,42.07,34.29,43.8,1.3,301.28,27.43,29.04,340.53,190.37,572.03,367.09,973.36,197.09,234.91,77.53,509.53,165.38,674.91,165.0,298.45,51.57,-47.57,5.64,9.51,2.3225,0.72,2.26,0.14,0.0,0.0,9.4,15.84,30.6,31.439999999999998,29.56,6.97,6.8,0.0,1.12,0.75,3,2007,0.0,163.07142857142856,22.83
2007-06-30,373.15000000000003,37.870000000000005,0.230838550247117,0.0,62.68,54.550000000000004,64.67,1.65,318.6,45.13999999999999,24.52,359.76,174.4,564.25,386.65,994.6,157.21,255.35,59.16,502.18,148.09,650.27,165.0,336.54,101.91,-40.279999999999994,-67.14,10.12,1.787179825719567,0.81,1.93,0.37,0.0,0.0,15.222866556836903,23.03394398682043,45.019756177924215,48.33884019769358,45.019756177924215,8.78,8.56,0.0,1.12,0.78,6,2007,0.0,164.05405405405406,60.7
2007-09-30,292.89,26.019999999999996,0.15902444649446493,0.1,58.31,41.81,52.16,2.85,251.08000000000004,34.09,55.68,285.21,187.77,534.65,398.83,993.2,233.98,190.16,59.0,503.52,133.39,636.91,165.0,346.05,25.390000000000015,-33.14,38.9,10.350000000000001,4.482644119907763,1.36,1.84,0.53,0.1,0.19,10.47761070110701,16.094474169741694,30.07662361623616,32.17694649446494,32.02092250922509,8.89,8.66,0.0,1.06,0.69,9,2007,16.362264150943396,163.62264150943395,86.72
2007-12-31,307.86,20.39,0.11612267762113715,0.20681559955115794,48.44,32.099999999999994,44.0,2.31,275.76,14.210000000000008,55.97,318.98,217.32,717.17,413.35,1190.11,50.0,158.51,59.56,290.33,169.38,459.7,250.65,730.41,-65.08,-146.26999999999998,211.66,11.900000000000002,4.977279303580187,0.79,0.63,0.61,0.3,0.49,6.853141630099897,12.289967323312483,11.163006255251611,16.211487256091868,13.774814676500794,8.47,8.18,0.0,2.47,1.72,12,2007,36.314785029384474,175.59016393442624,107.11
2008-03-31,387.92,33.09,0.13,0.0,56.61,44.48,56.42,3.18,343.44,36.29,71.8,370.44,253.7,788.67,432.76,1292.2,0.0,281.78,61.66,376.15,152.53,528.68,250.66,763.52,87.56,-3.82,-67.9,11.94,6.105,1.04,0.69,0.13,0.0,0.0,10.24,15.72,17.32,24.92,19.44,8.8,8.53,0.0,2.1,1.42,3,2008,0.0,254.53846153846155,33.09
2008-06-30,320.8,27.61,0.1682981878088962,0.0,48.14,44.36000000000001,57.33,3.38,276.44,36.14000000000001,133.22,445.06,402.93,1097.72,423.23,1734.98,348.35,347.55,66.3,790.68,158.94,949.62,250.66,785.35,-132.74,-160.05,354.20000000000005,12.97,5.012531691416153,1.08,1.21,0.37,0.0,0.0,6.368039538714991,11.844553542009884,14.06427018121911,19.686339373970345,17.120929159802305,8.78,8.56,0.0,1.39,0.88,6,2008,0.0,164.05405405405406,60.7
2008-09-30,492.30999999999995,74.52999999999999,0.297612955705095,0.0,50.97999999999999,87.22,102.50999999999999,2.63,405.09000000000003,-2.8800000000000097,108.68,391.85,336.94,922.48,952.22,1924.9,480.18,112.97,84.87,722.93,335.39,1058.32,250.96,866.52,-65.78999999999999,-129.62,149.37,15.290000000000003,2.204541124379445,0.76,1.22,0.54,0.0,0.0,15.497919100791245,26.608802780448123,34.4128758411595,49.161251201656434,32.296517045034385,12.41,11.26,0.0,1.28,0.81,9,2008,0.0,250.4259259259259,135.23
2008-12-31,257.95000000000005,-151.95999999999998,-0.6358158995815899,0.0,-19.049999999999983,-148.69,-129.91,0.73,406.6399999999999,-130.68,47.13,348.77,252.75,767.28,931.11,1764.66,472.09,139.52,89.1,730.27,317.96,1048.23,251.59,716.38,108.47,-115.0,-33.52000000000004,18.779999999999994,-0.28514543300868656,0.25,1.46,-0.07,0.0,0.0,-34.51572026300059,67.21482367005379,-85.0176688583383,-83.92769874476986,96.28069336521217,-1.25,-1.15,0.0,1.05,0.7,12,2008,0.0,238.99999999999997,-16.73
2009-03-31,228.14,-31.3,-0.13,0.05,5.91,-20.43,-1.44,0.61,248.57,-23.47,60.36,297.54,181.62,664.98,922.55,1647.4,463.08,89.01,88.88,658.64,307.84,966.48,251.59,680.87,74.21,-12.97,-48.02,18.99,-1.1725,0.23,1.42,-0.13,0.05,-0.38,-7.6,-5.56,-18.4,-17.32,-8.28,-14.52,-13.72,0.0,1.01,0.73,3,2009,12.03846153846154,240.76923076923077,-31.3
2009-06-30,223.88,-13.720000000000002,-0.05485561972456686,0.0018675460479103342,23.2,-4.420000000000002,15.49,2.63,228.3,-7.960000000000001,43.73,278.55,184.7,636.44,942.78,1613.16,438.75,124.06,81.03,662.46,295.96,958.42,251.59,654.69,61.35000000000001,-10.799999999999999,-67.16,19.91,-11.960488338192418,1.01,1.46,-0.18,0.05,-0.28,-3.4010484229231457,-1.8041403820524213,-8.386814749000445,-7.618836072856508,-3.181625944024878,-10.52,-9.96,-1.11,0.96,0.68,6,2009,0.4670940170940181,250.11111111111114,-45.02
2009-09-30,281.90999999999997,25.720000000000002,0.10661139896373058,-0.0018364997121473915,3.3800000000000026,38.47,56.400000000000006,2.73,243.43999999999994,-25.4,29.08,272.92,166.93,685.18,907.6,1626.21,339.55,116.92,114.02,586.45,359.31,945.76,251.59,680.4,7.72999999999999,-10.27,-12.11999999999999,17.93,6.38956065318818,1.01,1.39,-0.08,0.05,-0.63,6.343378238341969,-4.104538860103627,15.138818652849743,13.32642487046632,-6.983046632124353,-3.03,-2.63,0.43,1.17,0.88,9,2009,-0.4430555555555582,241.25,-19.3
2009-12-31,187.30000000000007,-24.150000000000002,-0.05002301495972382,0.025014384349827393,15.909999999999997,-15.53,10.920000000000002,3.04,202.83000000000004,-10.170000000000002,49.17,246.05,230.18,689.77,891.47,1623.4,400.06,190.57,72.42,681.51,265.84,947.35,251.59,676.01,25.390000000000015,79.47,-84.77,26.450000000000003,-15.194006211180126,1.13,1.4,-0.09,0.05,-0.56,-5.958296892980438,-0.2445569620253165,-14.295466052934406,-13.873049482163406,-0.4446490218642118,-5.3,-4.72,-0.05,1.01,0.67,12,2009,12.076388888888893,482.7777777777778,-43.45
2010-03-31,325.05,-3.94,-0.01,0.0,39.81,6.0,28.84,1.55,319.05,1.62,88.43,316.04,263.73,804.05,873.88,1727.22,449.87,251.64,70.72,807.59,247.53,1055.12,251.59,672.06,-10.94,12.1,38.1,22.84,-38.75,0.58,1.57,-0.01,0.0,0.0,-0.92,1.44,-2.36,-2.32,2.6,-1.26,-1.21,0.52,1.0,0.67,3,2010,0.0,394.0,-3.94
2010-06-30,303.96,-30.109999999999996,-0.061900146842878125,0.0,27.239999999999995,-20.939999999999998,2.210000000000001,1.43,324.89000000000004,-3.33,32.72,336.84,307.18,807.29,836.93,1696.23,457.8,232.67,68.46,783.88,232.5,1016.38,264.82,679.81,-68.69,-9.74,22.72,23.150000000000002,-5.775834440385254,0.56,1.5,-0.07,0.0,0.0,-7.109674008810572,-3.1834361233480175,-17.721127753303964,-18.039471365638764,-5.80092804698972,-5.63,-5.41,-0.78,1.03,0.64,6,2010,0.0,486.42857142857133,-34.05
2010-09-30,309.35,-8.82,-0.016459062281315606,0.0,31.67,-0.3100000000000005,23.040000000000003,1.11,309.66999999999996,-5.74,52.56,330.93,345.03,851.94,823.39,1725.44,506.38,228.57,57.7,818.44,228.03,1046.47,272.78,678.94,-4.950000000000003,-8.49,33.29,23.35,-16.86608843537415,0.45,1.54,-0.08,0.0,0.0,-2.040923722883135,-0.7488873337998602,-5.1928341497550745,-5.1928341497550745,-1.382561231630511,-4.76,-4.57,-0.56,1.04,0.62,9,2010,0.0,535.875,-42.87
2010-12-31,274.9699999999999,-63.300000000000004,-0.1192427239333145,0.0,8.930000000000007,-57.56999999999999,-34.47,1.2,332.5400000000001,-43.099999999999994,44.85,309.69,295.44,775.22,783.6,1604.2,511.13,184.89,50.89,766.01,221.5,987.51,273.78,616.66,16.760000000000005,-5.06,-19.429999999999993,23.099999999999994,-2.5158767772511847,0.53,1.6,-0.2,0.0,0.0,-15.78773664877084,-10.755693698784969,-41.06719412263351,-39.183159084487144,-20.72438541961006,-9.16,-8.75,-1.86,1.01,0.63,12,2010,0.0,530.85,-106.17
2011-03-31,307.34,-5.28,-0.01,0.0,25.43,3.2,25.62,0.85,304.14,-5.27,30.36,316.58,322.61,802.06,787.31,1633.37,497.24,250.01,182.31,948.07,82.85,1030.92,274.59,602.41,48.09,-24.75,-37.82,22.42,-21.25,0.39,1.71,-0.01,0.0,0.0,-1.28,0.7599999999999999,-3.52,-3.3199999999999994,1.88,-1.8,-1.72,0.47,0.85,0.51,3,2011,0.0,528.0,-5.28
2011-06-30,289.68,-9.23,-0.019083390764989664,0.0,21.270000000000003,-0.15000000000000036,22.349999999999998,1.11,289.83000000000004,-9.18,15.85,325.11,323.66,815.52,770.53,1628.57,543.4,218.27,173.92,957.68,77.32,1035.01,274.92,593.52,-3.4100000000000037,-21.909999999999997,10.8,22.5,-14.541440953412783,0.51,1.74,-0.03,0.0,0.0,-2.2645623707787736,0.4580013783597519,-6.2084631288766365,-5.801350792556857,1.1450034458993799,-2.56,-2.43,0.11,0.85,0.51,6,2011,0.0,483.6666666666667,-14.51
2011-09-30,312.51,-36.96,-0.06462793860501263,0.0,25.569999999999993,-21.25,1.6700000000000017,0.69,333.76,-4.300000000000001,7.83,298.26,396.78,831.07,723.9,1613.99,537.7,250.65,173.17,983.92,72.4,1056.33,275.99,557.63,18.28,-1.1500000000000057,-25.139999999999997,22.92,-2.670284767316017,0.34,1.89,-0.09,0.0,0.0,-9.162805517777347,-3.130864581309501,-26.51181659218963,-23.897975519720227,-8.301099669710512,-5.96,-5.66,-0.44,0.84,0.44,9,2011,0.0,571.8888888888889,-51.47
2011-12-31,229.29999999999995,-82.35,-0.14769092811238976,0.0,-21.929999999999993,-71.85,-48.44,0.65,301.1500000000001,-79.87,7.91,274.7,342.08,738.62,715.2,1511.46,588.53,204.39,174.33,968.65,67.49,1036.13,276.0,475.29,-44.41,-13.030000000000001,57.519999999999996,23.409999999999997,-1.1009477838494233,0.38,2.18,-0.24,0.0,0.0,-21.784411896577488,-14.227559408160216,-69.3162755940816,-60.33174413391122,-40.836541623075775,-12.33,-11.75,-2.96,0.76,0.41,12,2011,0.0,557.5833333333334,-133.82
2012-03-31,281.05,-7.2,-0.01,0.0,18.46,6.77,29.92,0.61,274.28,-6.73,13.62,317.89,298.66,736.45,697.09,1489.5,555.03,175.53,173.58,958.63,62.61,1021.23,276.15,468.23,56.97,-3.71,-47.55,23.15,-15.25,0.36,2.18,-0.01,0.0,0.0,-1.92,1.72,-6.16,-5.36,5.12,-2.7,-2.56,0.88,0.77,0.46,3,2012,0.0,720.0,-7.2
2012-06-30,273.25999999999993,-12.740000000000002,-0.025556670010030095,0.0,28.869999999999997,2.030000000000001,25.25,0.57,271.24,-14.259999999999998,12.15,324.76,269.88,712.48,676.41,1445.76,483.16,250.8,172.99,908.67,57.72,966.39,300.0,479.34,62.75,-1.2300000000000004,-62.99000000000001,23.22,-5.5758437990580845,0.36,2.02,-0.04,0.0,0.0,-3.5268204613841525,1.4567301905717152,-10.63157472417252,-9.507081243731195,4.191293881644935,-3.81,-3.6,0.54,0.78,0.49,6,2012,0.0,498.5,-19.94
2012-09-30,243.41000000000008,-26.219999999999995,-0.04544194107452339,0.0,-3.8200000000000003,-13.59,9.829999999999998,0.55,256.99,-36.96000000000001,32.7,262.76,229.41,631.79,655.45,1342.14,408.16,189.02,186.67,836.1,52.84,888.94,300.02,453.17,51.16999999999999,-3.87,-26.749999999999986,23.42000000000001,-3.0280396643783374,0.36,1.96,-0.08,0.0,0.0,-7.816013864818024,-0.7270710571923743,-23.152668977469666,-20.74424610051993,-2.158492201039861,-6.21,-5.79,-0.2,0.76,0.48,9,2012,0.0,577.0,-46.16
2012-12-31,234.18000000000006,-38.55,-0.06826230669342462,0.0,4.020000000000003,-25.630000000000003,-2.450000000000003,0.9,259.80999999999995,-43.66,9.02,223.82,213.82,554.8,629.67,1237.82,389.86,192.69,25.03,775.17,47.96,823.13,300.07,414.67,48.60000000000002,3.9700000000000006,-76.24000000000001,23.179999999999993,-3.2961089494163427,0.65,1.99,-0.15,0.0,0.0,-12.45104474088065,-4.022925274465824,-37.189304686577735,-34.6590485184748,-11.977759414472906,-8.83,-8.21,-0.96,0.72,0.44,12,2012,0.0,564.7333333333333,-84.71
2013-03-31,297.27,13.73,0.02,0.0,17.45,22.75,45.39,1.41,274.52,-11.36,30.92,257.95,205.38,606.43,612.0,1310.23,401.27,158.55,173.0,801.49,43.04,844.53,300.52,465.69,39.54,-4.06,-13.78,22.64,17.625,0.91,1.81,0.02,0.0,0.0,4.2,6.52,11.8,11.76,17.88,5.22,4.62,3.52,0.76,0.5,3,2013,0.0,686.5,13.73
2013-06-30,215.06000000000006,-23.14,-0.0491817215727949,0.0,19.98,-11.88,10.229999999999997,0.76,226.93,-18.91,54.92,221.01,242.29,623.64,592.12,1303.11,305.51,155.04,287.26,750.31,118.18,868.49,300.97,434.61,-6.549999999999997,-1.46,32.2,22.11,-3.8632238547968885,0.53,2.0,-0.02,0.0,0.0,-7.082167906482465,7.770712008501595,-21.344867162592987,-20.2628692879915,19.37759829968119,-2.0,-1.84,0.95,0.83,0.51,6,2013,0.0,470.5,-9.41
2013-09-30,255.62,-4.4,-0.006372194062273715,0.0,30.750000000000007,6.8000000000000025,28.79,0.67,248.82999999999998,3.41,9.5,255.21,178.08,547.92,588.65,1223.91,288.96,111.35,72.95,710.21,83.48,793.7,300.97,430.21,35.910000000000004,-17.400000000000002,-63.940000000000005,21.989999999999995,-26.28607954545454,0.47,1.84,-0.02,0.0,0.0,-1.4401158580738593,1.7587255611875452,-4.090948587979725,-3.9889934829833456,4.384069514844316,-1.91,-1.8,0.76,0.77,0.52,9,2013,0.0,690.5,-13.81
2013-12-31,297.51,8.190000000000001,0.014572953736654806,0.0,38.42999999999999,19.239999999999995,42.010000000000005,0.6,278.27,14.29,13.78,319.91,192.92,633.65,568.49,1290.82,271.14,185.34,70.95,781.91,70.51,852.42,300.97,438.4,24.069999999999993,-1.8999999999999986,-17.919999999999995,22.77000000000001,10.29304029304029,0.41,1.94,-0.01,0.0,0.0,2.5648398576512457,-17.021209964412815,7.461352313167261,7.6945195729537375,-42.261565836298935,-0.55,-0.53,1.68,0.81,0.56,12,2013,0.0,562.0,-5.62
2014-03-31,262.28,1.31,0.0,,30.58,11.21,32.57,0.65,251.07,-0.3,20.07,230.56,219.83,587.8,567.2,1244.32,248.97,171.88,68.11,738.54,64.35,802.89,300.97,441.42,74.56,-4.62,-63.73,21.36,0.0,0.44,1.82,0.0,0.0,0.0,0.44,3.52,1.2,1.16,8.88,0.52,0.5,2.14,0.8,0.5,3,2014,,inf,1.31
2014-06-30,254.38,5.35,0.008033033033033033,,38.8,15.879999999999999,37.330000000000005,0.9,238.5,8.370000000000001,20.07,227.87,203.28,577.68,547.98,1214.69,264.63,133.98,65.21,718.96,48.95,767.92,300.97,446.77,11.959999999999994,-6.260000000000001,-5.580000000000005,21.450000000000003,28.009345794392523,0.61,1.72,0.01,0.0,0.0,1.7672672672672671,6.908408408408408,4.787687687687687,4.851951951951952,17.54414414414414,1.34,1.29,2.9,0.8,0.52,6,2014,,666.0,6.66
2014-09-30,262.99,9.96,0.017978339350180506,0.0,29.74000000000001,7.300000000000001,28.36,1.25,255.69,-2.5100000000000007,53.84,223.82,179.15,528.6,529.15,1230.07,155.99,140.06,58.73,736.52,36.82,773.34,300.97,456.73,58.709999999999994,-13.87,-11.189999999999998,21.059999999999995,17.383418674698795,0.82,1.69,0.03,0.0,0.0,3.236101083032491,6.711913357400722,8.725487364620939,8.989169675090253,16.70787003610108,2.21,2.13,2.43,0.72,0.47,9,2014,0.0,554.0,16.62
2014-12-31,375.18999999999994,77.08,0.12339381003201706,0.0,11.379999999999995,116.83,138.3,1.26,258.35,-38.42,149.19,243.51,142.86,617.36,528.94,1303.87,154.2,145.85,47.79,469.93,37.28,507.21,432.38,796.64,-128.07,-18.6,242.13,21.470000000000006,2.5528022833419826,0.68,0.64,0.15,0.0,0.0,23.658706510138742,38.367248665955174,38.69629882604055,49.91690928495197,59.65679402347918,9.65,8.11,8.03,1.31,1.01,12,2014,0.0,624.6666666666667,93.7
2015-03-31,305.99,-0.75,0.0,,40.94,8.44,30.66,1.19,297.55,-0.08,28.24,234.1,188.01,500.19,534.63,1209.34,114.58,223.07,35.83,378.3,35.15,413.45,432.38,795.89,86.17,-32.18,-174.96,22.22,0.0,0.65,0.52,0.0,0.0,0.0,-0.24,2.76,-0.36,-0.48,4.08,-0.25,-0.25,4.06,1.32,0.83,3,2015,,-inf,-0.75
2015-06-30,252.60000000000002,2.65,0.0,,34.120000000000005,6.130000000000001,26.01,0.91,246.47999999999996,-4.55,82.8,165.65,206.78,508.2,528.34,1212.31,185.91,164.1,21.72,378.0,35.76,413.77,432.38,798.54,17.760000000000005,-14.740000000000002,51.57000000000001,19.880000000000003,0.0,0.49,0.52,0.0,0.0,0.0,0.8926315789473686,6.694736842105263,1.3389473684210527,1.7294736842105263,9.763157894736842,0.35,0.34,4.07,1.34,0.8,6,2015,,inf,1.9
2015-09-30,294.99,6.699999999999999,0.0077906976744186035,,47.72,10.5,30.039999999999992,0.8,284.48,10.02,24.73,213.97,178.23,496.71,553.93,1221.78,212.53,152.25,8.7,379.37,37.17,416.54,432.38,805.24,-0.060000000000002274,-66.28999999999999,8.239999999999995,19.54,25.671641791044777,0.43,0.52,0.01,0.0,0.0,2.1813953488372086,6.357209302325581,3.334418604651163,4.238139534883721,9.286511627906977,1.03,1.01,4.83,1.31,0.84,9,2015,,860.0,8.6
2015-12-31,241.9699999999999,-15.84,-0.021878453038674032,0.0,29.620000000000005,-12.870000000000001,9.170000000000002,0.69,254.83999999999992,-19.0,48.02,168.88,181.14,470.26,530.75,1174.42,205.38,129.13,3.79,346.55,37.23,383.78,432.38,790.64,36.900000000000006,-3.980000000000004,-9.549999999999997,22.040000000000006,-7.884469696969697,0.38,0.49,-0.01,0.0,0.0,-5.42585635359116,8.57635359116022,-8.051270718232045,-7.963756906077348,12.86453038674033,-0.68,-0.66,1.66,1.36,0.83,12,2015,0.0,724.0,-7.24
2016-03-31,236.71,-1.72,0.0,,30.04,0.3,20.78,0.65,236.41,-12.98,25.17,191.05,155.32,442.91,518.01,1137.34,172.15,126.94,2.44,310.3,38.13,348.43,432.38,788.91,14.39,-2.26,-34.98,20.48,0.0,0.36,0.44,0.0,0.0,0.0,-0.6,0.12,-0.88,-0.88,0.16,-0.77,-0.73,0.17,1.43,0.93,3,2016,,-inf,-1.72
2016-06-30,200.86999999999998,-8.69,-0.00834774255523535,,24.5,-6.87,12.549999999999997,0.69,207.73999999999998,-13.239999999999998,48.86,159.27,136.69,416.0,503.76,1144.67,124.39,117.46,2.38,326.34,38.11,364.44,432.38,780.23,54.78,-58.38,27.289999999999996,19.419999999999998,-20.66426927502877,0.38,0.47,-0.01,0.0,0.0,-3.0385782901056677,-1.8698943323727186,-4.440999039385207,-4.407608069164265,-2.671277617675312,-2.5,-2.38,-1.9,1.27,0.86,6,2016,,1041.0,-10.41
2016-09-30,223.70999999999998,3.83,0.005820668693009119,0.0,42.6,9.39,28.510000000000005,0.63,214.32000000000005,5.82,25.76,183.46,144.92,403.99,490.56,1081.61,131.22,118.97,2.37,258.53,39.02,297.55,432.38,784.06,-2.1099999999999994,54.47,-75.45,19.120000000000005,27.05874673629243,0.35,0.38,-0.01,0.0,0.0,1.420243161094225,-0.5587841945288754,1.9557446808510637,1.9324620060790274,-0.7916109422492401,-1.03,-1.0,0.49,1.56,1.0,9,2016,0.0,658.0,-6.58
2016-12-31,296.37,4.62,-0.0,,47.739999999999995,8.6,22.700000000000003,0.64,287.77,3.509999999999998,50.61,218.55,128.04,450.56,526.76,1112.52,115.87,157.3,2.3,284.58,39.25,323.83,432.39,788.7,45.89999999999999,-2.4299999999999997,-18.629999999999995,14.100000000000001,-0.0,0.35,0.41,0.0,0.0,0.0,1.6971428571428573,-9.428571428571429,2.357142857142857,2.357142857142857,-13.011428571428572,-0.21,-0.2,1.6,1.58,1.13,12,2016,,-inf,-1.96
2017-03-31,194.77,-5.48,-0.01,0.0,28.54,-4.24,13.51,0.76,199.01,-10.99,18.99,164.0,168.08,414.4,512.02,1087.68,129.09,124.14,2.3,264.63,40.73,305.36,432.39,782.34,-8.5,-36.0,12.89,17.75,-19.0,0.42,0.39,-0.01,0.0,0.0,-2.0,-1.52,-2.8,-2.8,-2.08,-2.93,-2.81,-3.05,1.57,0.93,3,2017,0.0,548.0,-5.48
2017-06-30,202.10999999999999,-9.94,-0.012892347600518807,0.0,24.560000000000002,-9.1,8.19,0.58,211.21000000000004,-13.38,4.17,176.63,144.43,393.05,514.01,1063.51,139.66,106.38,2.32,250.78,40.35,291.12,432.39,772.4,-7.08,-15.32,7.59,17.29,-11.246981891348089,0.32,0.38,-0.02,0.0,0.0,-3.7387808041504536,-3.119948119325551,-5.156939040207523,-5.131154345006485,-4.228690012970168,-4.01,-3.89,-4.18,1.57,0.99,6,2017,0.0,771.0,-15.42
2017-09-30,244.59000000000003,1.6799999999999997,0.0024454148471615717,0.0,37.449999999999996,5.109999999999999,23.279999999999998,0.6,239.48000000000002,-1.4800000000000004,14.59,207.19,149.49,436.57,510.56,1109.98,112.11,153.41,2.34,295.03,40.88,335.9,432.39,774.08,38.41,-19.85,-8.16,18.17,61.33928571428572,0.34,0.43,-0.02,0.0,0.0,0.6064628820960697,0.3668122270742358,0.8705676855895195,0.8607860262008732,0.49397379912663747,-2.21,-2.14,-1.63,1.48,0.97,9,2017,0.0,687.0,-13.74
