,revenue,net_profit,eps,dps,gross_profit,ebit,ebitda,close_price,expense,operating_profit,cash,account_receivable,inventory,current_asset,property_plant_equipment,total_asset,short_term_loan,account_payable,current_portion_long_term_debt,current_liability,non_current_liability,total_liability,paid_in_capital,total_equity,cash_flow_operation,cash_flow_investment,cash_flow_financing,depreciation,P/E,P/BV,D/E,EPS,DPS,DPR%,ROA%,ROAA%,ROE%,ROAE%,ROCE%,NPM%,NPMA%,TIE,CurrentRatio,QuickRatio,month,year,dividend,number_of_shares,return_old
2003-09-30,,,,,,,,,,,3647.55,318.82,3841.97,9110.5,8010.99,18082.47,110.55,8714.72,0.0,10722.97,536.51,11259.48,2000.0,5090.76,,,,,,0.0,2.21,2.55,0.0,0.0,,,,,,2.38,2.28,0.0,0.85,0.49,9,2003,,399.6901960784314,1019.21
2003-12-31,16363.25,320.23,0.7841742817894044,0.0,2834.0299999999997,443.8499999999999,812.4100000000003,5.6,15919.410000000003,-357.96000000000004,5556.2,344.04,4575.92,12207.35,8554.53,21712.2,241.18,9920.88,0.0,12399.38,554.02,12953.41,2200.0,6978.66,1246.2099999999998,-1049.62,1725.6799999999998,368.56000000000006,1.7881229116572461,1.77,1.86,3.28,0.0,0.0,5.900433315415397,0.0,18.351590814071553,0.0,20.445909932509107,2.29,2.19,0.0,0.98,0.62,12,2003,0.0,408.36585365853665,1339.44
2004-03-31,18236.66,528.18,1.2,0.0,2961.75,763.31,1128.99,6.6,17473.35,1828.81,6114.87,321.67,4126.82,12673.67,8759.91,22432.67,173.07,10010.14,0.0,12500.75,592.28,13093.04,2200.0,7493.11,1166.16,-533.54,-65.89,365.68,1.375,1.94,1.75,1.2,0.0,0.0,9.4,0.0,28.2,0.0,30.76,3.04,2.9,0.0,1.01,0.68,3,2004,0.0,440.15,528.18
2004-06-30,17874.210000000003,362.1600000000001,0.8216672282498823,1.75,3230.0299999999997,506.82000000000016,895.3299999999999,6.15,17367.39,-2254.0299999999997,4510.38,360.41,3925.28,11918.92,9417.59,22604.07,844.74,9783.48,0.0,12935.52,609.33,13544.85,2200.0,7206.34,-454.06000000000006,-1051.63,-112.02999999999999,388.51000000000005,1.8683962889330679,1.88,1.88,2.02,1.75,0.87,6.410631444167398,0.0,20.09423815620999,0.0,21.379618572680105,2.59,2.47,0.0,0.92,0.62,6,2004,771.3341584158416,440.76237623762376,890.34
2004-09-30,19823.899999999994,363.34000000000003,0.8259835045625679,-0.0034796371363891815,3820.8200000000006,498.8299999999999,909.97,5.8,19325.07,-222.17999999999995,5592.56,481.14,4916.24,13206.63,10425.52,24970.13,986.43,11251.25,0.0,14887.43,637.04,15524.47,2200.0,7612.12,2156.4500000000003,-1219.65,134.01999999999998,411.1399999999999,1.759720372103264,1.68,2.04,2.85,1.75,0.61,5.819560972496969,9.529241273690257,19.0932608002042,22.88409035798609,20.333685150915706,2.34,2.24,0.0,0.89,0.56,9,2004,-1.5306496439117154,439.8877192982456,1253.68
2004-12-31,22431.030000000006,442.24,1.003953016651729,0.00242729092650014,3875.24,824.0700000000002,1259.75,5.7,21606.960000000006,-468.0300000000001,7155.65,595.59,5734.97,15725.3,11854.73,29010.55,1263.75,13903.52,0.0,18498.47,583.86,19082.33,2200.0,7854.04,3484.51,-2138.52,287.44,435.68000000000006,1.4188910998552822,1.6,2.43,3.85,1.75,0.45,6.101948205104014,10.660155667720176,22.519839615076183,23.854966743714325,25.732489268361714,2.27,2.16,0.0,0.85,0.54,12,2004,1.069218500797433,440.4987012987013,1695.92
2005-03-31,24298.3,469.76,1.07,0.0,3961.81,583.92,1065.35,5.7,23714.37,-547.24,6876.38,503.2,6190.08,16354.7,13264.78,31103.53,1205.51,14507.18,0.0,19246.67,623.97,19870.64,2205.72,8391.99,873.49,-2004.45,847.45,481.43,1.3325,1.5,2.37,1.07,0.0,0.0,6.04,8.72,22.4,23.64,19.68,2.03,1.93,0.0,0.85,0.53,3,2005,0.0,439.02803738317755,469.76
2005-06-30,23565.579999999998,386.59000000000003,0.08577345711449758,2.25,4142.16,363.7900000000001,973.3800000000001,5.65,23201.8,-636.6199999999999,5939.75,600.56,6028.82,14932.71,14250.95,30721.29,1914.64,14063.25,0.0,19651.78,653.12,20304.89,4411.44,8027.2,628.81,-1226.9799999999998,-402.68000000000006,609.5899999999999,16.469547194702397,3.11,2.53,0.19,2.25,11.84,5.038062007356805,6.410437321188767,19.267427103403982,20.296708588777953,15.457279850528408,1.87,1.79,0.0,0.76,0.45,6,2005,10140.986842105263,4507.105263157895,856.35
2005-09-30,25635.060000000005,373.59000000000003,0.08504902678179424,-0.058629946005068566,4348.61,237.71000000000004,799.6700000000001,6.2,25397.350000000006,-841.3300000000002,6868.67,648.29,6916.37,16894.11,15587.71,33999.62,2626.55,15723.82,0.0,22741.27,730.24,23471.51,4423.54,8496.28,1848.7500000000002,-1697.81,787.97,561.96,18.222430739580822,3.23,2.76,0.28,2.25,8.04,4.398249670715645,4.884244109468755,17.59299868286258,18.552837699399973,12.793803600175618,1.75,1.67,0.0,0.74,0.44,9,2005,-257.5404135338358,4392.642857142857,1229.94
2005-12-31,25448.61,277.78999999999996,0.06264291351899876,0.02123769792052598,4850.42,193.66999999999985,743.7599999999998,5.9,25254.940000000002,-1147.92,8580.69,857.0,8133.08,21092.67,17535.54,40229.63,3983.03,20051.73,0.0,28966.06,741.57,29707.64,4423.54,8775.7,2531.6499999999996,-2024.7700000000004,1199.01,550.0900000000001,23.542168094603845,2.97,3.39,0.34,2.25,6.62,2.763657949367592,2.933162303595471,12.661238285369395,13.36136496587585,9.020579546735819,1.6,1.52,0.0,0.73,0.45,12,2005,94.17857142857247,4434.5,1507.73
2006-03-31,26123.77,489.04,0.11,0.0,4888.11,429.99,1080.88,6.7,25693.78,-923.38,6774.24,688.72,7181.42,18540.52,17432.41,37614.09,3625.06,18229.52,0.0,26261.42,778.93,27040.35,4434.57,9162.93,318.73,-1875.88,-155.72,650.89,15.2275,3.24,2.95,0.11,0.0,0.0,5.2,5.0,21.36,22.28,15.16,1.98,1.87,0.0,0.71,0.43,3,2006,0.0,4445.818181818182,489.04
2006-06-30,24980.640000000003,387.96999999999997,0.08847561601350043,0.3,5088.680000000001,92.91999999999996,776.5899999999999,7.2,24887.72,-1021.2099999999999,5938.23,738.69,6766.78,16660.45,17619.31,36285.26,4789.49,17079.76,0.0,26071.58,1210.8,27282.38,4434.57,8200.22,461.23,-1453.62,184.22,683.67,20.344588499110756,3.89,3.33,0.2,0.3,1.5,4.28221981505342,2.760439219621213,18.916086703686386,19.12842818211879,9.059903079782442,1.8,1.72,0.0,0.64,0.38,6,2006,1315.5149999999996,4385.049999999999,877.01
2006-09-30,26226.289999999994,382.4000000000001,0.08501758760054313,0.007526381400814719,5248.259999999998,51.690000000000055,760.0699999999999,6.0,26174.600000000006,-1055.9600000000003,7704.58,912.35,7295.14,19507.27,17730.63,39425.72,4261.95,20294.75,0.0,29102.7,1545.5,30648.2,4446.96,8624.26,3223.98,-1286.4700000000003,-145.15,708.3800000000001,17.644584401150624,3.09,3.55,0.28,0.3,1.07,3.874372920653322,1.90682303618361,17.73223969954185,17.865838765771276,6.764970899071789,1.71,1.63,0.0,0.67,0.42,9,2006,33.852857142857374,4497.892857142857,1259.41
2006-12-31,27542.740000000005,72.99000000000001,0.01643425397778445,-0.00382044216665947,5536.920000000002,-666.19,88.99000000000024,6.25,28208.929999999993,-2149.17,9952.27,970.38,7672.18,21801.06,17866.82,42970.37,6752.41,21558.27,0.0,33645.99,1288.21,34934.2,4446.96,8707.89,2088.2599999999998,-2160.1899999999996,2395.2200000000003,755.1799999999998,95.06059734210164,3.19,4.01,0.3,0.3,1.0,0.679282497748424,-0.048207145001501056,3.3525878114680276,3.3394404082858005,-0.21474091864305017,1.34,1.27,0.0,0.65,0.42,12,2006,-16.96785714285693,4441.333333333334,1332.4
2007-03-31,28333.58,583.29,0.13,0.0,5646.62,402.45,1158.66,6.0,27931.12,-913.8,10292.9,875.08,7333.04,22941.52,18154.44,44405.92,8315.43,22280.74,0.0,35267.18,1043.18,36310.35,4457.39,9324.05,1185.8,-2185.92,1402.15,756.21,11.5375,2.87,3.89,0.13,0.0,0.0,5.24,3.92,25.04,25.24,17.6,2.16,2.06,0.0,0.65,0.44,3,2007,0.0,4486.846153846153,583.29
2007-06-30,27877.509999999995,266.81000000000006,0.059632866721562185,0.25,5826.8,-296.64,500.7099999999998,9.85,28174.170000000002,-1417.5200000000002,8406.3,1021.63,6755.81,19604.94,17846.18,41184.35,9201.19,20532.54,0.0,33744.52,1048.56,34793.07,4457.39,8482.71,-899.26,-777.73,-194.10000000000014,797.3499999999999,41.29266519245905,5.18,4.1,0.19,0.25,1.32,2.58618327255617,0.3389657687330903,12.579396306316905,12.792819197741442,1.7827088577814376,1.58,1.51,0.0,0.58,0.38,6,2007,1118.5526315789473,4474.210526315789,850.1
2007-09-30,29055.300000000003,262.84000000000003,0.05904181716893993,-0.0012607668829737518,5934.969999999999,-92.6,706.6100000000001,11.3,29147.889999999992,-1367.3799999999997,10670.26,789.34,7172.66,21087.1,18479.31,43406.92,7880.96,23331.44,0.0,35245.44,2143.05,37388.5,4470.22,8803.78,3298.46,-483.9899999999998,-542.04,799.21,47.847443311520315,5.74,4.25,0.25,0.25,1.0,2.4183528312397797,0.028340072241091162,11.940617104246412,12.063424083957806,0.15114705195248623,1.36,1.31,0.0,0.6,0.39,9,2007,-5.61263157894723,4451.76,1112.94
2007-12-31,30091.619999999995,347.53,0.0785260224448294,-0.001473977555170591,7059.350000000002,88.24000000000001,723.5999999999999,10.9,30003.380000000005,-923.8900000000003,12082.39,885.79,7698.76,23218.62,18898.83,45219.92,7858.94,24887.74,0.0,37752.63,1836.22,39588.85,4470.22,9163.53,2441.9700000000003,-410.9000000000001,-681.98,635.3600000000001,34.70155389462781,5.32,4.32,0.33,0.25,0.76,3.074412757536957,0.21892103227043347,15.172179366916128,15.552911596951665,1.294489582120824,1.32,1.27,0.0,0.62,0.41,12,2007,-6.523333333333312,4425.666666666667,1460.47
2008-03-31,32860.36,1084.19,0.24,0.0,7260.37,1515.78,2228.51,10.4,31344.59,108.26,11232.92,613.11,7072.19,22000.28,18823.28,44619.47,7336.57,23833.35,0.0,35647.28,1964.5,37611.78,4481.56,10621.94,1073.77,-1594.65,-263.3,712.73,10.8325,4.39,3.54,0.24,0.0,0.0,9.72,13.64,40.84,43.48,67.56,3.45,3.3,0.0,0.62,0.42,3,2008,0.0,4517.458333333334,1084.19
2008-06-30,32138.269999999997,864.45,0.19519151818704328,0.35,7465.55,826.6000000000001,1579.6599999999999,10.7,31311.66,-491.58,10305.74,715.81,7232.1,21579.54,19706.36,45157.51,9403.7,23627.86,412.64,38459.82,1320.63,39780.45,4481.56,9610.52,531.02,-1384.4299999999998,-191.08999999999997,753.06,13.705513563537508,4.99,4.14,0.44,0.35,0.8,7.665703259709337,9.635363125051317,35.98621808030216,38.222048197717385,62.053158100008204,3.13,3.0,0.0,0.56,0.37,6,2008,1550.0545454545454,4428.727272727273,1948.64
2008-09-30,34243.280000000006,843.6600000000001,0.18732557389965263,0.0058271610565418545,7883.230000000001,895.8199999999997,1684.92,10.8,33347.45,-301.37000000000006,9699.49,767.54,7815.92,22991.55,20088.76,47177.36,4778.64,25088.43,100.92,37965.45,3449.13,41414.58,4493.15,10414.77,2038.13,102.63000000000011,-2779.8700000000003,789.0999999999999,14.413942227911718,4.66,3.98,0.62,0.35,0.56,7.154628370877054,8.641147441177525,32.40128152419153,35.12052372596068,42.48060595208251,2.93,2.81,0.0,0.61,0.4,9,2008,26.243841642228745,4503.709677419355,2792.3
2008-12-31,30212.550000000003,509.1699999999996,0.11412667690453032,-0.0033155856184102646,7119.619999999999,786.2800000000002,1548.6800000000003,12.3,29426.28,-653.9299999999998,11896.73,544.61,5443.91,20907.01,12659.92,40158.63,168.0,17733.3,0.0,21675.74,1583.36,23259.1,4493.15,16738.68,5792.389999999999,-2996.2200000000003,-598.6899999999996,762.4000000000001,26.941115639177507,3.3,1.39,0.74,0.35,0.47,5.070925860298591,5.817376017349843,12.165286857066691,15.724805374575556,13.429933817360135,2.66,2.55,0.0,0.96,0.71,12,2008,-14.792306015693157,4461.445945945946,3301.47
2009-03-31,27276.48,1246.61,0.28,0.6,6788.2,1722.86,2400.73,12.6,25553.62,483.03,12166.9,378.73,5199.67,20240.04,12869.95,39854.3,157.33,16262.22,0.0,19987.22,1645.48,21632.7,4493.15,18080.82,1005.44,-732.72,-11.13,677.87,11.25,3.13,1.2,0.28,0.6,2.14,12.52,16.32,27.56,34.76,34.68,4.81,4.57,0.0,1.01,0.75,3,2009,2671.3071428571425,4452.178571428571,1246.61
2009-06-30,28570.16,1234.39,0.2736455058444176,0.007811798238037732,7295.56,1680.26,2380.65,17.1,26889.91,625.6200000000001,10424.12,434.37,4926.68,17844.0,13067.68,37453.7,103.49,15697.16,0.0,19189.68,1734.55,20924.24,4493.15,16395.78,1760.0299999999997,-728.3,-2752.0,700.39,15.621944847252486,4.69,1.28,0.55,0.6,1.09,13.174787263200324,16.398828859330916,30.110956388553006,37.97204546553809,37.07647835550181,4.65,4.44,1242.01,0.93,0.67,6,2009,35.238311688312024,4510.909090909091,2481.0
2009-09-30,29679.789999999994,1415.9699999999998,0.31611582845133523,-0.0042372780530887605,7559.789999999999,1873.62,2599.42,20.1,27806.160000000003,708.3199999999999,10093.07,468.28,5275.64,18435.7,13171.97,39384.36,11.68,16632.16,0.0,19688.12,1847.84,21535.95,4493.15,17719.05,2324.23,-2556.22,-92.17000000000007,725.8,15.893699548719255,5.1,1.22,0.87,0.6,0.69,14.374186406361865,17.717020454352994,31.960400311010854,40.2593491866758,38.93674962855757,4.77,4.56,1707.68,0.94,0.67,9,2009,-18.979937304075065,4479.275862068966,3896.97
2009-12-31,32234.350000000006,1095.1,0.24349838844407232,0.0024126816855669407,8015.23,1512.8400000000001,2267.4700000000003,24.8,30721.509999999995,-163.57999999999993,12682.28,438.83,5900.34,23124.99,13491.49,44441.46,10.21,19189.03,0.0,23570.02,1934.9,25504.92,4493.15,18740.32,3915.6899999999996,-1321.3200000000006,-1.4800000000000182,754.6300000000001,25.459511414482694,5.95,1.36,1.11,0.6,0.54,9.854006854871827,14.0834203046031,23.375845290630938,24.692052795734032,28.544153427335758,4.44,4.24,2190.19,0.98,0.73,12,2009,10.850698974836178,4497.36036036036,4992.07
2010-03-31,33424.79,1675.89,0.37,0.0,8473.73,2301.55,3040.32,27.5,31123.24,928.73,15103.3,364.63,5725.39,24057.7,13739.35,45578.54,17.99,18481.9,0.0,23098.8,2055.64,25154.44,4493.15,20226.51,3227.39,-798.18,7.72,738.77,18.58,6.11,1.24,0.37,0.0,0.0,14.72,21.56,33.16,35.0,40.96,5.24,5.01,46031.0,1.04,0.79,3,2010,0.0,4529.4324324324325,1675.89
2010-06-30,34628.189999999995,1769.3499999999997,0.39544400390103446,0.8,9009.09,2391.62,3151.9099999999994,28.75,32236.569999999996,1030.76,13933.45,385.89,5468.47,21625.44,13824.32,41537.79,0.0,17718.97,0.0,22517.56,2178.46,24696.02,4493.15,16646.22,2404.3700000000003,37.479999999999905,-3612.56,760.29,18.176909825642188,7.76,1.48,0.77,0.8,1.04,17.029770349815976,24.404544240749555,42.523069510396944,42.8312076952549,50.678460136304004,5.29,5.06,42665.18,0.96,0.72,6,2010,3579.4701298701293,4474.337662337662,3445.24
2010-09-30,34734.09000000001,1670.2600000000002,0.3722209754667188,0.002307506978409426,8982.66,2268.7799999999997,3057.9799999999996,42.25,32465.309999999998,878.1200000000001,18182.21,426.4,5754.04,26497.02,14402.51,43464.65,0.0,18280.52,0.0,22895.9,2339.88,25235.78,4493.15,18034.63,2424.3599999999997,1858.39,-0.009999999999763531,789.2000000000003,28.375886089590843,10.53,1.4,1.14,0.8,0.7,15.372073267520282,21.954507359984362,37.03925215521455,37.37882216792103,44.20940357736292,5.2,4.98,63290.45,1.16,0.91,9,2010,10.354431533380193,4487.280701754386,5115.5
2010-12-31,38296.47999999998,1547.96,0.3438124938095224,0.40267543425229607,9651.289999999997,2195.29,3000.0200000000004,39.25,36101.19,556.8699999999999,15715.77,473.5,6517.56,30712.88,14524.79,47904.12,0.0,21612.7,0.0,27369.33,2576.6,29945.93,4493.15,17755.67,4283.79,-4970.3099999999995,-1797.31,804.7299999999996,28.539975063955143,9.93,1.69,1.48,1.2,0.81,12.925491321325557,18.426491222277914,34.87373754776047,33.93522236195611,41.43405161882866,4.94,4.72,57232.75,1.12,0.88,12,2010,1812.980844001895,4502.3378378378375,6663.46
2011-03-31,38900.86,2083.93,0.45999999999999996,0.0,9211.94,2942.8,3726.5,40.0,35958.06,1279.64,18380.92,376.17,6820.75,32233.72,14756.73,49993.43,3.2,21310.22,0.0,27150.03,2779.11,29929.13,4493.15,19859.15,3703.86,-1042.46,3.2,783.7,21.74,9.05,1.51,0.46,0.0,0.0,16.68,24.64,41.96,41.6,51.52,5.61,5.36,0.0,1.19,0.94,3,2011,0.0,4530.282608695652,2083.93
2011-06-30,40740.44,2169.78,0.484586631434677,1.0,9665.539999999999,2999.8199999999997,3808.51,44.25,37740.619999999995,1373.03,14821.08,423.66,6447.58,27941.12,14946.88,46666.05,0.04,20316.02,0.0,25918.85,2940.66,28859.5,4493.15,17599.3,2141.4900000000002,-1215.4699999999998,-4496.3099999999995,808.69,22.829251329627887,11.3,1.64,0.95,1.0,1.05,18.6081266470916,27.48371337021095,49.31561634432062,50.68266073615738,58.436046839112215,5.59,5.34,0.0,1.08,0.83,6,2011,4477.589473684211,4477.589473684211,4253.71
2011-09-30,41815.94,2173.0299999999997,0.4835161995039475,0.003701262635734216,10112.260000000002,2966.29,3796.289999999999,48.0,38849.65000000001,1251.2199999999998,14857.09,437.74,6519.54,31125.5,15171.67,50148.23,0.05,21643.36,0.0,27007.96,3098.07,30106.02,4493.15,19833.28,3735.41,-3714.86,0.009999999999308784,829.9999999999998,24.820833329498445,10.87,1.52,1.43,1.0,0.7,17.338958538854843,25.737939235133208,43.82076885014797,45.90360786339574,52.07097533119435,5.53,5.29,0.0,1.15,0.91,9,2011,16.634302539565397,4494.223776223776,6426.74
2011-12-31,40432.53999999999,1580.83,0.3514021607054325,0.000980531961840798,9507.560000000001,2085.870000000001,2965.4800000000014,51.75,38346.67,866.6300000000006,14201.71,476.65,8642.21,36404.05,14993.99,55340.87,2.17,24393.11,0.0,30479.09,3162.93,33642.01,4493.15,21490.6,3009.3600000000006,-3665.0199999999995,2.1200000000008004,879.6100000000001,36.81294951070008,10.82,1.57,1.78,1.0,0.56,11.426492731253052,16.819923647248793,29.42302136603239,32.226341973907196,34.91910909302073,5.15,4.95,0.0,1.19,0.91,12,2011,4.411055236897482,4498.634831460674,8007.57
2012-03-31,44674.45,2758.33,0.61,0.0,11048.21,3541.13,4364.19,65.5,41133.32,1978.0,19006.32,474.8,8338.28,40462.37,15502.05,60128.0,7.41,25960.79,0.0,32326.11,3466.35,35792.46,4493.15,24126.2,5868.23,-1052.03,5.23,823.06,26.845,12.2,1.48,0.61,0.0,0.0,18.36,25.72,45.72,50.16,50.96,6.41,6.17,0.0,1.25,0.99,3,2012,0.0,4521.852459016393,2758.33
2012-06-30,47723.8,2600.3900000000003,0.29115796309566466,1.25,11890.36,3325.8499999999995,4151.3,35.5,44397.950000000004,1365.06,18561.82,507.53,8226.44,38106.86,16003.21,58586.81,0.44,26969.87,0.0,33549.37,3579.22,37128.58,8983.1,21243.67,4556.030000000001,581.74,-5619.419999999999,825.45,30.4834527128623,15.01,1.75,0.6,1.25,2.08,17.760635748835544,25.330742789322827,48.9727693926908,53.55365467872925,53.24308618476055,6.05,5.8,686698.0,1.14,0.89,6,2012,11164.0,8931.2,5358.72
2012-09-30,51246.01000000001,2902.4800000000005,0.3232316854694234,0.006732678061298557,12521.86,3670.25,4520.040000000001,35.5,47575.749999999985,983.5999999999999,20871.76,526.47,8312.72,43383.24,16790.06,64783.28,21.14,29933.0,0.0,36884.2,3660.17,40544.37,8983.1,24006.2,6240.719999999999,-3905.2700000000004,20.6899999999996,849.7900000000002,27.45925105427083,13.28,1.69,0.92,1.25,1.36,17.918278216239774,25.774213528300976,48.35827085653416,52.96783576235898,53.080264174696175,6.02,5.75,526861.5,1.18,0.95,9,2012,60.45652173913004,8979.565217391304,8261.2
2012-12-31,54171.34,2762.029999999999,0.30819432235379274,-0.0024533663671293545,13150.449999999997,3450.92,4321.0599999999995,46.0,50720.43000000002,910.4700000000003,23084.98,541.2,9148.33,48854.22,18094.25,71798.47,0.0,32579.81,0.0,41024.7,3787.67,44812.37,8983.1,26743.77,6366.610000000001,-4126.679999999999,-21.140000000000327,870.1399999999999,37.31574258787922,15.45,1.68,1.23,1.25,1.02,15.384659668717784,22.0496750952307,41.31307306479134,45.813211300136146,45.552624230828876,5.84,5.57,466271.67,1.19,0.97,12,2012,-21.987009544009197,8961.975609756097,11023.23
2013-03-31,52904.99,3185.74,0.35,0.0,13050.23,3934.59,4824.37,46.25,48970.4,1468.71,22569.85,539.43,9486.32,48591.69,19581.28,73445.33,0.02,31535.4,0.0,39148.06,3937.99,43086.05,8983.1,30096.96,2180.33,-2637.3,0.01,889.78,33.035,13.8,1.43,0.35,0.0,0.0,17.36,23.56,42.32,47.0,45.88,6.32,6.02,393459.0,1.24,1.0,3,2013,0.0,9102.114285714286,3185.74
2013-06-30,53629.74,2649.21,0.2951158964515549,0.9,13426.740000000002,3319.2200000000003,4252.54,39.0,50310.52,802.81,32065.81,739.81,16553.73,60595.24,38506.76,232952.92,143332.79,45337.36,0.0,200245.26,4495.3,204740.56,8983.1,23184.01,1252.2400000000002,-124229.75,132399.06999999998,933.3199999999999,33.03786789269254,15.11,8.83,0.65,0.9,1.38,4.540244560793152,9.044167165099958,45.711182238065454,47.708889844814436,40.28104974335684,5.75,5.48,270.66,0.3,0.22,6,2013,8079.161538461537,8976.846153846152,5834.95
2013-09-30,86155.71,2659.580000000001,0.29743858694948405,-0.0035465719160989472,17212.739999999998,4191.069999999999,5519.57,35.25,81964.64,777.19,18314.2,719.92,17326.92,44849.22,40527.97,277647.32,186157.18,46008.04,0.0,242226.98,4658.59,246885.57,8983.1,26524.0,6806.93,-61085.34999999999,40511.080000000016,1328.5,29.63174714616593,11.94,9.31,0.95,0.9,0.95,3.8322613729070363,8.365851624516013,40.11350711575568,42.104780182070115,40.46417155510665,4.62,4.41,12.31,0.19,0.11,9,2013,-31.712064777326304,8941.61052631579,8494.53
2013-12-31,91979.84999999998,2042.4599999999991,0.22678945315502805,0.006432113515289897,17939.059999999998,3689.790000000001,5163.510000000002,42.0,88290.06,270.8499999999999,24632.25,848.22,19915.86,53962.58,71272.53,288665.48,135143.34,54734.08,27.87,200798.28,54859.78,255658.06,8983.1,28780.95,11384.61,-3456.4500000000116,-1733.0899999999965,1473.7199999999998,46.301756337945434,13.11,8.88,1.17,0.9,0.77,2.8300222359516316,6.512927885477729,28.385510700873766,29.424477768319026,13.351502165229341,3.87,3.7,8.85,0.27,0.17,12,2013,57.92744939271324,9005.97435897436,10536.99
2014-03-31,89325.9,2705.2,0.29999999999999993,0.0,18006.2,4725.28,6211.25,43.5,84600.62,1557.39,20673.11,687.73,19923.82,49723.02,73592.4,302815.74,3228.14,49618.68,33.02,63401.51,203768.34,267169.84,8983.1,31388.18,-803.86,-3771.13,633.17,1485.97,36.25,12.45,8.51,0.3,0.0,0.0,3.56,10.04,34.48,35.2,7.88,3.14,3.03,6.03,0.78,0.47,3,2014,0.0,9017.333333333334,2705.2
2014-06-30,92133.9,2245.3600000000006,0.2494562231343525,0.9,18914.59,5236.830000000001,6761.469999999999,48.0,86897.07,2048.0599999999995,14859.68,782.01,19609.04,43774.32,74919.95,298528.77,7184.52,48383.93,35.95,65542.08,203221.73,268763.81,8983.1,25516.22,4966.24,-3462.6499999999996,-7315.86,1524.64,48.10312947589695,16.9,10.53,0.55,0.9,1.64,3.0116169483856376,6.803351540027796,35.19600530041046,36.88323648233735,7.764891891018392,2.83,2.73,3.01,0.67,0.37,6,2014,8100.916363636365,9001.018181818183,4950.56
2014-09-30,91301.81,2687.6499999999996,0.2990887262853469,-0.001491175169432258,18830.64,5727.17,7346.76,44.75,85574.63,2097.7799999999997,14460.22,776.4,19350.56,43060.7,77397.31,300360.47,5663.43,47915.31,54.48,65249.42,202657.84,267907.26,8983.1,28211.84,7615.320000000001,-3478.330000000001,-4529.71,1619.5899999999997,37.40737786728183,14.25,9.5,0.85,0.9,1.06,3.5749899518342643,7.642596629314982,38.10038503785572,39.28266517940721,9.387867314462419,2.91,2.8,2.93,0.66,0.36,9,2014,-13.399893048128433,8986.129411764707,7638.21
2014-12-31,98539.47000000003,2515.5600000000004,0.2799534360144065,-4.930304356950081e-05,20571.499999999993,5359.139999999998,7038.709999999999,42.5,93180.33000000002,1810.4700000000003,32204.38,910.18,22167.15,64684.15,80201.06,326410.05,14726.39,59311.73,4974.8,92014.8,199337.4,291352.2,8983.1,30782.21,14592.880000000001,-5245.859999999999,8382.529999999999,1679.5700000000006,37.952115006201396,12.4,9.46,1.13,0.9,0.8,3.081965260193997,6.778341601198374,32.69261541279742,33.78269958842874,8.89905081560839,2.84,2.73,2.85,0.7,0.46,12,2014,-0.44301926080061094,8985.637168141595,10153.77
2015-03-31,98780.71,3408.34,0.38,0.0,20428.77,6551.03,8254.95,41.0,92229.68,3343.31,19069.57,705.44,22111.37,50432.98,82040.38,314399.92,4850.31,54722.18,5795.33,77900.0,198045.04,275945.04,8983.1,34142.06,4198.68,-4355.88,-12967.28,1703.92,26.9725,10.79,8.08,0.38,0.0,0.0,4.32,8.48,39.92,41.6,11.08,3.57,3.45,2.67,0.65,0.36,3,2015,0.0,8969.315789473685,3408.34
2015-06-30,100676.15999999999,3139.5999999999995,0.3500197008524818,0.8,21157.52,6051.2300000000005,7841.949999999999,46.25,94624.92000000001,2703.44,15566.09,704.18,21415.05,46904.13,83709.63,312721.0,16735.86,52710.42,63.7,81863.83,196292.88,278156.71,8983.1,30265.21,4716.42,-3529.74,-4742.300000000001,1790.7199999999998,33.03585475856797,13.73,9.19,0.73,0.8,1.1,4.008444793324312,7.901814616505344,41.5037058983436,45.032671649404236,10.471822283038634,3.4,3.28,2.99,0.57,0.31,6,2015,7175.824657534246,8969.780821917808,6547.94
2015-09-30,100037.02000000002,3257.9000000000005,0.3621424579638257,0.002347899138439061,21295.799999999996,6088.26,7973.969999999999,47.75,93948.75999999998,2389.58,14480.17,784.36,22072.29,46556.02,86448.8,315428.29,13437.42,53393.39,73.64,80698.15,196777.84,277475.99,8983.1,33655.68,8825.179999999998,-4305.349999999999,-5719.429999999997,1885.7100000000005,32.9655491574327,12.75,8.24,1.09,0.8,0.73,4.133075391807331,8.066806311340999,38.72598614703075,42.12813180716798,10.578546661989185,3.39,3.27,2.84,0.58,0.3,9,2015,21.122131456579154,8996.183486238531,9805.84
2015-12-31,106399.34999999998,3876.619999999999,0.4306581126493334,0.000483018458226485,22416.559999999998,6778.700000000001,8755.850000000002,39.25,99620.65000000002,2961.1499999999996,21518.25,854.06,25072.22,56972.91,89447.35,329082.94,11881.37,62623.57,11921.39,101131.04,186276.16,287407.2,8983.1,37349.44,13678.600000000002,-5218.340000000002,-1350.6000000000022,1977.1499999999996,22.782805459395046,9.44,7.7,1.52,0.8,0.53,4.71457302268744,8.805825092856107,41.51317543775023,45.51376264209797,12.659081890244881,3.49,3.37,3.06,0.56,0.32,12,2015,4.347947851279969,9001.618421052632,13682.46
2016-03-31,108785.53,4064.68,0.44999999999999996,0.0,22716.04,7113.13,9053.1,45.75,101672.41,3296.36,21511.03,830.33,24671.55,56340.48,91367.98,330560.62,6670.77,58512.41,25509.05,105159.3,179787.04,284946.34,8983.1,41253.54,4820.49,-4226.91,-544.06,1939.97,25.4175,9.96,6.91,0.45,0.0,0.0,4.92,8.84,39.4,43.12,12.64,3.87,3.74,3.09,0.54,0.3,3,2016,0.0,9032.622222222222,4064.68
2016-06-30,114628.65,4195.949999999999,0.4673098783022602,0.9,23962.299999999996,7142.46,9184.089999999998,50.25,107486.18,2511.4900000000002,17066.36,786.48,23560.94,50335.08,93588.67,326767.16,8196.95,57787.76,25510.78,105286.83,179964.76,285251.58,8983.1,37168.08,8223.39,-4275.639999999999,-8402.470000000001,2041.6299999999999,26.882804287467682,12.14,7.67,0.92,0.9,0.98,5.140408661324861,9.061748074904697,45.16651562895323,49.778660949588584,13.084676592463284,3.84,3.7,3.51,0.48,0.25,6,2016,8081.051086956521,8978.945652173912,8260.63
2016-09-30,113027.62,4115.17,0.45887414146964234,-0.0011013833449149669,24042.449999999997,7144.98,9291.030000000002,61.5,105882.63999999998,2759.3999999999996,30193.26,946.6,23087.81,62037.31,96179.38,341104.72,4874.88,57202.44,31875.63,109308.85,186429.8,295738.65,8983.1,41017.47,11196.730000000001,-4437.8200000000015,6399.700000000001,2146.0499999999997,33.509515159762536,13.47,7.21,1.38,0.9,0.65,4.828154010245802,8.672056238788603,40.12821115402642,44.091819680343896,12.276545871782028,3.82,3.68,3.3,0.57,0.36,9,2016,-9.877173913042498,8967.971014492754,12375.8
2016-12-31,115497.04999999999,4300.709999999999,0.4770970364902488,0.004628502058857802,24303.030000000013,7184.18,9370.54,62.5,108312.87,2790.5200000000004,33443.17,1026.4,26704.52,69899.13,99127.34,352268.05,3515.92,66958.8,28038.13,113818.11,178846.74,292664.85,8983.1,55196.17,13698.839999999997,-5853.789999999999,-4686.06,2186.3600000000006,32.746483010944715,10.17,5.3,1.85,0.9,0.49,4.879284286700274,8.65479813222311,31.16346264296306,37.17746420564014,12.368418308147207,3.84,3.69,3.46,0.61,0.38,12,2016,41.72284371327714,9014.329729729729,16676.51
2017-03-31,117512.53,4764.99,0.52,0.0,24894.44,7799.57,10086.34,59.0,109712.96,3615.86,23299.1,1345.64,26807.92,59649.2,100366.88,346106.6,5532.5,61872.7,14466.91,96938.82,184762.97,281701.79,8983.1,59764.98,4950.85,-5856.13,-9138.73,2286.77,28.365,8.87,4.71,0.52,0.0,0.0,5.5200000000000005,9.24,31.88,37.72,12.52,4.2,4.05,3.02,0.62,0.34,3,2017,0.0,9163.442307692307,4764.99
2017-06-30,120646.9,4647.18,0.503616445516815,1.0,25800.680000000004,7556.02,9920.779999999999,62.75,113090.87999999999,3056.3799999999997,18591.65,1317.73,24296.88,52188.72,102415.22,341434.72,7510.96,59310.76,16972.8,98438.45,183036.81,281475.26,8983.1,55225.34,8364.01,-5005.599999999999,-8056.010000000002,2364.7599999999998,31.14989619511187,10.21,5.1,1.02,1.0,0.98,5.450907410299644,9.084845683832741,33.65342835924128,40.23006664775498,12.481787983004985,4.1,3.95,3.54,0.53,0.28,6,2017,9227.617647058823,9227.617647058823,9412.17
2017-09-30,123210.52000000002,4970.34,0.5356524695619889,0.005541636825479255,26499.749999999993,7848.490000000002,10276.310000000001,66.75,115362.03,2875.25,28709.12,1449.92,24929.01,63550.17,104282.64,354826.73,6738.58,66372.69,10623.39,99967.78,179944.24,279912.03,8983.1,70113.61,17267.13,-4334.280000000001,-2770.239999999998,2427.8200000000006,31.15032777435749,8.55,3.99,1.55,1.0,0.65,5.598432262518851,9.22013412123475,28.35156684055843,35.77467332197231,12.57919347874606,4.14,3.98,3.38,0.64,0.39,9,2017,51.4210626185959,9279.03870967742,14382.51
