,revenue,net_profit,eps,dps,gross_profit,ebit,ebitda,close_price,expense,operating_profit,cash,account_receivable,inventory,current_asset,property_plant_equipment,total_asset,short_term_loan,account_payable,current_portion_long_term_debt,current_liability,non_current_liability,total_liability,paid_in_capital,total_equity,cash_flow_operation,cash_flow_investment,cash_flow_financing,depreciation,P/E,P/BV,D/E,EPS,DPS,DPR%,ROA%,ROAA%,ROE%,ROAE%,ROCE%,NPM%,NPMA%,TIE,CurrentRatio,QuickRatio,month,year,dividend,number_of_shares,return_old
2000-03-31,12336.34,656.93,3.75,0.0,1862.5,1107.14,1402.42,7.62,11229.2,920.04,2047.71,4415.18,8525.91,15306.68,14751.62,43694.47,4000.87,1450.4,3749.73,13178.76,7135.0,20313.76,1918.19,23370.67,-315.56,-642.68,1990.39,295.28,0.5075,0.63,0.87,3.75,0.0,0.0,6.0,0.0,11.240000000000002,0.0,14.52,5.41,5.33,0.0,1.16,0.51,3,2000,0.0,175.18133333333333,656.93
2000-06-30,14892.43,1022.0100000000001,3.122750842793667,12.0,2258.12,1560.51,1867.71,5.85,13331.919999999998,1282.5300000000002,2536.23,5808.24,9042.36,17781.2,15003.13,44922.08,5239.9,1831.37,3833.82,12849.02,7156.12,20005.14,1918.19,24906.8,-210.48999999999995,-216.68000000000006,1124.97,307.20000000000005,0.4681929726715002,0.45,0.8,5.13,12.0,2.34,9.106501483078612,0.0,16.411181817098885,0.0,20.258313459682896,6.28,6.17,0.0,1.38,0.68,6,2000,3927.3450292397665,327.2787524366472,1678.94
2000-09-30,20610.219999999998,873.54,2.6112291575252304,2.760185163801706,2059.3900000000003,1143.5099999999998,1638.2399999999998,4.78,19466.710000000003,722.46,2141.78,8409.85,9641.12,20639.71,18357.74,49337.48,12911.46,2275.25,10.0,17348.96,8165.04,25514.0,3820.29,23740.14,-1708.8500000000001,-661.59,1726.2999999999997,494.73,0.46021430043272205,0.77,1.07,7.63,14.5,1.9,7.077355042938631,0.0,14.71597035040431,0.0,16.303926220773523,5.44,5.34,0.0,1.19,0.63,9,2000,923.3705670905083,334.5321100917431,2552.48
2000-12-31,15391.29,835.8600000000001,2.4718054268461844,1.4054624756578886,2702.949999999999,1748.2300000000005,2102.4300000000003,3.88,13643.059999999998,1419.9900000000002,1550.34,7783.96,11067.04,21142.46,11990.57,50078.14,12859.76,2121.47,33.12,17412.26,10524.69,27936.96,3820.37,22073.14,864.6200000000001,-168.1099999999999,-840.3399999999997,354.20000000000005,0.39523742014212904,0.67,1.27,10.02,15.75,1.57,6.680288518861744,0.0,15.146592136562449,0.0,16.79446242112657,5.47,5.36,0.0,1.21,0.58,12,2000,475.2679366038574,338.1576846307386,3388.34
2001-03-31,16253.62,707.44,2.03,1.25,1932.21,1209.26,1621.09,3.98,15044.36,673.48,1885.35,7773.51,10629.87,21086.9,19822.38,50922.54,6125.03,2306.61,56.25,10666.73,17598.08,28264.8,3820.38,22599.53,1129.23,-597.38,-193.96,411.83,0.49,0.67,1.25,2.03,1.25,0.62,5.56,10.24,12.52,12.32,12.0,4.5,4.35,0.0,1.98,0.98,3,2001,435.61576354679806,348.49261083743846,707.44
2001-06-30,19580.079999999994,1066.1499999999999,3.053717037195744,1.0022888160072314,2970.4399999999996,1838.05,2282.49,4.98,17742.03,1355.05,1698.73,7812.73,11037.21,21672.49,12992.88,51441.36,5613.66,2491.26,79.87,10248.55,18187.98,28436.53,3820.38,22951.62,1115.0,-773.64,-343.41999999999996,444.44,0.4075688692960653,0.83,1.24,5.08,2.25,0.44,8.295530534114423,15.196450137855985,18.586797399624487,17.817356886315324,17.79331187027441,5.1,4.95,0.0,2.11,1.04,6,2001,349.93098842170576,349.1318897637795,1773.59
2001-09-30,20860.170000000006,1192.4600000000003,0.3417309215960621,3.624880821573059,3111.9400000000005,1879.06,2335.8,5.3,18981.11,1636.51,1694.67,7785.06,11754.08,22426.34,13386.13,51241.54,5486.66,2957.76,136.74,10535.58,18268.01,28803.59,3820.38,22387.9,1106.96,-949.79,-183.58000000000004,456.74,3.880245878268453,0.9,1.29,0.85,3.85,4.53,9.311162522546823,15.759826031253692,21.307928052460348,20.680751302236985,19.458560712058127,5.35,5.23,0.0,2.13,1.01,9,2001,12648.91501273738,3489.4705882352946,2966.05
2001-12-31,19697.05999999999,620.9699999999998,0.17830932082898893,0.16234221787247835,2568.8999999999996,1164.2799999999997,1644.0500000000002,5.45,18532.78,899.2799999999997,1302.02,7610.1,12764.74,22765.39,13605.62,51961.07,6252.84,2388.34,148.75,10862.55,18576.28,29438.82,3821.3,22478.58,-257.7600000000002,-514.96,291.74,479.77,7.639393126882139,0.93,1.31,1.03,4.02,3.9,4.777997334835043,8.268012779410205,11.051715574488012,11.148660447948433,10.262307319167439,4.79,4.7,0.0,2.1,0.92,12,2001,565.363866362075,3482.5436893203882,3587.02
2002-03-31,17943.34,761.93,0.22,0.12,2473.34,1363.24,1843.83,6.6,16580.1,1038.21,1818.68,6783.03,12822.6,22131.84,21080.45,51540.82,4685.04,2633.39,1561.25,11281.87,17139.52,28421.39,4259.0,23081.88,2297.48,-761.76,-1171.18,480.59,7.5,1.22,1.23,0.22,0.12,0.55,5.92,10.64,13.2,13.36,13.56,4.33,4.25,0.0,1.96,0.83,3,2002,415.5981818181818,3463.3181818181815,761.93
2002-06-30,18987.320000000003,892.61,0.253560929321745,0.11194232508458823,2536.2299999999996,1458.3500000000001,1949.8200000000002,5.3,17528.97,1045.12,2289.36,7041.36,12255.48,22967.21,21515.22,53133.23,5216.5,3172.55,1591.24,12016.42,16944.44,28960.86,4757.92,24142.57,2014.1299999999997,-1544.8700000000001,632.7600000000001,491.46999999999997,5.227146010015572,1.04,1.2,0.47,0.23,0.49,6.711272256941506,11.653012922020624,14.782062688118753,15.170496452186107,14.803642341678051,4.57,4.48,0.0,1.91,0.89,6,2002,394.07032882011623,3520.297872340426,1654.54
2002-09-30,19888.009999999995,679.7400000000002,0.1834553695357884,0.13147815956006662,2544.8200000000006,1199.71,1710.1600000000003,4.12,18688.309999999998,924.44,2660.02,7097.02,11964.2,23016.75,22479.12,54456.8,3386.18,3080.42,4723.39,13026.91,13894.88,26921.8,4374.44,27511.82,1180.33,-1444.8199999999997,551.8399999999999,510.45000000000005,5.6147170977138305,0.66,0.98,0.63,0.35,0.56,4.99697482735576,8.864097537570474,9.877470055006258,10.902490532412566,11.310169131380988,4.18,4.11,0.0,1.77,0.85,9,2002,487.1537115839243,3705.2063492063494,2334.28
2002-12-31,19859.86,274.40999999999985,0.07047778770187332,0.09693210427881849,2015.409999999999,683.46,1221.7599999999993,4.2,19176.390000000007,230.1199999999999,1275.3,8218.84,14041.01,25084.94,23775.04,57281.67,5877.04,4123.56,4738.25,16625.1,13904.39,30529.49,4849.59,26737.64,-1859.2699999999995,-1771.0100000000002,1991.4499999999998,538.3,14.901503498414787,0.76,1.14,0.67,0.43,0.64,1.9144712480210364,3.622768669332115,4.106646017733036,4.460086863521536,4.868226887824921,3.47,3.4,0.0,1.51,0.66,12,2002,377.4116583747925,3893.567164179104,2608.69
2003-03-31,17826.98,-826.21,-0.15,0.03,1000.05,-480.7,90.39,3.32,18307.68,-680.98,2174.24,7133.63,15498.28,26146.57,24725.29,59211.38,7927.56,3992.77,5966.27,19790.53,11207.1,30997.64,5708.16,28183.49,-703.14,-1497.64,3068.5,571.09,-5.532500000000001,0.67,1.1,-0.15,0.03,-0.2,-5.6,-3.48,-11.72,-12.88,-4.88,-4.75,-4.63,0.0,1.32,0.54,3,2003,165.24200000000002,5508.0666666666675,-826.21
2003-06-30,20906.079999999998,900.24,0.12160475482912333,0.007679049034175332,2720.7200000000003,1398.46,2000.0399999999997,4.86,19507.620000000003,940.1600000000001,2263.48,7529.05,15447.61,25871.16,25311.16,60137.04,8516.68,3437.22,5969.77,19624.1,11260.17,30884.28,5708.17,29215.54,405.49,-1321.28,475.3899999999999,601.58,9.991385630498534,0.95,1.06,0.01,0.03,3.0,5.83702823179792,78.79988112927191,12.160475482912334,13.619732540861813,110.41711738484398,0.2,0.19,0.0,1.32,0.53,6,2003,56.847999999999985,7403.0,74.03
2003-09-30,24197.950000000004,1504.51,0.2763996477757928,0.039198943327378465,3389.69,1918.05,2570.06,4.92,22279.899999999994,1346.07,2039.72,8135.45,14409.52,25407.11,25889.58,60210.6,10028.01,4144.81,5494.52,21535.84,8524.87,30060.71,5714.07,30109.23,3237.59,-1386.9499999999998,-2052.58,652.01,4.451253863384092,0.93,1.0,0.29,0.08,0.28,9.988511409276928,18.871424227450685,19.977022818553856,20.8920009629151,27.944957492366367,2.57,2.51,0.0,1.18,0.51,9,2003,213.3693103448276,5443.241379310345,1578.54
2003-12-31,22335.049999999996,663.9000000000001,0.12434580189436507,0.13844022121223862,2464.669999999999,-39.36000000000013,593.04,4.4,22374.410000000003,250.45000000000005,1318.3,7821.0,18324.48,29607.22,24684.14,64720.82,14126.48,4183.24,5507.4,25375.42,8841.43,34216.85,5718.53,30461.03,-3070.0,-1279.62,3673.2900000000004,632.3999999999999,8.849514685946678,0.83,1.12,0.42,0.22,0.52,4.097490233852412,5.423845454058972,8.716048589928828,9.284486541445926,8.419987156847007,2.7,2.63,0.0,1.17,0.44,12,2003,739.152118226601,5339.142857142858,2242.44
2004-03-31,19636.29,-598.37,-0.11,0.04,1647.87,-206.77,326.79,3.7,19843.06,-526.39,2979.78,7787.33,17550.6,30349.17,26550.21,66630.38,14553.62,4036.06,5532.08,26096.4,10359.68,36456.09,5727.55,29787.82,1680.91,-724.28,1406.68,533.56,-8.41,0.71,1.22,-0.11,0.04,-0.36,-3.6,-1.3199999999999998,-8.04,-8.24,-2.04,-3.13,-3.05,0.0,1.16,0.49,3,2004,217.5890909090909,5439.727272727273,-598.37
2004-06-30,23395.78,901.27,0.1785282271376692,-0.0031011735046069812,3259.3199999999997,1502.25,2142.17,4.14,21893.529999999995,1188.24,2420.4,8138.3,18602.4,30616.06,27666.28,68351.86,14051.37,4880.34,5635.97,26789.38,10403.52,37192.9,5727.55,30793.29,1553.2299999999998,-1696.1499999999999,-522.4300000000001,639.9200000000001,5.797402554173555,0.77,1.21,0.06,0.04,0.67,5.236827996038297,24.041801254539454,11.663844172994388,12.020900627269727,37.133871244635195,0.72,0.7,0.0,1.14,0.45,6,2004,-15.655757575757576,5048.333333333333,302.9
2004-09-30,24846.310000000005,554.13,0.10345122107744187,0.0723008140516279,2571.05,464.49,1154.1,3.56,24381.820000000007,258.03,2338.54,8071.87,17963.84,29697.73,29282.4,69407.62,15928.03,4752.18,4257.5,27201.12,11002.64,38203.77,5727.55,30819.22,1434.69,-2323.48,568.95,689.6099999999999,8.603088399833974,0.66,1.24,0.16,0.11,0.69,3.1811250481313373,7.034683033266047,7.189859864882209,7.267448280690291,10.784789797323313,1.28,1.26,0.0,1.09,0.43,9,2004,387.27479166666666,5356.4375,857.03
2004-12-31,25661.149999999994,379.49,0.07058737424384563,0.04040381979264386,2931.540000000001,866.22,1605.4699999999998,3.78,24794.929999999993,328.42999999999995,1544.07,9006.61,18307.31,30035.26,31078.21,72217.99,12417.04,4949.36,4595.44,24039.15,16550.42,40589.57,5727.56,31207.56,-327.02999999999975,-2737.75,2148.3199999999997,739.2500000000002,13.383767424701572,0.69,1.3,0.23,0.15,0.65,2.0992071296865396,4.7140089929802995,4.861321774010935,4.9227020994403645,6.690455471807978,1.35,1.32,0.0,1.25,0.49,12,2004,217.21796195652166,5376.173913043478,1236.52
2005-03-31,24117.68,1272.02,0.24000000000000002,0.0,3703.11,1782.22,2521.14,4.02,22335.46,1252.11,2183.71,9124.01,18008.27,30583.42,31542.54,73639.98,14836.38,4613.7,6253.46,28242.58,12297.17,40539.74,5727.85,32682.73,1911.24,-1318.17,-28.44,738.92,4.1875,0.7,1.24,0.24,0.0,0.0,6.92,10.159999999999998,15.56,16.28,15.72,5.42,5.27,0.0,1.08,0.45,3,2005,0.0,5300.083333333333,1272.02
2005-06-30,30494.93,2732.56,0.5049454374740922,0.12000000000000001,5455.41,3679.9799999999996,4465.76,4.24,26814.940000000002,2353.6000000000004,3852.25,11227.93,20020.79,37339.99,34141.43,82586.72,12678.99,5065.55,6332.82,27434.29,16941.28,44375.57,5730.98,37555.33,83.86999999999989,-319.91999999999985,2972.71,785.7800000000001,2.0993357327926927,0.65,1.18,0.74,0.12,0.16,13.237758766212686,19.761107931418525,29.09577493769634,31.988975822683027,27.021404491856828,7.61,7.33,0.0,1.36,0.63,6,2005,649.3913513513513,5411.594594594594,4004.58
2005-09-30,31268.899999999994,2050.2200000000003,0.35215511660170445,0.18845758647595207,5546.049999999999,2984.7200000000003,3809.58,6.25,28284.189999999995,2600.5,1937.82,11613.32,21248.42,37037.46,35290.63,83912.27,8733.1,5732.53,6137.45,24457.82,15510.97,39968.8,7519.94,43207.23,1603.97,-2461.08,-1609.79,824.8599999999999,4.437249173259454,1.09,0.93,1.04,0.3,0.29,9.7790766994781,14.925959172887627,18.97574301380723,22.15868349078417,19.24663156503931,7.26,7.05,0.0,1.51,0.65,9,2005,1097.1855717255717,5821.923076923077,6054.8
2005-12-31,30637.020000000004,692.4799999999996,0.11289408472747531,0.1552579090560025,4238.560000000001,1218.75,2069.34,6.1,29418.270000000004,609.3500000000004,2535.37,12191.38,23866.54,39533.54,37364.34,89098.46,14865.28,6166.71,5788.7,29751.5,15557.82,45309.32,7519.94,43065.25,-711.2399999999998,-3149.59,3704.1200000000003,850.5900000000001,13.519308860905737,1.07,1.05,1.1,0.44,0.4,3.107666259589047,4.918076854673288,6.432910209743774,7.459220070902641,6.687435055311172,5.95,5.79,0.0,1.33,0.53,12,2005,952.3350769230767,6133.890909090908,6747.28
2006-03-31,28177.14,549.64,0.08,0.0,3639.87,1268.5,2134.03,5.45,26908.64,556.33,1953.46,11002.91,24833.22,38940.55,39194.35,90239.32,19677.01,6188.24,3028.01,32470.45,13871.27,46341.72,7519.94,43207.72,2074.52,-2817.82,166.88,865.53,17.0325,0.95,1.07,0.08,0.0,0.0,2.44,6.2,5.08,5.799999999999999,8.799999999999999,2.0,1.95,0.0,1.2,0.43,3,2006,0.0,6870.5,549.64
2006-06-30,32457.07,1023.2400000000001,0.14312140786328265,0.11,4766.070000000001,1710.3600000000001,2607.98,5.4,30746.699999999997,1181.9099999999999,2166.82,12012.9,24241.2,39603.11,39811.62,90903.56,21016.08,6590.71,3044.67,33939.63,14017.84,47957.47,7519.94,42330.71,1548.19,-1459.6199999999994,175.0,897.6200000000001,9.434297916422345,0.96,1.13,0.22,0.11,0.5,4.501818829154163,8.925571435837446,9.6802115863893,10.25269721784243,13.609544784090334,2.65,2.59,0.0,1.17,0.45,6,2006,786.44,7149.454545454546,1572.88
2006-09-30,33313.939999999995,681.2399999999998,0.09368817986620052,0.07184408993310026,4491.049999999999,1419.0300000000002,2383.0699999999997,4.78,31894.910000000003,725.5400000000002,2625.62,11960.67,26103.12,42131.32,40935.88,94932.92,20052.22,6353.58,2161.08,32472.2,19326.19,51798.39,7519.94,42618.35,418.9499999999998,-1862.04,1893.0299999999997,964.04,12.755611238330106,0.84,1.22,0.31,0.18,0.58,2.8650449842954226,5.947688321828472,6.394973825705818,6.346618636097455,8.510513371071635,2.45,2.4,0.0,1.3,0.49,9,2006,522.4038709677418,7271.354838709677,2254.12
2006-12-31,33586.880000000005,256.21000000000004,0.03572179753259532,0.047515882438281185,3903.3599999999988,432.0499999999993,1445.1599999999999,5.0,33154.850000000006,-135.59000000000015,1726.74,12825.39,26498.28,42358.09,41789.99,95734.72,21925.14,6886.26,4807.81,36549.87,16504.84,53054.71,7519.94,42138.4,-243.35999999999967,-1725.5,648.8000000000002,1013.1100000000001,35.00313775808906,0.89,1.26,0.35,0.23,0.66,1.0696126804045685,2.1351428696625545,2.433164723363064,2.4045872853369876,3.3313127756111753,2.01,1.97,0.0,1.16,0.43,12,2006,340.8015576036869,7172.371428571429,2510.33
2007-03-31,29607.06,-1134.51,-0.16,0.0,2311.86,-764.23,227.06,4.66,30371.3,-1263.79,1948.82,12435.08,26891.52,42869.21,42195.11,96929.07,24994.59,6346.2,3382.27,39225.95,16432.04,55657.98,7519.94,40748.54,-644.79,-1520.37,2296.04,991.29,-7.2825,0.86,1.37,-0.16,0.0,0.0,-4.68,-3.28,-11.12,-10.8,-5.28,-3.9,-3.83,0.0,1.09,0.41,3,2007,0.0,7090.6875,-1134.51
2007-06-30,35627.28,954.24,0.15880179730404392,0.02,4687.57,1785.6399999999999,2823.44,5.2,33841.619999999995,915.23,2883.55,14431.53,24152.05,43294.51,42532.03,97897.02,22932.05,6347.78,8455.71,40852.49,14531.57,55384.06,7519.94,42053.31,2934.82,-734.69,-1148.97,1037.8,8.186147903043262,0.93,1.32,-0.03,0.02,-0.67,3.8112431352970537,-22.867458811782328,9.104636378765186,9.104636378765186,-37.90069562323182,-0.28,-0.28,0.0,1.06,0.47,6,2007,120.18000000000002,6009.000000000001,-180.27
2007-09-30,36285.880000000005,1307.54,0.18558677158089898,0.0029421522794006727,5502.699999999999,2174.1600000000003,3243.01,5.25,34111.729999999996,1412.4299999999998,3564.78,13663.25,24021.7,43130.67,43338.04,98650.68,16388.72,7481.63,12539.16,40088.15,14476.27,54564.42,7519.94,43562.45,5504.01,-1544.6100000000001,-2923.25,1068.8500000000001,7.071624711289903,0.91,1.25,0.16,0.02,0.13,5.289222990055621,15.310908655424166,12.016743459863209,12.155933538548883,25.332594320792712,1.13,1.11,0.0,1.08,0.48,9,2007,20.728749999999977,7045.4375,1127.27
2007-12-31,36141.01000000001,147.86000000000013,0.020872224792766243,0.00010902809909578227,4370.870000000001,628.8799999999997,1728.9099999999999,4.6,35512.130000000005,-43.36999999999989,3461.12,13559.91,27112.14,45652.73,44233.78,102545.71,24471.21,7966.77,2663.75,37936.56,20394.18,58330.75,7519.94,43672.91,-1649.3400000000001,-1967.0299999999997,3436.19,1100.0300000000002,55.10672730961716,0.79,1.34,0.18,0.02,0.11,0.5751457498451142,1.7903730600017267,1.3543754754417205,1.3775668363225724,2.7458571282928035,0.95,0.93,0.0,1.2,0.49,12,2007,0.7723611111111381,7084.055555555557,1275.13
2008-03-31,34729.28,451.25,0.06,0.0,4089.58,1138.57,2264.61,4.56,33590.72,307.96,3047.31,13173.65,28399.32,46919.31,43774.24,104342.34,26334.79,7050.82,2542.08,39351.74,20281.24,59632.98,7519.94,44201.45,-746.76,-1113.93,1662.11,1126.04,19.0,0.78,1.35,0.06,0.0,0.0,1.72,4.52,4.08,4.24,7.0,1.33,1.3,0.0,1.19,0.47,3,2008,0.0,7520.833333333334,451.25
2008-06-30,39932.66,984.78,0.13715312354198728,0.09,5221.049999999999,1866.28,2990.3399999999997,3.76,38066.369999999995,1014.3399999999999,3605.39,14276.76,30579.6,50611.1,44285.33,108169.2,23355.52,7865.29,6777.8,42033.12,20647.95,62681.07,7519.94,44969.56,1244.47,-565.71,-245.08999999999992,1124.06,6.8536536079124275,0.63,1.39,0.2,0.09,0.43,3.6482730862168617,8.009742414852058,8.750369281978788,9.05210615377116,12.453503617612446,1.97,1.92,0.0,1.2,0.48,6,2008,646.2135,7180.15,1436.03
2008-09-30,43673.14,1387.7700000000002,0.1916673631277003,0.08075031340746514,6045.26,2025.2500000000005,3178.2200000000003,4.06,41647.89,1591.01,3247.65,15353.47,29800.56,50589.65,44218.27,108801.78,21140.57,8532.85,4221.34,38319.87,25210.81,63530.68,7519.94,44760.08,2595.99,-1205.2,-1745.13,1152.9700000000003,5.295502496811431,0.68,1.42,0.39,0.17,0.42,5.111129683405341,9.534222678659962,12.404318577802961,12.561584106523126,14.035948438274668,2.43,2.39,0.0,1.32,0.54,9,2008,584.6736794871796,7240.51282051282,2823.8
2008-12-31,40336.40000000001,304.5999999999999,0.04284106891701827,-0.0031205597028381845,5143.860000000001,870.0,2025.3199999999997,3.18,39466.39,603.2200000000003,3452.9,14114.94,27887.88,47260.17,44706.34,107510.0,20961.92,7607.14,8155.34,39908.98,22050.23,61959.21,7519.94,45053.08,3330.63,-1931.4300000000003,-924.0200000000001,1155.3200000000002,18.563962573867375,0.53,1.38,0.44,0.17,0.38,1.1333410049865744,2.1887891573967515,2.702881984400971,2.745723053317989,3.4000230149597233,2.0,1.97,0.0,1.18,0.49,12,2008,-22.187179487179492,7110.0,3128.4
2009-03-31,35235.7,770.53,0.10999999999999999,0.10999999999999999,5106.92,1668.4,2802.92,3.24,33567.3,1220.98,2904.39,13307.99,26828.12,44862.95,43993.32,104519.47,17188.92,6976.49,8978.74,36854.6,22131.88,58986.48,7519.94,45038.75,4028.02,-791.13,-3680.98,1134.52,7.3625,0.54,1.31,0.11,0.11,1.0,2.96,6.3999999999999995,6.84,6.919999999999999,9.88,2.22,2.19,0.0,1.22,0.49,3,2009,770.53,7004.818181818182,770.53
2009-06-30,41377.880000000005,3193.87,0.4753262284330541,-0.004673771566945801,7887.65,4319.48,5465.879999999999,4.78,37058.399999999994,3563.57,4359.22,13099.13,25239.52,44431.56,43886.19,103151.97,12817.3,7711.55,8503.43,33220.94,22164.74,55385.68,7519.94,47601.24,8230.56,-484.39,-6250.360000000001,1146.4,2.513536869064802,0.76,1.16,0.59,0.11,0.19,12.374594692765612,18.271862476036727,26.843847341337906,27.61725950963576,27.58503400262335,5.26,5.17,5.27,1.34,0.58,6,2009,-31.40457627118633,6719.322033898306,3964.4
2009-09-30,45346.34999999999,4115.5,0.6112204358964839,0.23022753889595465,8800.79,5571.53,6725.68,7.95,39774.82000000001,4255.749999999999,4626.52,14563.6,27034.03,48352.73,45854.02,110406.59,11655.76,8549.19,6407.03,32437.22,25054.73,57491.95,7519.94,49905.76,5425.9299999999985,-1813.54,-3312.6900000000005,1154.15,3.2541451220993802,1.2,1.15,1.2,0.34,0.28,14.913778635874207,21.494585329026354,32.98552952388025,34.77844280250993,30.21466354781619,6.77,6.63,7.17,1.49,0.66,9,2009,1550.1795762711868,6733.25,8079.9
2009-12-31,46931.23000000001,2110.3199999999997,0.3147808781360952,-0.0014787511947730928,7397.009999999998,3319.0499999999993,4516.850000000002,11.4,43612.18000000001,2593.91,10522.69,14360.98,26283.76,53433.96,46421.7,115698.28,9745.08,9105.91,6294.08,29636.97,31082.12,60719.09,7519.94,51884.53,4655.02,-1827.7599999999998,3101.1100000000006,1197.7999999999997,9.053917178437393,1.65,1.17,1.52,0.34,0.22,7.297946148365786,11.042181856721443,16.2692011752445,17.412352785317687,14.32252995519233,6.17,6.03,7.36,1.8,0.92,12,2009,-9.913684210526753,6704.0921052631575,10190.22
2010-03-31,44805.41,3224.43,0.48,0.0,8001.18,4560.87,5736.86,15.0,40244.54,3543.07,13363.28,14006.66,30071.9,59581.03,46108.09,122942.59,12260.78,9086.25,6421.29,33691.87,31417.76,65109.64,7519.94,54797.87,2075.71,-2130.89,3016.5,1175.99,7.8125,2.06,1.19,0.48,0.0,0.0,10.48,16.04,23.52,25.84,20.44,7.39,7.2,12.54,1.77,0.88,3,2010,0.0,6717.5625,3224.43
2010-06-30,49155.869999999995,4002.6,0.6036828406689886,0.5,9270.759999999998,5512.000000000001,6706.19,20.3,43643.87,4412.51,7572.89,14074.18,31048.1,54488.0,45932.21,117447.75,8464.61,9052.92,4420.38,28172.76,31589.37,59762.13,7519.94,54800.03,4433.7699999999995,-733.5799999999999,-9548.11,1194.1899999999998,8.404992917103883,2.79,1.09,1.09,0.5,0.46,13.624401725190017,20.226144349753636,29.220464838253058,31.28074022108667,24.9891465788851,7.9,7.69,11.42,1.93,0.83,6,2010,3315.1513761467886,6630.302752293577,7227.03
2010-09-30,51669.17999999999,4283.599999999999,0.6438073328740477,0.5017464829697467,9239.45,5548.889999999999,6756.100000000002,25.25,46120.28999999999,4338.58,7163.74,14552.98,32740.76,56979.58,46029.8,122434.01,11761.64,9048.54,11591.4,39769.67,24015.92,63785.59,7519.94,55774.8,3091.8500000000004,-2970.2400000000002,-477.09000000000015,1207.21,9.808058525539266,3.4,1.14,1.73,1.0,0.58,13.99257555841861,19.97663446744444,30.724123353804263,32.421095283229505,28.134008303628903,8.12,7.9,12.66,1.43,0.61,9,2010,3338.391976454367,6653.543352601156,11510.63
2010-12-31,49422.619999999995,2051.92,0.30863788889257554,-0.0007873474609389596,6186.23,2448.33,3669.3099999999977,24.7,46974.28999999999,480.25,7761.01,15384.93,33863.0,58971.43,47141.68,126320.31,10050.7,9706.93,8088.13,32826.6,32390.66,65217.26,7519.94,58015.29,-19.8700000000008,-2160.09,2609.95,1220.98,20.010828943136183,3.2,1.12,2.04,1.0,0.49,6.499550836678944,9.035222904247359,14.148929102565521,14.93565313307601,11.697981161359774,7.17,6.95,10.46,1.8,0.76,12,2010,-5.234529071743964,6648.308823529412,13562.55
2011-03-31,47484.73,3478.82,0.52,0.0,7387.06,4546.63,5690.51,25.75,42938.11,2962.41,10005.07,14531.94,35934.34,63202.56,47719.46,134665.95,12019.57,9872.6,8386.41,36308.32,36251.74,72560.06,7519.94,59117.48,2776.09,-2952.67,2351.85,1143.88,12.38,3.28,1.23,0.52,0.0,0.0,10.32,14.120000000000001,23.52,24.44,18.48,7.6,7.33,11.31,1.74,0.75,3,2011,0.0,6690.038461538462,3478.82
2011-06-30,54654.189999999995,4869.33,0.729103154591137,0.55,9651.699999999997,6624.599999999999,7805.27,29.5,48029.59,5360.3099999999995,9489.97,14757.15,35573.2,61898.74,48824.64,136185.74,11448.17,10343.81,8400.15,36677.0,35978.02,72655.02,7519.94,60615.11,7337.99,-2491.1499999999996,-5302.29,1180.67,10.115166768323363,3.66,1.2,1.25,0.55,0.44,14.302087480459743,20.554876134233332,32.127201403903854,33.76039247018801,26.2010509633871,8.43,8.17,9.98,1.69,0.72,6,2011,3673.186,6678.5199999999995,8348.15
2011-09-30,56064.2,5086.140000000001,0.7647596411868437,0.597694242122211,9738.730000000003,6778.389999999999,7935.229999999998,26.75,49285.81000000001,5267.0700000000015,8703.91,15392.04,34453.52,61227.32,49628.93,140136.97,12237.65,10052.01,1982.97,31503.23,45045.13,76548.36,7519.94,60754.94,5455.35,-5573.42,-660.5799999999999,1156.8399999999997,8.742877683272578,3.31,1.26,2.02,1.15,0.57,14.522861304914516,20.70151345549337,33.482842904239824,34.92149965498735,25.017483707735952,8.76,8.49,11.97,1.94,0.85,9,2011,3975.048405940593,6650.638613861386,13434.29
2011-12-31,54467.649999999994,2402.7199999999993,0.3610829064324641,0.0006165061372940796,6834.2199999999975,3324.4400000000023,4582.380000000001,33.0,51143.19999999998,1645.4199999999983,24341.34,15692.06,35673.32,78427.42,52024.92,159903.72,22896.52,11732.92,5687.15,46071.11,47314.04,93385.15,7519.94,63596.86,1988.829999999998,-3031.380000000001,16633.42,1257.94,22.855277425168147,3.9,1.47,2.38,1.15,0.48,6.007934073414109,9.024038350673514,15.110864487677908,15.808755819438135,11.342251296172696,7.68,7.45,9.43,1.7,0.93,12,2011,4.102358765288955,6654.205882352941,15837.01
2012-03-31,84663.78,12112.82,1.76,0.0,10015.91,14300.9,15961.91,37.25,70362.88,3302.02,14221.73,18946.27,42898.47,102288.65,73629.44,276690.52,34387.3,16681.5,9744.44,76918.77,82981.99,159900.76,7742.94,101227.7,-700.82,-43564.17,33491.84,1661.01,5.29,2.85,1.58,1.76,0.0,0.0,17.52,27.8,47.88,60.44,28.64,16.48,14.31,16.5,1.33,0.77,3,2012,0.0,6882.284090909091,12112.82
2012-06-30,95684.43,4035.300000000001,0.5647578789357524,0.6,12563.060000000001,7724.890000000001,9577.970000000001,38.5,87959.54000000001,4252.959999999999,14275.76,21647.19,46477.18,107167.73,77091.77,289789.8,41046.61,19088.28,7411.87,87561.84,83417.0,170978.84,7742.94,103053.34,2499.7400000000002,-3210.029999999999,481.65000000000146,1853.0800000000002,17.0473053304587,2.89,1.66,2.26,0.6,0.27,5.567613071986091,10.335568970257839,15.663284890129628,19.7215450467299,10.885333277186449,9.74,8.95,9.03,1.22,0.69,6,2012,4287.111504424779,7145.185840707965,16148.12
2012-09-30,100221.91,2403.949999999999,0.3330168277717795,0.6061106622402954,11358.879999999997,5517.509999999998,7487.810000000001,33.5,94704.4,2110.66,14996.95,22999.96,46356.29,111221.36,79064.87,296256.58,39219.84,20447.27,9677.77,83652.75,97309.13,180961.89,7742.94,99231.42,1232.96,-4386.560000000005,4327.550000000003,1970.3000000000002,25.158488404500936,2.61,1.82,2.57,1.2,0.47,3.2446464464612292,6.541124305805225,9.692474209077472,12.019704647513723,6.717351109606634,7.06,6.61,6.96,1.33,0.78,9,2012,4375.3336317619915,7218.704280155643,18552.07
2012-12-31,98421.20000000001,237.86000000000058,0.03278657238212178,0.005970383991652132,7399.520000000004,2527.880000000001,4419.899999999994,33.75,95893.32,-1588.2699999999995,12258.4,23279.15,48333.76,109201.44,90812.32,310544.26,47660.11,20619.78,9305.81,95218.19,94545.27,189763.46,7742.94,104521.81,-2502.84,-8333.18,8148.07,1892.0199999999995,257.3286680190021,2.5,1.82,2.59,1.2,0.46,0.3063455797866205,0.6471233900285966,0.9104286817460226,1.1317063980547055,0.7073797933254692,5.26,4.96,5.46,1.15,0.64,12,2012,43.31393717230276,7254.799227799228,18789.93
2013-03-31,91359.58,1026.34,0.14,0.0,7891.52,3217.04,5173.08,32.75,88142.54,-340.5,16403.23,22614.59,50212.18,114666.1,91520.56,325135.85,51427.37,19672.22,9294.02,109042.92,97047.82,206090.74,7742.94,102818.15,-2019.43,-11125.86,17581.33,1956.04,58.4825,2.47,2.0,0.14,0.0,0.0,1.28,4.28,4.0,4.04,5.96,1.17,1.12,1.77,1.05,0.59,3,2013,0.0,7330.999999999999,1026.34
2013-06-30,97966.86,1635.7900000000002,0.22120798007610445,0.5,7913.709999999999,4094.5699999999997,6136.33,25.75,93872.3,-852.1600000000001,24823.61,24059.44,49892.48,124568.3,97211.56,341455.7,52824.52,20532.61,20784.59,108599.24,112116.27,220715.51,7742.94,104000.96,4118.8,-1094.0900000000001,4098.57,2041.7600000000002,29.10247631114018,1.92,2.12,0.36,0.5,1.39,1.917135827326239,5.7022501530729155,6.292138099942528,6.316716764395428,7.717700638210757,1.47,1.41,2.15,1.15,0.69,6,2013,3697.4027777777783,7394.805555555557,2662.13
2013-09-30,108381.46000000002,2648.3999999999996,0.3590692454425452,0.24870728533686845,11384.39,5235.63,7474.68,24.0,103145.81999999998,1679.42,26491.92,22306.2,43316.36,120137.85,100688.51,344267.7,46896.56,21910.83,15808.82,100127.34,121044.9,221172.25,7742.94,105406.06,10591.029999999999,-2477.699999999999,-6636.830000000002,2239.05,16.708197864748527,1.76,2.1,0.72,0.75,1.04,3.0720368776751092,7.819730234082097,10.053938872391267,10.35316324359339,10.253421786526014,1.86,1.78,2.33,1.2,0.77,9,2013,1834.3993055555557,7375.736111111111,5310.53
2013-12-31,106816.68,1754.7200000000003,0.23842485403913524,-0.001640777042567578,11667.490000000002,4925.49,7233.040000000001,32.0,101891.19,1407.42,19457.3,24240.43,48469.15,124243.51,110930.84,365003.12,61861.18,21887.69,14994.64,115001.47,120429.08,235430.55,7742.94,109794.6,-3238.8099999999995,-9524.06,2748.970000000001,2307.5499999999993,33.55019354939819,2.26,2.14,0.96,0.75,0.78,1.9272675701496762,5.136068730759705,6.387799214465165,6.546749117157922,6.944123873889815,1.82,1.75,2.45,1.08,0.66,12,2013,-12.07552083333394,7359.635416666667,7065.25
2014-03-31,100777.45,2049.81,0.28,0.0,13103.12,5743.82,8208.53,28.0,95033.63,3437.63,17881.8,23447.51,54656.23,131234.03,113569.72,379241.36,64248.52,20722.51,12503.6,118746.14,129963.93,248710.06,7742.94,110628.99,-4563.83,-7070.87,11297.93,2464.71,25.0,1.96,2.25,0.28,0.0,0.0,2.16,6.52,7.4,7.68,8.8,2.09,2.03,2.38,1.11,0.64,3,2014,0.0,7320.749999999999,2049.81
2014-06-30,108637.29,3546.2400000000002,0.4816151392500067,0.25,14772.299999999997,7510.5599999999995,9963.01,27.25,101126.72999999998,4183.5199999999995,17806.59,23406.86,52278.8,130793.57,119076.88,386240.52,60905.45,22824.65,17325.07,119594.37,133285.95,252880.32,7742.94,113128.74,11669.79,-9386.34,-1662.1000000000004,2452.45,14.146980534312398,1.87,2.24,0.76,0.25,0.33,3.6754839574342615,9.226732141421182,12.547341785723859,13.054305090197552,12.598038116171228,2.74,2.67,3.16,1.09,0.66,6,2014,1840.8059210526317,7363.223684210527,5596.05
2014-09-30,115814.21000000002,4158.0199999999995,0.5626970485141074,0.3008871870112195,16075.870000000003,8717.38,11225.779999999999,30.25,107096.83000000002,5081.3099999999995,39527.67,24961.72,43810.62,147933.68,121412.84,409145.76,55300.7,20897.72,18665.92,114167.7,131765.86,245933.56,7742.94,117866.69,11291.21,-6213.990000000002,15830.69,2508.4000000000005,13.441691261706294,1.99,2.09,1.32,0.55,0.42,4.058239319586593,9.940981190415899,14.11858048999033,14.902946072767573,12.703312155848788,3.08,3.0,3.29,1.3,0.91,9,2014,2223.3899122807015,7389.446969696969,9754.07
2014-12-31,113141.77999999997,807.630000000001,0.10934895897440765,-0.00027126709399673276,13328.489999999998,4787.170000000002,7326.800000000003,27.25,108354.60999999999,1740.130000000001,33551.55,24953.33,49036.02,146253.45,124460.81,416763.86,63686.59,25632.14,13432.37,123284.69,129512.92,252797.61,7742.94,117532.26,4787.990000000002,-10492.539999999997,-1933.2799999999988,2539.63,62.31380768421175,1.8,2.15,1.43,0.55,0.38,0.7738541712035003,2.095217815313825,2.749782213090699,2.8415435772650266,2.789545470899574,2.48,2.41,3.19,1.19,0.79,12,2014,-2.0035256410246802,7385.804195804197,10561.7
2015-03-31,101348.94,2956.46,0.4,0.0,12156.13,6761.53,9338.92,22.5,94587.41,1961.93,23813.42,23829.42,54877.79,142213.23,125597.38,418543.88,69488.05,22414.87,22287.82,133049.02,120539.24,253588.27,7742.94,116805.91,-3484.87,-7873.03,1892.96,2577.39,14.0625,1.49,2.17,0.4,0.0,0.0,2.84,6.8,10.12,10.4,9.48,3.07,2.92,2.73,1.07,0.66,3,2015,0.0,7391.15,2956.46
2015-06-30,108677.22,2982.5600000000004,0.4017578657758351,0.45,13981.300000000001,7247.599999999999,10002.67,24.0,101429.63,2184.6499999999996,25008.89,23605.37,55750.35,147388.98,133566.15,432582.04,66411.06,19696.12,19250.92,130383.72,134870.58,265254.3,7742.94,117667.91,1718.1899999999998,-2487.5600000000004,804.1799999999998,2755.07,14.934368461992381,1.58,2.25,0.8,0.45,0.56,2.752041380564471,6.87005950476678,10.144386110839836,10.345265043727753,9.320782485999374,2.97,2.83,3.61,1.13,0.7,6,2015,3340.6987500000005,7423.775000000001,5939.02
2015-09-30,115794.72,3571.42,0.48442888026211195,0.296866245147438,16827.79,8991.4,11941.720000000001,20.7,106803.31999999998,4878.57,24317.23,25131.04,47847.89,146857.25,140476.65,448270.4,61138.13,23309.43,26815.86,134092.6,141012.81,275105.41,7742.94,119967.65,13625.57,-7969.709999999999,-8676.039999999999,2950.3200000000006,10.685004984011961,1.34,2.29,1.29,0.75,0.58,3.1844627167617903,8.066304145759819,11.911693086755186,12.016840440610528,10.995409003158635,3.05,2.92,3.38,1.1,0.74,9,2015,2188.6268313953487,7372.434108527132,9510.44
2015-12-31,113592.96999999997,1548.2999999999993,0.21001036284422991,6.0249094359763776e-06,15102.589999999997,6641.25,14204.27,18.3,106951.72000000003,2153.42,36460.82,26155.92,52111.81,159993.38,149599.24,494262.74,88018.61,28022.33,49454.73,186290.69,134247.1,320537.79,7742.94,116364.68,9003.55,-33538.17,36733.909999999996,7563.019999999999,21.784639281792945,1.22,2.75,1.5,0.75,0.5,1.2544619007228668,3.6457798989758308,5.320262525387157,5.297861420017107,5.387465841497311,2.62,2.52,3.29,0.86,0.58,12,2015,0.04441860465067293,7372.493333333333,11058.74
2016-03-31,108663.85,3764.29,0.51,0.0,16525.69,9449.79,13813.29,24.4,99214.06,5623.17,25916.1,24232.7,50794.47,149227.88,150875.66,486369.12,72652.67,22907.85,18052.13,157931.54,149104.45,307035.98,7742.94,121313.28,4461.07,-5332.62,-8898.57,4363.5,11.96,1.56,2.53,0.51,0.0,0.0,3.08,8.36,12.4,12.64,11.52,3.57,3.46,3.24,0.94,0.62,3,2016,0.0,7380.9607843137255,3764.29
2016-06-30,119751.07999999999,4016.2,0.5419979975554239,0.44999999999999996,20277.890000000003,11896.469999999998,16527.239999999998,28.75,107854.61000000002,8729.65,31192.58,25625.1,48996.66,154050.41,154418.49,495818.69,65910.98,26925.2,39198.73,157227.18,158246.84,315474.01,7742.94,122541.96,17087.18,-948.3500000000004,-9977.68,4630.77,13.260657848214729,1.82,2.57,1.05,0.45,0.43,3.2416642139505356,9.497869671447427,13.111189655150252,13.379607711082464,13.007951941330173,3.5,3.41,4.29,0.98,0.67,6,2016,3334.495714285714,7409.990476190475,7780.49
2016-09-30,125423.65000000002,5184.3099999999995,0.6997826807972356,0.4999068631988152,20217.0,11019.630000000001,15734.169999999998,31.75,114404.03,8632.220000000001,42878.85,26503.97,47983.64,163071.19,155523.2,508034.03,51248.2,25545.84,35311.05,135835.62,190963.12,326798.74,7742.94,122688.93,8236.54,-5051.919999999999,8076.1,4714.539999999999,11.3410208880256,2.0,2.66,1.75,0.95,0.54,4.078733339503887,10.82863714056522,16.906749568061212,17.09868996050845,13.915678452425025,3.76,3.66,4.14,1.2,0.85,9,2016,3703.5385714285712,7408.457142857143,12964.8
2016-12-31,122844.10999999999,1738.0200000000004,0.23523785233036934,-0.0025851658777995418,15622.160000000003,6132.940000000002,10932.130000000005,29.5,116711.16999999998,4184.84,34100.38,30678.92,54991.06,166368.87,176176.78,582179.03,68389.28,31561.94,23189.8,190498.5,197974.12,388472.62,7742.94,133697.68,1446.3099999999977,-51450.72,40418.65,4799.1900000000005,31.342532364414673,1.71,2.91,1.99,0.95,0.48,1.1962849575795667,3.3808053148987756,5.201238945998116,5.5605972731761675,4.6480162581055895,3.17,3.08,3.65,0.87,0.58,12,2016,-19.1001148600144,7388.35175879397,14702.82
2017-03-31,125154.97,3955.32,0.53,0.0,15179.69,7842.24,13024.72,27.75,117312.73,2963.26,29099.12,30706.59,56343.05,161723.94,178850.1,579853.05,68498.94,25316.72,56304.07,174508.81,196144.02,370652.83,7742.94,149240.48,-1985.88,-6672.42,3320.41,5182.48,13.09,1.44,2.48,0.53,0.0,0.0,2.72,5.88,10.6,11.68,7.72,3.31,3.16,2.35,0.93,0.6,3,2017,0.0,7462.867924528302,3955.32
2017-06-30,131787.88,4064.2400000000002,0.5371983500341665,0.45,14735.159999999998,7815.870000000001,13066.550000000001,24.8,123972.01,2541.45,27524.02,33199.23,52917.62,161374.53,180022.02,578099.59,69622.37,27654.52,61282.91,183810.88,188425.59,372236.47,7742.94,147569.88,8665.84,-1099.9899999999998,-8854.66,5250.68,11.543222349073872,1.3,2.52,1.06,0.45,0.42,2.8177573831980807,5.919317668301004,11.007498266737825,12.041351695105469,8.047839432587324,3.27,3.12,2.68,0.88,0.59,6,2017,3404.5301886792454,7565.622641509434,8019.56
2017-09-30,131126.84,4913.7300000000005,0.6306818914599456,0.5130253312801656,17559.940000000002,10190.189999999999,15411.960000000003,26.75,120936.65000000002,4383.96,26796.92,34123.48,49546.22,159672.3,183833.93,583583.72,62268.57,28074.63,27965.84,177763.34,180176.51,357939.85,8611.24,166901.14,7170.919999999999,-6372.210000000001,-1202.0,5221.77,10.600669038591864,1.38,2.14,1.66,0.95,0.57,3.3737681904604324,7.203451001253355,11.777794358589347,13.571058531897142,9.680587105059889,3.48,3.33,2.78,0.9,0.62,9,2017,3997.0514378267794,7791.138554216868,12933.29
