,revenue,net_profit,eps,dps,gross_profit,ebit,ebitda,close_price,allowance_doubtful_accounts,expense,operating_profit,cash,account_receivable,inventory,current_asset,property_plant_equipment,total_asset,short_term_loan,account_payable,current_portion_long_term_debt,current_liability,non_current_liability,total_liability,paid_in_capital,total_equity,cash_flow_operation,cash_flow_investment,cash_flow_financing,depreciation,P/E,P/BV,D/E,EPS,DPS,DPR%,ROA%,ROAA%,ROE%,ROAE%,ROCE%,NPM%,NPMA%,TIE,CurrentRatio,QuickRatio,month,year,dividend,number_of_shares,return_old
2000-03-31,299.01,-26.73,-0.6699999999999999,0.0,24.88,-5.34,5.48,4.0,0.0,304.36,-14.06,56.24,57.23,356.01,879.91,499.71,1531.88,446.05,149.34,83.5,898.41,288.1,1186.51,400.0,333.38,25.52,-3.43,-0.5,10.82,-1.4925,4.8,3.56,-0.67,0.0,0.0,-6.96,0.0,-32.08,0.0,-3.3599999999999994,-9.24,-8.94,0.0,0.98,0.58,3,2000,0.0,39.8955223880597,-26.73
2000-06-30,461.49,10.83,0.2724528301886793,0.0,67.96000000000001,28.93,39.69,3.0,0.0,432.54999999999995,20.37,37.78,104.76,356.6,898.14,495.65,1549.58,482.77,122.1,88.0,926.25,274.6,1200.85,400.0,336.73,-40.39,-5.77,20.62,10.759999999999998,2.7527700831024933,3.56,3.57,-0.4,0.0,0.0,2.806264150943396,-0.0,12.85977358490566,-0.0,-10.298716981132074,-2.14,-2.09,0.0,0.97,0.58,6,2000,0.0,39.75,-15.9
2000-09-30,529.9000000000001,75.36,1.8884359233097878,0.0,69.69999999999999,43.269999999999996,53.92999999999999,2.7,0.0,486.62,19.21,28.41,142.63,254.31,796.22,487.94,1445.02,294.08,79.33,87.35,587.66,448.46,1036.11,400.0,396.89,65.2,-0.3100000000000005,-74.26,10.660000000000004,0.3570282643312102,2.72,2.61,1.49,0.0,0.0,20.836165489404646,0.0,75.94300706357214,0.0,39.543087790111,4.77,4.61,0.0,1.35,0.92,9,2000,0.0,39.90604026845638,59.46
2000-12-31,443.39999999999986,20.080000000000005,0.4998541614282123,0.0,93.27000000000001,34.959999999999994,48.31999999999999,2.7,0.0,408.45000000000005,23.63,30.61,135.44,275.18,786.69,490.06,1431.14,228.7,114.74,87.69,568.38,436.4,1004.78,400.0,414.32,81.13000000000001,-11.610000000000001,-67.32,13.36,1.3467928286852588,2.61,2.43,1.98,0.0,0.0,5.614523510183556,0.0,19.388282625094295,0.0,11.915715363339203,4.74,4.59,0.0,1.38,0.9,12,2000,0.0,40.17171717171718,79.54
2001-03-31,425.31,45.82,1.15,0.0,67.78,38.25,49.67,2.9,0.0,387.06,26.04,15.59,151.1,324.6,832.52,494.9,1489.52,259.16,114.28,54.11,552.24,470.96,1023.21,400.0,454.28,-24.56,-18.26,27.79,11.42,0.63,2.55,2.25,1.15,0.0,0.0,12.32,10.12,40.36,46.52,16.32,11.09,10.77,0.0,1.51,0.92,3,2001,0.0,39.84347826086957,45.82
2001-06-30,475.09999999999997,69.16,1.7262932683945034,0.0,96.75999999999999,47.040000000000006,58.81999999999999,5.8,0.0,428.06,38.440000000000005,26.5,145.84,411.34,897.26,498.04,1550.41,239.46,116.4,48.73,533.79,481.13,1014.92,400.0,523.42,6.699999999999999,-7.549999999999997,11.770000000000003,11.78,0.8395734528629266,4.43,1.94,2.87,0.0,0.0,17.85239867803096,13.23291007131675,52.859460775787085,64.3119429465994,20.18620281788137,13.08,12.77,0.0,1.68,0.91,6,2001,0.0,40.062717770034844,114.98
2001-09-30,614.66,46.540000000000006,1.1640762753838534,0.0,110.83000000000001,72.48,82.92,5.4,0.0,542.18,70.67,27.69,174.3,243.9,714.61,492.97,1357.35,63.11,50.48,47.4,301.46,469.67,771.14,400.0,574.13,183.43,2.879999999999999,-185.12,10.440000000000001,1.1626385904598195,3.76,1.34,4.04,0.0,0.0,13.71535413571075,12.977721644378406,32.42125309559188,38.34536404160476,17.219108469539375,10.83,10.66,0.0,2.37,1.56,9,2001,0.0,39.98019801980198,161.52
2001-12-31,375.33000000000015,-40.52000000000001,-1.0146743801652893,0.0,8.730000000000018,-33.91000000000001,-22.689999999999998,7.65,0.0,409.24,-36.47,95.53,116.55,214.22,628.03,453.49,1250.94,27.14,61.0,44.8,246.29,459.0,705.3,400.0,533.55,117.24000000000001,1.7100000000000009,-51.120000000000005,11.219999999999999,-1.8812931885488644,5.74,1.32,3.03,0.0,0.0,-12.953004958677688,-12.377018181818187,-30.37995371900827,-34.19754049586778,-16.516085950413228,6.51,6.4,0.0,2.55,1.68,12,2001,0.0,39.93399339933994,121.0
2002-03-31,224.5,-12.96,-0.32,0.0,-2.51,-33.68,-22.71,7.0,0.0,258.18,-40.2,33.89,90.84,292.01,592.55,450.15,1215.88,29.79,74.46,43.7,262.8,416.48,679.28,400.0,524.52,-42.33,-7.38,-11.92,10.97,-5.47,5.34,1.3,-0.32,0.0,0.0,-4.28,-9.96,-9.88,-10.6,-14.120000000000001,-5.96,-5.77,0.0,2.25,1.14,3,2002,0.0,40.5,-12.96
2002-06-30,374.64,8.89,0.21842751842751842,0.0,43.949999999999996,0.3999999999999986,11.610000000000001,5.0,0.0,374.23999999999995,4.260000000000005,19.26,120.59,343.44,638.22,448.7,1266.31,72.87,86.78,44.39,302.9,405.1,708.0,400.0,546.24,-36.379999999999995,-11.61,33.36,11.209999999999999,5.722722159730034,3.66,1.3,-0.1,0.0,0.0,2.795872235872236,20.619557739557738,6.552825552825553,6.640196560196561,30.142997542997545,-0.7,-0.68,0.0,2.11,0.97,6,2002,0.0,40.7,-4.07
2002-09-30,548.7800000000001,34.57,0.861416393442623,0.0,78.66,60.650000000000006,72.13,4.76,0.0,488.13,32.89,52.64,190.88,213.47,588.61,440.65,1208.09,9.15,57.72,44.08,226.06,398.98,625.04,400.0,570.97,105.47,-0.8399999999999999,-71.25,11.479999999999997,1.380749204512583,3.33,1.09,0.76,0.0,0.0,11.425101639344263,9.656931147540984,24.210334426229508,24.16499672131148,12.649219672131148,2.73,2.66,0.0,2.6,1.66,9,2002,0.0,40.13157894736842,30.5
2002-12-31,396.8299999999999,36.2,0.9063568215892055,0.0,70.27000000000001,50.44999999999999,62.03,4.66,0.0,346.3700000000001,27.990000000000002,25.59,202.6,199.33,638.28,458.46,1285.39,7.19,83.42,63.03,264.83,368.03,632.86,400.0,640.41,-11.280000000000001,-1.8900000000000006,-13.89,11.580000000000005,1.2851726519337017,2.91,0.99,1.67,0.0,0.0,11.267046476761621,13.329415292353824,22.620929535232385,24.661589205397302,16.56407796101949,4.48,4.32,0.0,2.41,1.66,12,2002,0.0,39.94011976047904,66.7
2003-03-31,222.89,23.45,0.59,0.0,9.69,-38.75,-25.45,3.96,0.0,261.64,-27.55,40.95,51.98,507.14,628.11,500.77,1317.28,83.82,95.47,50.51,367.88,271.69,639.57,400.0,665.6,-23.42,-13.56,52.34,13.3,1.6775000000000002,2.38,0.96,0.59,0.0,0.0,7.12,-12.240000000000002,14.079999999999998,15.76,-16.32,10.75,10.52,0.0,1.71,0.33,3,2003,0.0,39.74576271186441,23.45
2003-06-30,434.16999999999996,72.59,1.549453352769679,0.0,72.0,-0.7100000000000009,10.45,5.3,8.03,434.88,30.59,10.37,209.5,531.61,768.16,385.29,1375.05,233.2,70.5,49.82,439.76,214.9,654.66,400.0,720.22,-176.14,-11.499999999999998,157.06,11.16,0.8566730954676953,2.94,0.91,2.05,0.0,0.0,21.102798833819243,-9.039737609329446,40.30090379008746,45.86381924198251,-12.758425655976675,14.78,14.62,0.0,1.75,0.54,6,2003,0.0,46.84878048780489,96.04
2003-09-30,506.94000000000005,34.999999999999986,0.8760683760683756,0.0,92.65,46.32,57.74,13.0,8.03,460.6200000000001,44.49,14.2,158.53,428.53,616.14,377.13,1214.22,58.8,49.64,47.87,256.72,202.09,458.81,400.0,755.22,196.18,-1.6500000000000021,-190.70000000000002,11.420000000000002,3.706560000000002,6.89,0.61,3.28,0.0,0.0,11.527777777777773,0.6089743589743587,18.536324786324784,21.111111111111104,0.7692307692307689,11.35,11.26,0.0,2.4,0.73,9,2003,0.0,39.951219512195124,131.04
2003-12-31,402.76,21.400000000000006,0.5348596168984521,0.0,56.49000000000001,15.73,27.229999999999997,15.6,7.6,387.02,4.009999999999998,24.25,161.73,457.14,655.87,366.26,1233.58,51.92,94.14,57.3,309.34,147.41,456.75,400.0,776.61,51.31,2.6999999999999993,-43.96,11.5,7.2836401869158856,8.03,0.59,3.81,0.0,0.0,6.940540540540542,1.005143007084755,11.022881133560746,12.084177381264762,1.3701390711099453,9.81,9.73,0.0,2.12,0.64,12,2003,0.0,40.01049868766404,152.44
2004-03-31,285.99,-22.4,-0.56,0.0,19.25,-20.13,-8.57,10.4,0.0,306.12,-21.13,10.32,95.76,542.43,663.77,356.46,1229.78,110.86,74.8,62.52,353.59,121.78,475.36,400.0,754.22,-50.36,-1.45,37.88,11.56,-4.6425,5.52,0.63,-0.56,0.0,0.0,-7.279999999999999,-6.320000000000001,-11.880000000000003,-12.640000000000002,-9.2,-7.9,-7.83,0.0,1.88,0.34,3,2004,0.0,39.99999999999999,-22.4
2004-06-30,424.30999999999995,24.24,0.658695652173913,0.0,69.03,27.47,35.71,7.0,0.0,396.84000000000003,21.73,13.68,209.4,544.69,780.86,347.04,1346.77,203.86,67.93,63.82,456.59,111.5,568.1,400.0,778.46,-64.96,-9.680000000000001,77.99000000000001,8.24,2.656765676567657,3.6,0.73,0.05,0.0,0.0,7.377391304347826,28.455652173913045,12.64695652173913,13.17391304347826,43.210434782608694,0.26,0.26,0.0,1.71,0.52,6,2004,0.0,36.8,1.84
2004-09-30,491.79999999999995,60.4,1.5138817480719793,0.0,122.96000000000001,82.1,93.67,6.9,0.0,409.70000000000005,80.07000000000001,29.9,188.68,458.39,689.0,342.35,1249.6,61.36,53.14,62.1,319.63,90.85,410.48,400.0,838.85,180.01999999999998,-6.65,-157.14000000000001,11.57,1.138662251655629,3.29,0.49,1.56,0.0,0.0,19.331105398457584,28.18149100257069,28.802570694087404,30.316452442159378,37.34241645244216,5.22,5.18,0.0,2.16,0.72,9,2004,0.0,39.8974358974359,62.24
2004-12-31,401.9100000000001,0.21999999999999886,0.005494716618635899,0.0,47.629999999999995,-2.1099999999999994,10.159999999999997,11.2,0.0,404.02,-8.489999999999995,49.21,144.44,442.67,648.35,336.05,1164.09,13.71,59.65,59.86,249.52,75.24,324.76,400.0,839.08,88.86999999999999,-5.009999999999998,-64.54999999999998,12.27,509.61681818182086,5.34,0.39,1.56,0.0,0.0,0.07565802113352507,0.10256804354787011,0.10482228626320791,0.10890810118475769,0.1345501120717252,3.94,3.89,0.0,2.6,0.82,12,2004,0.0,40.03846153846154,62.46
2005-03-31,244.58,-23.66,-0.59,0.0,22.64,-22.57,-9.81,10.2,0.0,267.15,-21.23,41.93,76.51,546.49,679.51,327.39,1184.9,57.37,82.0,59.25,327.37,61.87,389.24,400.0,795.42,-30.13,-6.14,28.99,12.76,-4.3225,5.13,0.49,-0.59,0.0,0.0,-8.0,-7.48,-11.88,-12.2,-10.52,-9.74,-9.67,0.0,2.08,0.41,3,2005,0.0,40.10169491525424,-23.66
2005-06-30,334.9,-0.9400000000000013,-0.023691056910569136,0.5,54.8,4.82,16.58,9.2,0.0,330.08000000000004,3.1700000000000017,27.11,112.12,641.36,791.73,318.36,1288.61,206.4,78.17,58.09,445.85,48.07,493.92,400.0,794.48,-121.97,0.40999999999999925,106.74,11.76,-97.091489361702,4.63,0.62,-0.62,0.5,-0.81,-0.29193495934959385,-0.20634146341463444,-0.4738211382113827,-0.47840650406504126,-0.32250406504065077,-4.26,-4.25,0.0,1.78,0.34,6,2005,19.838709677419356,39.67741935483871,-24.6
2005-09-30,568.6800000000001,86.25999999999999,2.154401556925073,0.004514873447521702,140.98,100.93,112.2,9.2,0.0,467.75,96.2,21.77,238.87,484.18,756.69,314.82,1260.89,133.74,41.33,57.13,345.62,34.27,379.9,400.0,880.74,92.07,-16.87,-80.53999999999999,11.27,1.066862392766056,4.18,0.43,1.54,0.5,0.32,27.363697697048327,37.100473564709695,39.17093739863769,40.12223159260461,50.86626013623094,5.4,5.37,0.0,2.19,0.79,9,2005,0.18077084206116112,40.038961038961034,61.66
2005-12-31,433.8299999999999,10.230000000000004,0.25614132702740305,-0.0012528159001937624,73.83000000000001,21.44999999999999,36.22999999999999,10.4,10.71,412.3799999999999,25.150000000000006,70.53,133.82,397.08,620.13,363.27,1176.34,0.07,41.75,55.76,219.23,20.87,240.1,400.0,935.97,221.68,-25.629999999999995,-147.28,14.780000000000001,10.154550342130984,4.44,0.26,1.8,0.5,0.28,3.477830018083184,5.088674363611075,4.371478647934346,4.6105438864932555,6.2213882320211455,4.61,4.54,0.0,2.83,1.02,12,2005,-0.05003607503607199,39.93888888888889,71.89
2006-03-31,302.63,-20.24,-0.51,0.0,34.53,-14.23,-0.79,11.5,0.0,316.87,-15.39,56.49,60.25,565.76,732.93,354.12,1263.73,89.49,90.1,52.55,338.42,9.32,347.75,400.0,915.73,-74.95,-14.97,75.89,13.44,-5.6375,5.02,0.38,-0.51,0.0,0.0,-6.4,-4.64,-8.84,-9.48,-6.16,-6.72,-6.69,0.0,2.17,0.49,3,2006,0.0,39.686274509803916,-20.24
2006-06-30,429.71000000000004,-0.4800000000000004,-0.01204633204633206,0.5,51.78999999999999,7.69,20.689999999999998,9.0,0.0,422.01,4.850000000000001,31.31,194.04,549.82,788.28,401.96,1367.86,249.81,71.82,48.07,472.36,0.0,472.36,400.0,895.26,-121.05999999999999,-32.59,128.47000000000003,13.000000000000002,-186.8037499999998,4.02,0.53,-0.52,0.5,-0.96,-0.13992277992278007,-0.04540540540540545,-0.21405405405405428,-0.22702702702702726,-0.06764478764478771,-2.85,-2.83,0.0,1.67,0.5,6,2006,19.92307692307692,39.84615384615384,-20.72
2006-09-30,454.66999999999996,13.84,0.3419767441860465,0.007714669051878415,68.34,21.85,34.75,9.0,0.0,432.82000000000005,15.94,19.98,130.51,470.58,634.85,393.85,1208.95,108.45,65.41,30.04,299.61,0.0,299.61,400.0,909.1,150.98999999999998,-4.449999999999996,-157.88000000000002,12.900000000000002,6.579248554913295,3.96,0.33,-0.17,0.5,-2.94,4.586511627906976,-9.977674418604652,6.115348837209303,6.195813953488372,-13.518139534883721,-0.59,-0.58,0.0,2.12,0.55,9,2006,0.3122171945701382,40.470588235294116,-6.88
2006-12-31,422.45000000000005,18.59,0.46038428693424416,-0.0011302556889535133,67.52000000000001,24.32,37.160000000000004,8.7,0.0,398.1299999999999,14.42,46.75,144.49,427.27,630.56,385.35,1195.09,73.02,94.92,22.46,267.16,0.0,267.16,400.0,927.69,76.86,-1.3900000000000006,-48.699999999999996,12.839999999999996,4.724314147391071,3.75,0.29,0.29,0.5,1.72,6.223125533731852,21.209427839453454,8.001161400512382,8.001161400512382,27.115046968403067,0.74,0.73,0.0,2.36,0.76,12,2006,-0.04563894523326084,40.379310344827594,11.71
2007-03-31,288.86,-38.78,-0.97,0.0,13.4,-32.57,-19.87,7.5,0.0,321.43,-32.78,40.58,68.61,560.87,705.68,374.25,1253.92,197.3,86.33,17.29,364.79,0.0,364.79,400.0,888.91,-127.34,-3.02,124.19,12.7,-1.9325,3.37,0.41,-0.97,0.0,0.0,-12.36,-10.36,-17.44,-17.2,-14.64,-13.74,-13.43,0.0,1.93,0.4,3,2007,0.0,39.97938144329897,-38.78
2007-06-30,359.5,-7.759999999999998,-0.19341641598624834,0.0,44.980000000000004,-2.1599999999999966,10.47,6.8,0.0,361.66,-2.1000000000000014,14.64,160.52,719.47,907.69,367.09,1443.7,392.48,81.95,10.79,562.32,0.0,562.32,400.0,881.15,-215.84,-5.91,195.81,12.629999999999999,-8.786224226804126,3.09,0.64,-1.16,0.0,0.0,-2.1475891706059302,-1.6473743016759774,-3.5215126772668666,-3.494834550923936,-2.6277954447786844,-7.32,-7.18,0.0,1.61,0.33,6,2007,0.0,40.12068965517241,-46.54
2007-09-30,443.35,13.280000000000001,0.3314010823812388,0.0,65.43,21.619999999999997,34.17,7.5,0.0,421.7299999999999,21.120000000000005,13.09,143.38,618.42,788.17,356.88,1337.94,240.03,65.04,6.29,443.28,0.0,443.28,400.0,894.42,197.76000000000002,-30.78,-168.53,12.550000000000004,5.660210843373493,3.35,0.5,-0.83,0.0,0.0,3.9768129885748658,1.6450270595309684,5.941262778111848,5.893349368610945,2.3477570655441973,-3.1,-3.05,0.0,1.78,0.38,9,2007,0.0,40.0722891566265,-33.26
2007-12-31,345.65999999999985,1.389999999999997,0.03489174772513328,0.0,60.03,7.18,18.779999999999998,6.75,0.0,338.48,7.3999999999999995,22.49,125.99,596.97,786.7,377.93,1307.94,208.36,66.92,0.0,411.88,0.0,411.88,400.0,895.82,41.11999999999999,5.740000000000002,-37.459999999999994,11.599999999999994,48.378201438849025,3.01,0.46,-0.8,0.0,0.0,0.42567932224662597,0.0819956071540632,0.6210731095073724,0.6106055851898323,0.11514276749293982,-2.26,-2.22,0.0,1.91,0.46,12,2007,0.0,39.8375,-31.87
2008-03-31,215.1,-42.74,-1.07,0.0,0.55,-40.44,-28.19,6.8,0.0,255.54,-42.9,19.41,56.81,642.75,737.99,368.16,1269.36,242.41,78.77,10.87,384.26,31.63,415.89,400.0,853.28,-19.24,2.32,13.84,12.25,-1.59,3.19,0.49,-1.07,0.0,0.0,-13.48,-12.84,-20.04,-19.64,-18.28,-20.41,-19.87,0.0,1.92,0.25,3,2008,0.0,39.94392523364486,-42.74
2008-06-30,321.24,-15.239999999999995,-0.38113142462918237,0.0,26.23,-8.71,1.3100000000000023,6.7,0.0,329.95000000000005,-13.0,18.92,117.75,556.09,710.66,357.5,1232.4,266.48,45.62,20.93,379.42,14.83,394.25,400.0,837.95,-26.37,24.44,1.4399999999999995,10.02,-4.3941535433070875,3.2,0.47,-1.45,0.0,0.0,-4.941566057261124,-3.8586271127975156,-7.275667471541909,-7.09692997585374,-6.056046912728525,-10.87,-10.81,0.0,1.87,0.41,6,2008,0.0,39.98620689655172,-57.98
2008-09-30,322.78,15.459999999999994,0.38540921919096877,0.0,52.08,20.13,29.86,4.5,0.0,302.65,13.519999999999996,23.37,79.9,535.98,651.79,347.75,1168.68,192.02,36.76,27.22,303.96,11.15,315.11,400.0,853.36,78.52,-0.25,-73.81,9.73,2.922218628719277,2.11,0.37,-1.06,0.0,0.0,5.293922859830666,3.374148635936028,7.242784571966131,7.082803386641578,4.886698024459076,-5.03,-4.95,0.0,2.14,0.38,9,2008,0.0,40.113207547169814,-42.52
2008-12-31,328.4,20.020000000000003,0.4982755555555557,0.0,61.80999999999999,24.39,31.389999999999997,4.78,0.0,304.0100000000001,13.510000000000002,24.46,84.43,491.57,628.64,407.21,1200.98,147.04,53.09,12.9,269.75,0.8,270.55,400.0,930.21,76.32000000000001,-4.890000000000001,-70.35,7.0,2.3994755244755237,2.06,0.29,-0.56,0.0,0.0,6.65553777777778,1.3168711111111113,8.61304888888889,8.755413333333335,1.779555555555556,-1.92,-1.89,0.0,2.33,0.51,12,2008,0.0,40.17857142857142,-22.5
2009-03-31,255.86,-17.64,-0.44,0.0,27.03,-14.63,-8.06,4.72,0.0,270.49,-7.02,46.34,38.93,525.97,685.62,401.74,1198.52,191.15,53.97,0.0,285.04,0.0,285.04,400.0,913.28,1.79,-8.26,28.36,6.57,-2.6825,2.07,0.31,-0.44,0.0,0.0,-5.88,-4.76,-7.72,-8.0,-6.4,-6.98,-6.89,0.0,2.41,0.56,3,2009,0.0,40.09090909090909,-17.64
2009-06-30,317.65999999999997,-8.780000000000001,-0.21933383800151404,0.0,23.089999999999996,-5.08,1.4400000000000004,3.72,0.0,322.74,-10.809999999999999,15.6,111.49,484.14,694.19,263.54,1199.31,198.88,56.66,1.72,295.55,0.0,295.55,400.0,903.57,-39.48,-3.2200000000000006,11.939999999999998,6.52,-4.242847380410023,1.65,0.33,-0.66,0.0,0.0,-2.9244511733535203,-2.1534595003785015,-3.881544284632854,-4.02776684330053,-2.897865253595761,-4.72,-4.61,-2.96,2.35,0.71,6,2009,0.0,40.03030303030303,-26.42
2009-09-30,323.59000000000003,17.07,0.41990374331550806,0.0,45.77,19.830000000000002,26.220000000000002,3.72,0.0,303.76,11.939999999999998,17.69,91.37,440.73,643.17,363.83,1159.85,127.9,41.7,16.52,221.53,0.0,221.53,400.0,938.12,76.83,-10.059999999999999,-64.67999999999999,6.390000000000001,2.2142574692442882,1.59,0.24,-0.23,0.0,0.0,5.9151657754010705,-0.07302673796791444,7.302673796791444,7.594780748663102,-0.07302673796791444,-1.06,-1.04,0.01,2.9,0.91,9,2009,0.0,40.65217391304348,-9.35
2009-12-31,323.9999999999999,18.35,0.4689444444444445,0.0,28.650000000000006,20.3,26.309999999999995,4.14,0.0,303.70000000000005,-4.72,37.65,108.84,378.21,624.33,383.84,1155.77,117.16,42.43,0.0,198.56,0.0,198.56,400.0,957.01,52.3,-3.4800000000000004,-28.349999999999998,6.009999999999998,2.20708446866485,1.73,0.21,0.23,0.0,0.0,6.361333333333334,14.109111111111112,7.666222222222222,7.747777777777778,17.371333333333336,0.76,0.74,1.71,3.14,1.24,12,2009,0.0,39.130434782608695,9.0
2010-03-31,232.3,-9.51,-0.24,0.0,15.9,-7.88,-2.22,4.36,0.0,240.17,-14.88,59.64,47.33,376.09,608.64,379.92,1142.0,102.05,58.64,0.0,191.6,0.0,191.6,400.0,950.22,45.14,-5.62,-17.53,5.66,-4.5425,1.84,0.2,-0.24,0.0,0.0,-3.32,-2.68,-4.0,-4.08,-3.32,-4.25,-4.09,-2.39,3.18,1.21,3,2010,0.0,39.625,-9.51
2010-06-30,247.07,-26.14,-0.6525834502103788,0.0,1.9900000000000002,-24.16,-18.560000000000002,4.9,0.0,271.24,-31.279999999999994,30.89,120.07,376.52,676.74,355.94,1185.1,164.66,70.26,0.0,268.89,0.0,268.89,400.0,916.05,-77.3,-11.73,60.28,5.6,-1.8786486228003056,2.14,0.29,-0.89,0.0,0.0,-8.82820757363254,-7.889660589060309,-11.409211781206173,-11.49720056100982,-10.265357643758765,-7.6,-7.44,-6.65,2.52,1.12,6,2010,0.0,40.056179775280896,-35.65
2010-09-30,302.23,-11.980000000000004,-0.29931135838757095,0.0,27.450000000000003,-9.86,-9.189999999999998,6.9,0.0,312.09,-11.340000000000003,20.25,136.81,314.03,598.79,353.7,1104.83,109.75,43.12,0.0,193.17,0.0,193.17,400.0,911.5,69.18,1.2000000000000028,-77.6,0.6699999999999999,-5.7648998330550905,3.03,0.21,-1.19,0.0,0.0,-4.336241864371195,-3.7225278186017223,-5.261843376023516,-5.181356288053749,-4.628007558261601,-6.21,-6.09,-8.84,3.1,1.47,9,2010,0.0,40.02521008403362,-47.63
2010-12-31,258.84000000000003,-16.96,-0.4227527481034216,0.0,22.97999999999999,-15.730000000000004,-6.030000000000001,5.95,0.0,274.56999999999994,-12.689999999999998,23.48,105.87,288.64,548.19,349.71,1041.02,73.05,35.24,0.0,145.98,0.0,145.98,400.0,894.89,1.3299999999999983,15.929999999999998,-17.449999999999996,9.7,-3.5227446933962265,2.66,0.16,-1.61,0.0,0.0,-6.5119677968725815,-5.514166279609847,-7.583291531196779,-7.331215358414616,-6.764043969654745,-6.35,-6.21,-7.47,3.76,1.78,12,2010,0.0,40.118012422360245,-64.59
2011-03-31,201.26,-16.27,-0.4099999999999999,0.0,19.43,-14.71,-10.26,5.25,0.0,215.97,-18.84,11.17,101.8,339.63,586.98,239.79,1078.53,108.62,52.38,0.0,194.74,2.74,197.48,400.0,880.9,-41.01,-4.65,33.35,4.45,-3.2,2.38,0.22,-0.41,0.0,0.0,-6.04,-5.28,-7.4,-7.12,-6.64,-8.33,-8.08,-6.81,3.01,1.27,3,2011,0.0,39.6829268292683,-16.27
2011-06-30,242.74,-4.93,-0.12325,0.0,26.53,-2.6899999999999977,1.6600000000000001,5.15,0.0,245.42,-5.390000000000001,4.38,149.49,352.85,644.41,238.14,1165.48,190.71,55.67,0.0,276.9,8.39,285.29,400.0,880.03,-58.49,-30.35,82.05000000000001,4.3500000000000005,-10.449492900608519,2.34,0.32,-0.53,0.0,0.0,-1.692943396226415,-1.3766792452830188,-2.2417547169811325,-2.195245283018868,-1.8231698113207548,-4.89,-4.77,-5.82,2.33,1.05,6,2011,0.0,40.0,-21.2
2011-09-30,287.95000000000005,5.469999999999999,0.13561983471074376,0.0,50.79,8.209999999999999,12.33,3.98,0.0,279.75,20.4,9.92,141.74,415.42,714.4,236.0,1208.43,206.09,60.1,0.0,299.5,20.28,319.78,400.0,888.49,-10.920000000000002,-1.0,17.460000000000008,4.119999999999999,7.340187385740404,1.79,0.36,-0.39,0.0,0.0,1.808264462809917,1.0988684043229495,2.462021614748887,2.434202161474888,1.4048823903369354,-2.21,-2.15,-1.2,2.39,1.0,9,2011,0.0,40.333333333333336,-15.73
2011-12-31,209.75,-6.710000000000001,-0.1674509803921569,0.0,39.74000000000001,-3.5200000000000014,1.35,4.44,0.0,213.26999999999998,-4.66,7.56,156.8,434.19,733.16,272.38,1268.75,233.39,38.03,0.0,320.79,26.01,346.79,400.0,921.78,-28.64999999999999,-1.9500000000000028,28.22999999999999,4.869999999999999,-6.629999999999999,1.93,0.38,-0.56,0.0,0.0,-2.117058823529412,-1.3156862745098041,-2.9064705882352944,-2.9543137254901968,-1.602745098039216,-2.47,-2.38,-1.51,2.29,0.93,12,2011,0.0,40.07142857142857,-22.44
2012-03-31,247.14,-18.78,-0.4699999999999999,0.0,31.12,-15.14,-9.9,4.98,0.0,262.27,-4.51,10.6,115.19,528.97,794.05,276.05,1305.61,276.59,75.45,0.0,379.75,25.48,405.23,400.0,900.21,-29.94,-10.68,43.66,5.24,-2.65,2.21,0.45,-0.47,0.0,0.0,-5.76,-5.08,-8.36,-8.44,-6.56,-8.05,-7.6,-4.59,2.09,0.7,3,2012,0.0,39.957446808510646,-18.78
2012-06-30,321.21000000000004,-2.379999999999999,-0.05961247637051038,0.0,60.97999999999999,2.200000000000001,7.61,5.45,0.0,319.01,24.869999999999997,40.24,208.45,531.26,966.94,274.93,1413.57,369.97,85.37,7.61,497.52,16.3,513.83,400.0,899.57,-43.370000000000005,-7.309999999999999,80.33,5.41,-22.849243697479,2.42,0.57,-0.53,0.0,0.0,-0.6748582230623815,-0.4499054820415877,-1.0572778827977312,-1.0707750472589788,-0.6343667296786386,-3.82,-3.72,-2.1,1.94,0.88,6,2012,0.0,39.92452830188679,-21.16
2012-09-30,432.85,3.219999999999999,0.08076923076923075,0.0,48.650000000000006,8.059999999999999,13.55,6.45,0.0,424.81000000000006,10.57,11.69,172.98,360.3,743.0,272.42,1232.38,218.07,52.63,3.86,311.89,18.95,330.83,400.0,901.36,191.93,-66.30000000000001,-154.19,5.49,19.959642857142867,2.86,0.37,-0.45,0.0,0.0,1.0482051282051277,0.2871794871794871,1.428717948717948,1.4358974358974352,0.38051282051282037,-1.84,-1.79,-0.44,2.38,1.23,9,2012,0.0,39.86666666666667,-17.94
2012-12-31,244.1099999999999,-27.05,-0.6733940875750167,0.0,13.460000000000008,-23.1,-17.89,8.4,0.0,267.19999999999993,-21.38,23.51,143.67,384.6,761.67,271.21,1245.27,240.11,61.82,4.67,348.97,21.59,370.56,400.0,874.55,5.22999999999999,-12.129999999999995,18.72,5.210000000000001,-3.1185304990757854,3.84,0.42,-1.12,0.0,0.0,-8.681973771949322,-5.363102911758169,-12.361591464769948,-12.048944209824404,-7.503534118693043,-3.72,-3.61,-1.95,2.18,1.08,12,2012,0.0,40.169642857142854,-44.99
2013-03-31,225.53,-27.25,-0.68,0.0,-18.79,-23.9,-18.62,7.4,0.0,249.43,-56.16,16.34,74.73,445.14,739.1,269.42,1258.49,275.94,73.82,3.16,427.72,46.23,473.96,400.0,784.42,-40.41,-1.24,34.48,5.28,-2.72,3.77,0.6,-0.68,0.0,0.0,-8.68,-7.4399999999999995,-13.879999999999999,-12.96,-11.52,-14.38,-12.08,-8.6,1.73,0.69,3,2013,0.0,40.0735294117647,-27.25
2013-06-30,305.95000000000005,-32.14,-0.8009294494022563,0.0,17.509999999999998,-26.83,-21.389999999999997,5.2,0.0,332.78000000000003,-30.070000000000007,15.97,161.33,494.82,879.88,266.7,1404.08,399.63,108.36,0.0,555.18,47.79,602.97,400.0,801.02,-95.05000000000001,-10.04,104.72,5.44,-1.6214911325451151,2.6,0.75,-1.48,0.0,0.0,-9.156571813436607,-7.792827075265197,-16.040235729920862,-15.109425829264186,-12.944751641690521,-12.03,-11.17,-8.39,1.58,0.69,6,2013,0.0,40.12837837837838,-59.39
2013-09-30,358.78,-25.099999999999994,-0.626831577701503,0.0,25.25,-3.760000000000005,1.8599999999999994,4.48,0.0,362.53999999999996,-14.799999999999997,23.66,138.08,462.5,831.75,265.98,1356.95,371.03,104.2,0.0,516.53,64.94,581.47,400.0,775.39,46.250000000000014,-9.1,-29.459999999999994,5.619999999999999,-1.7840517928286856,2.31,0.75,-2.11,0.0,0.0,-7.40314830157415,-5.0027695585276355,-12.952538761983666,-11.978127589063792,-7.700224878683867,-10.02,-9.49,-5.09,1.61,0.71,9,2013,0.0,40.04265402843602,-84.49
2013-12-31,370.8399999999999,20.409999999999997,0.5096129837702871,0.0,52.06,20.93,26.619999999999997,4.6,0.0,349.9100000000001,2.530000000000001,35.64,191.8,431.13,868.82,263.4,1419.81,391.79,85.62,11.0,547.2,56.12,603.31,400.0,816.39,-5.920000000000002,-6.600000000000001,24.500000000000014,5.690000000000001,2.260538951494366,2.25,0.74,-1.6,0.0,0.0,5.745886392009987,3.2105617977528085,10.001154806491883,9.65716604244694,4.905024968789013,-5.36,-5.08,-2.19,1.59,0.8,12,2013,0.0,40.05,-64.08
2014-03-31,219.63,-30.29,-0.76,0.0,3.11,-23.77,-18.03,5.8,0.0,243.4,-32.89,28.86,65.48,556.26,929.77,259.83,1418.36,432.22,97.23,2.47,573.98,58.21,632.2,400.0,786.08,-32.97,-6.02,32.21,5.74,-1.9075,2.95,0.8,-0.76,0.0,0.0,-8.56,-7.12,-15.4,-15.440000000000001,-11.28,-14.64,-13.79,-4.59,1.62,0.65,3,2014,0.0,39.85526315789473,-30.29
2014-06-30,340.20000000000005,-20.1,-0.5025997221670967,0.0,19.14,-12.900000000000002,-7.07,7.2,0.0,353.11,-19.07,44.94,135.13,530.3,998.49,255.53,1468.1,511.74,106.51,0.0,655.21,60.08,715.29,400.0,752.75,-50.43000000000001,-6.190000000000001,72.69999999999999,5.83,-3.5786927860696514,3.83,0.95,-1.26,0.0,0.0,-5.472752530263942,-4.068664417543164,-10.674260766025006,-10.355149831315739,-7.195951577693987,-9.35,-9.0,-3.38,1.52,0.71,6,2014,0.0,39.992063492063494,-50.39
2014-09-30,524.34,35.120000000000005,0.8739751146037984,0.0,71.62,40.2,46.870000000000005,7.45,0.0,484.1300000000001,30.86,59.66,202.41,349.2,929.72,313.01,1448.3,425.76,76.69,0.0,533.68,73.56,607.24,400.0,841.03,111.75,-2.75,-94.28,6.669999999999998,2.1315824316628698,3.54,0.72,-0.38,0.0,0.0,9.659724950884089,-2.299934512115259,16.743523248199086,17.387504911591357,-3.587897838899804,-1.45,-1.41,0.19,1.74,1.09,9,2014,0.0,40.18421052631579,-15.27
2014-12-31,288.26,1.6999999999999993,0.04259395725865879,0.0,46.94,13.980000000000002,21.150000000000002,8.8,0.0,274.28,4.23,74.23,149.12,350.05,927.57,306.41,1433.4,396.75,77.34,0.0,509.84,79.14,588.98,400.0,844.39,49.38999999999999,-3.1899999999999977,-31.630000000000003,7.170000000000002,51.645823529411786,4.17,0.7,-0.34,0.0,0.0,0.47605011053795115,-0.6163596168017683,0.8067796610169489,0.8168017686072214,-0.9521002210759023,-1.02,-0.99,0.91,1.82,1.13,12,2014,0.0,39.91176470588235,-13.57
2015-03-31,207.33,-22.12,-0.55,0.0,17.41,-14.15,-7.06,12.9,0.0,221.48,-19.74,53.38,97.18,499.72,967.72,301.97,1468.73,429.56,102.01,0.0,571.51,79.67,651.17,400.0,817.52,-54.0,1.38,31.77,7.09,-5.862500000000001,6.31,0.8,-0.55,0.0,0.0,-6.04,-3.9200000000000004,-10.84,-11.04,-6.32,-11.19,-10.67,-3.66,1.69,0.82,3,2015,0.0,40.21818181818182,-22.12
2015-06-30,288.88,-27.599999999999998,-0.6883346741753822,0.0,20.180000000000003,-20.730000000000004,-13.740000000000002,10.9,0.0,309.61,-20.350000000000005,40.83,153.8,597.12,1116.56,297.28,1624.59,544.49,143.17,0.0,734.45,81.11,815.56,400.0,808.99,-108.61000000000001,-8.67,104.73,6.99,-3.958684782608695,5.39,1.01,-1.24,0.0,0.0,-6.794529364440869,-5.018181818181817,-13.655671761866452,-14.14416733708769,-8.704102976669347,-10.37,-10.02,-3.68,1.52,0.71,6,2015,0.0,40.096774193548384,-49.72
2015-09-30,521.53,37.21,0.9220703437250201,0.0,82.75999999999999,44.27,51.04,8.2,0.0,477.26,41.75,47.65,288.34,446.97,1097.86,293.18,1635.18,521.84,119.28,0.0,680.03,82.19,762.22,400.0,872.94,53.65000000000002,-10.64,-36.19,6.770000000000001,2.223122144584789,3.76,0.87,-0.31,0.0,0.0,9.161215027977619,-7.257585931254996,17.013685051958433,17.370615507593925,-11.659728217426059,-1.27,-1.23,0.59,1.61,0.96,9,2015,0.0,40.354838709677416,-12.51
2015-12-31,361.4100000000001,62.98,1.5723162274618583,0.0,67.08000000000001,69.29,76.06,8.15,0.0,292.12,21.89,48.53,214.57,418.88,992.23,289.01,1511.21,433.19,86.9,0.0,566.17,86.58,652.75,400.0,858.44,106.82,-21.18,-84.76,6.77,1.2962087170530325,3.8,0.76,1.26,0.0,0.0,16.67154349118288,26.65450366554389,29.34990291262136,29.599476916980382,41.57902912621359,3.76,3.66,3.38,1.75,1.01,12,2015,0.0,40.05555555555556,50.47
2016-03-31,159.62,-9.4,-0.24,0.0,22.96,-3.63,3.08,11.8,0.0,163.25,-12.8,42.49,96.77,583.19,1039.15,284.86,1548.37,465.34,107.1,0.0,611.95,77.81,689.76,400.0,858.58,-41.41,4.02,31.36,6.71,-12.2925,5.5,0.8,-0.24,0.0,0.0,-2.44,-0.96,-4.36,-4.48,-1.56,-6.25,-5.89,-0.83,1.7,0.75,3,2016,0.0,39.16666666666667,-9.4
2016-06-30,387.79999999999995,-87.05,-2.1751218247796786,0.0,57.99999999999999,-88.14,-81.33,10.3,0.0,475.95000000000005,21.68,22.98,205.5,602.83,1084.76,280.82,1577.28,565.1,123.31,0.0,730.71,75.0,805.71,400.0,771.53,-112.25999999999999,-5.029999999999999,97.77,6.81,-1.182772831705916,5.34,1.04,-2.41,0.0,0.0,-22.058081907724212,-20.686220839813377,-45.1270088128564,-44.04396060134784,-39.13414204250907,-18.17,-17.62,-8.91,1.48,0.66,6,2016,0.0,40.0207468879668,-96.45
2016-09-30,488.62,23.11,0.5766471229888193,0.0,62.750000000000014,28.369999999999997,35.18,9.2,0.0,460.24,22.46,63.66,193.71,413.0,926.0,274.78,1396.49,399.84,91.48,0.0,519.26,82.55,601.81,400.0,794.64,189.75,17.400000000000002,-166.47,6.809999999999999,3.9906988316746004,4.63,0.76,-1.83,0.0,0.0,6.61726206708481,5.2686010362694295,11.633776929370057,11.091791655304062,9.112915189528225,-7.22,-7.08,-3.39,1.78,0.99,9,2016,0.0,40.076502732240435,-73.34
2016-12-31,258.22,-27.129999999999995,-0.677777446003782,0.0,7.929999999999978,-24.419999999999995,-17.65,8.0,0.0,282.6399999999999,-30.51,23.86,158.42,438.15,833.95,269.01,1335.13,389.85,59.1,0.0,486.51,81.07,567.58,400.0,767.52,-20.65,-0.7100000000000009,-18.439999999999998,6.770000000000003,-2.953366199778843,4.17,0.74,-2.51,0.0,0.0,-8.133329352045385,-6.664361500945555,-14.13881556683587,-13.350325470289636,-11.17927739623768,-7.93,-7.76,-3.69,1.71,0.81,12,2016,0.0,40.027888446215144,-100.47
2017-03-31,135.97,-31.55,-0.79,0.0,-7.13,-26.51,-19.86,7.4,0.0,162.49,-32.56,19.25,59.13,624.98,958.41,262.8,1405.49,470.14,117.64,10.0,597.85,71.64,669.49,400.0,735.97,-85.99,-0.07,81.46,6.65,-2.3425,4.02,0.91,-0.79,0.0,0.0,-8.96,-7.16,-17.16,-15.84,-13.12,-24.28,-23.2,-5.17,1.6,0.56,3,2017,0.0,39.936708860759495,-31.55
2017-06-30,319.89,-21.349999999999998,-0.5327410207939509,0.0,27.38,-14.789999999999996,-8.43,6.55,0.0,334.65999999999997,-18.119999999999997,22.93,142.48,643.62,1064.08,259.82,1508.99,581.66,125.39,10.0,717.15,77.18,794.33,400.0,714.62,-103.34000000000002,-4.17,111.17999999999999,6.359999999999999,-3.072412177985949,3.67,1.11,-1.32,0.0,0.0,-5.666427221172023,-4.3265028355387525,-11.946313799621928,-11.49429111531191,-8.426994328922493,-11.85,-11.6,-3.8,1.48,0.59,6,2017,0.0,40.07575757575757,-52.9
2017-09-30,477.23,7.589999999999996,0.1892893401015227,0.0,54.230000000000004,21.589999999999996,28.47,6.7,0.0,455.65,14.409999999999997,23.11,193.59,477.79,959.54,410.12,1544.25,459.53,111.38,11.0,581.91,114.98,696.89,400.0,847.32,132.46,1.29,-133.56,6.880000000000001,8.850075757575762,3.16,0.82,-1.13,0.0,0.0,1.963248730964466,0.8978680203045681,3.5847715736040584,3.6986802030456833,1.3736040609137048,-4.94,-4.86,-1.03,1.65,0.83,9,2017,0.0,40.09734513274337,-45.31
