,revenue,net_profit,eps,dps,gross_profit,ebit,ebitda,close_price,expense,operating_profit,cash,account_receivable,inventory,current_asset,property_plant_equipment,total_asset,short_term_loan,account_payable,current_portion_long_term_debt,current_liability,non_current_liability,total_liability,paid_in_capital,total_equity,cash_flow_operation,cash_flow_investment,cash_flow_financing,depreciation,P/E,P/BV,D/E,EPS,DPS,DPR%,ROA%,ROAA%,ROE%,ROAE%,ROCE%,NPM%,NPMA%,TIE,CurrentRatio,QuickRatio,month,year,dividend,number_of_shares,return_old
2007-09-30,,,,,,,,,,,19.37,131.47,124.86,332.31,1179.3,1549.95,98.78,18.79,196.17,446.2,395.1,841.3,350.0,708.65,,,,,,0.0,1.19,0.26,0.0,0.0,,,,,,15.28,15.01,0.0,0.74,0.46,9,2007,,345.7692307692308,89.9
2007-12-31,142.61,-11.080000000000013,-0.032331895458005626,0.0,45.24000000000001,6.340000000000003,60.49000000000001,,136.26999999999998,-3.4000000000000057,14.66,85.82,122.24,277.53,1348.22,1651.59,104.65,25.28,230.23,497.29,456.73,954.02,350.0,697.57,98.32000000000002,-53.169999999999995,-49.94999999999999,54.150000000000006,-0.0,0.0,1.37,0.23,0.0,0.0,-2.682141588429336,-0.0,-6.35392032479067,-0.0,-8.310702867292575,10.93,10.63,0.0,0.56,0.31,12,2007,0.0,342.695652173913,78.82
2008-03-31,181.05,4.61,0.01,0.0,61.79,28.86,85.99,2.52,152.19,25.9,62.88,118.98,108.91,316.04,1416.83,1764.05,16.73,22.34,241.55,398.52,403.8,802.32,450.0,961.73,87.64,1.52,-40.94,57.13,63.0,1.18,0.83,0.01,0.0,0.0,1.04,0.0,1.9199999999999997,0.0,8.44,2.59,2.55,0.0,0.79,0.52,3,2008,0.0,461.0,4.61
2008-06-30,251.37,15.52,0.03854942871336314,0.1,58.79,36.18000000000001,100.73,1.98,215.19,24.990000000000002,109.5,91.88,107.21,338.69,1334.74,1712.36,9.26,23.72,238.88,390.74,389.37,780.11,450.0,932.25,208.53000000000003,-14.0,-147.91,64.55000000000001,12.840657216494845,0.96,0.84,0.05,0.1,2.0,3.6390660705414803,0.0,6.66134128166915,0.0,15.17305514157973,4.81,4.66,0.0,0.87,0.59,6,2008,40.26,402.59999999999997,20.13
2008-09-30,207.38999999999993,20.19,0.04506696428571429,0.010133928571428585,77.89999999999999,48.489999999999995,111.16999999999999,1.31,158.89999999999998,44.11,34.61,143.32,170.63,390.04,1351.96,1776.16,134.2,21.0,221.84,485.15,338.56,823.72,450.0,952.44,-17.660000000000025,-39.379999999999995,-17.849999999999994,62.68000000000001,7.2691827637444275,0.62,0.86,0.09,0.1,1.11,4.546755952380953,13.680327380952383,8.472589285714287,9.714434523809523,17.606160714285714,6.49,6.3,0.0,0.8,0.45,9,2008,4.540000000000006,448.0,40.32
2008-12-31,176.45000000000005,-8.760000000000002,-0.019429657794676813,0.0006337135614701975,57.54999999999998,9.129999999999995,71.17000000000002,1.43,167.32000000000005,1.7900000000000063,31.66,142.99,100.59,321.63,1560.45,1925.59,129.7,205.88,221.02,671.34,310.58,981.92,450.0,943.68,257.12,-209.46999999999997,-50.59000000000003,62.03999999999999,-18.40099315068493,0.68,1.04,0.07,0.1,1.43,-1.820836501901141,-7.6164258555133095,-3.708288973384031,-4.274524714828899,-10.858403041825097,4.0,3.87,0.0,0.48,0.33,12,2008,0.2857142857142776,450.8571428571428,31.56
2009-03-31,138.66,-29.56,-0.07,0.0,10.28,-13.33,49.05,1.15,151.99,-18.65,22.66,109.48,87.34,272.84,1526.13,1837.7,127.21,116.04,230.28,587.68,335.91,923.58,450.0,914.12,22.01,-34.28,3.27,62.38,-4.1075,0.57,1.01,-0.07,0.0,0.0,-6.44,-2.96,-12.92,-12.6,-4.28,-24.02,-21.32,0.0,0.46,0.32,3,2009,0.0,422.2857142857142,-29.56
2009-06-30,127.1,-6.790000000000003,-0.014943603851444297,0.05,33.64,9.79,72.79,1.31,117.32,13.059999999999999,12.66,99.82,83.16,241.16,1564.33,1839.3,151.23,76.24,239.81,584.0,370.48,954.48,450.0,884.82,61.53,-76.02,4.49,62.99999999999999,-21.922422680412364,0.67,1.08,-0.08,0.05,-0.63,-1.4794167812929853,-0.14943603851444298,-3.0709105914718036,-2.988720770288859,-0.20921045392022017,-14.73,-13.68,-0.12,0.41,0.27,6,2009,22.71875,454.375,-36.35
2009-09-30,129.21000000000004,-33.080000000000005,-0.07146766527437708,0.0009172907964856789,20.129999999999995,-17.45,47.43000000000001,1.44,146.64999999999998,-13.18,6.44,81.25,39.42,165.53,1590.43,1794.32,151.69,27.6,239.94,542.78,399.8,942.58,450.0,851.74,55.08,-6.019999999999996,-55.28,64.88,-5.0372430471584035,0.76,1.11,-0.15,0.05,-0.33,-7.375463056315715,-2.2488492006337317,-15.532305919631286,-14.67469393633876,-3.201751404292093,-18.6,-17.58,-0.45,0.3,0.23,9,2009,0.424583333333338,462.86666666666673,-69.43
2009-12-31,109.32999999999998,-24.159999999999997,-0.05421091997008226,-0.0019296933433059153,17.430000000000007,-9.830000000000002,8.810000000000002,1.33,119.16000000000003,-13.14,7.72,59.04,29.59,138.64,1602.96,1791.51,125.48,43.46,245.95,580.96,382.98,963.93,450.0,827.58,34.43000000000001,0.8599999999999994,-34.01,18.640000000000015,-6.1302224751655645,0.72,1.16,-0.21,0.05,-0.24,-5.390114328453893,-1.7140976600064104,-11.678581044983437,-10.91446522064323,-2.6331018271182813,-19.82,-18.56,-0.5,0.24,0.19,12,2009,-0.860000000000003,445.6666666666667,-93.59
2010-03-31,167.28,39.62,0.09,0.0,70.27,54.34,82.73,1.61,112.94,49.01,2.66,88.56,20.51,136.26,1626.24,1807.75,124.39,18.88,242.14,539.23,401.32,940.55,450.0,867.2,19.34,-30.66,6.25,28.39,4.4725,0.84,1.08,0.09,0.0,0.0,8.76,11.92,18.28,17.8,17.12,25.49,23.68,3.48,0.25,0.21,3,2010,0.0,440.22222222222223,39.62
2010-06-30,124.59,2.1200000000000045,0.004571154767609017,0.0,41.510000000000005,16.75999999999999,47.02999999999999,1.78,107.83000000000001,18.54,3.95,88.88,18.22,129.43,1598.48,1779.46,127.35,24.48,214.47,528.06,382.08,910.14,450.0,869.33,79.28999999999999,-7.900000000000002,-70.1,30.269999999999996,97.36051886792434,0.92,1.05,0.09,0.0,0.0,0.47743172017249746,0.7984283660757084,0.9751796837565905,0.9670531863919521,1.1539626257786322,15.16,14.3,2.4,0.25,0.21,6,2010,0.0,463.7777777777778,41.74
2010-09-30,161.23000000000002,6.18,0.014186143572621034,0.0,40.75999999999999,19.97,50.73000000000002,1.88,141.25999999999996,20.510000000000005,5.9,80.16,26.78,134.45,1550.45,1732.9,124.13,53.32,201.12,520.74,336.66,857.4,450.0,875.5,110.41,-25.64999999999999,-82.81,30.760000000000005,33.12915857605178,0.97,0.98,0.11,0.0,0.0,1.428931552587646,2.6618363939899834,2.8217529215358925,2.863021702838063,3.874106844741235,11.13,10.58,2.05,0.26,0.21,9,2010,0.0,435.6363636363636,47.92
2010-12-31,172.12,9.920000000000002,0.022295988934993086,0.0,52.120000000000005,22.830000000000013,52.69999999999999,1.99,149.29000000000002,28.36,9.67,92.45,84.84,207.07,1487.28,1748.02,150.86,93.28,189.42,581.27,281.33,862.6,450.0,885.42,57.73999999999998,3.789999999999992,-57.75999999999999,29.870000000000005,22.31679435483871,1.01,0.97,0.13,0.0,0.0,2.27076071922545,4.418035961272476,4.479778699861688,4.630705394190872,6.695656984785616,9.62,9.25,1.99,0.36,0.21,12,2010,0.0,444.92307692307696,57.84
2011-03-31,237.4,48.63,0.11,0.0,96.6,61.5,87.95,3.1,175.9,60.68,11.73,98.85,20.1,145.13,1532.72,1721.66,70.17,86.61,198.89,500.29,295.33,795.62,450.0,926.04,150.79,-4.66,-144.07,26.45,7.045000000000001,1.51,0.86,0.11,0.0,0.0,11.28,13.96,21.0,21.68,20.16,20.56,20.48,5.13,0.29,0.25,3,2011,0.0,442.0909090909091,48.63
2011-06-30,114.65,-8.350000000000001,-0.018656901688182723,0.06,27.120000000000005,2.9099999999999966,30.560000000000002,3.02,111.73999999999998,1.4399999999999977,16.38,70.27,84.24,191.88,1588.56,1829.33,171.64,95.22,214.12,626.17,312.47,938.64,450.0,890.7,-5.469999999999999,-2.5,12.609999999999985,27.650000000000002,-40.47295808383233,1.53,1.05,0.09,0.06,0.67,-1.8242303872889776,-2.960228401191659,-3.7479642502482626,-3.7977159880834166,-4.436196623634558,11.52,11.44,2.73,0.31,0.17,6,2011,26.853333333333335,447.5555555555556,40.28
2011-09-30,331.82,42.36,0.09226524685382381,0.0015101645692158722,95.46000000000001,60.72,89.87999999999998,3.28,271.1,59.64000000000001,29.67,135.66,106.86,304.12,1654.74,2002.12,81.95,271.76,229.22,726.93,342.14,1069.07,450.0,933.06,175.95999999999998,-9.36,-153.29,29.160000000000004,8.886336166194523,1.58,1.15,0.18,0.06,0.33,8.467899322362053,13.737270087124879,18.166001936108422,18.740096805421103,20.113823814133593,12.14,12.08,3.48,0.42,0.27,9,2011,0.6933333333333316,459.11111111111114,82.64
2011-12-31,276.90999999999997,16.08,0.03583468395461912,-0.001388438681793621,84.06,34.99000000000001,65.37,3.12,241.90999999999997,33.980000000000004,55.84,126.04,90.07,299.9,1670.38,2015.8,127.3,283.2,224.96,743.06,323.6,1066.67,450.0,949.13,72.09000000000003,-16.320000000000004,-29.610000000000014,30.379999999999995,21.763830845771146,1.48,1.12,0.22,0.06,0.27,3.1925445705024313,5.544602917341977,6.776012965964343,7.010567260940031,8.19636952998379,10.32,10.27,3.28,0.4,0.28,12,2011,-0.6230303030303013,448.72727272727275,98.72
2012-03-31,316.65,56.67,0.13,0.0,101.09,76.68,107.24,3.24,239.97,65.66,35.34,192.91,57.83,302.1,1710.02,2039.18,149.24,213.28,222.02,689.9,343.48,1033.38,450.0,1005.8,4.66,-10.43,-14.73,30.56,6.230000000000001,1.45,1.03,0.13,0.0,0.0,11.12,16.32,22.52,23.48,22.72,18.54,17.9,5.9,0.44,0.35,3,2012,0.0,435.9230769230769,56.67
2012-06-30,287.25,20.549999999999997,0.039918414918414906,0.01,76.0,32.69,65.44000000000001,3.44,254.57000000000002,39.730000000000004,49.71,147.68,249.33,471.62,1866.24,2508.74,217.34,482.0,234.31,1051.54,437.09,1488.63,506.25,1020.1,190.32,-24.35,-151.61,32.75,21.540810218978102,1.71,1.46,0.15,0.01,0.09,3.278632478632478,5.365034965034964,8.058197358197358,8.6010878010878,7.994327894327894,12.87,12.79,4.18,0.45,0.21,6,2012,5.148000000000001,514.8000000000001,77.22
2012-09-30,384.62,63.84,0.12672054444917058,-0.00021863037005529865,104.35999999999999,85.19999999999999,125.30000000000001,3.86,299.42,66.02,38.87,217.83,214.73,506.2,1710.5,2569.07,213.05,403.14,237.25,963.86,521.26,1485.12,506.25,1083.95,9.710000000000008,-32.39,11.849999999999994,40.099999999999994,7.617549342105263,1.8,1.37,0.28,0.01,0.05,9.938511271799236,15.405597618034879,23.551918332624414,25.3260059549128,21.940757124627815,14.61,14.27,4.63,0.53,0.3,9,2012,-0.11014285714285865,503.7857142857142,141.06
2012-12-31,330.43000000000006,50.66,0.10041101606509492,1.4679145181963304e-05,101.69,74.24000000000001,117.29999999999995,4.42,256.19000000000005,54.93000000000001,8.62,179.91,254.84,471.27,1685.4,2799.49,375.29,293.59,248.42,1033.86,631.03,1664.89,506.25,1134.6,37.69999999999999,-19.269999999999996,-48.66999999999999,43.06,11.003274772996448,1.97,1.47,0.38,0.01,0.04,7.240162737325265,11.795651992489045,17.862591278948464,19.44802837471312,16.086901731692052,15.02,14.54,4.53,0.46,0.21,12,2012,0.007406015037594749,504.5263157894737,191.72
2013-03-31,324.11,25.37,0.05,0.0,79.2,53.24,100.31,10.0,270.87,40.24,8.6,164.1,261.15,459.89,1907.99,2750.23,81.79,320.08,266.25,781.86,797.47,1579.33,506.25,1170.9,153.5,-62.3,-91.22,47.07,50.0,4.32,1.35,0.05,0.0,0.0,3.6799999999999997,8.88,8.68,9.32,10.8,8.15,7.83,2.7,0.59,0.25,3,2013,0.0,507.4,25.37
2013-06-30,366.33000000000004,31.830000000000002,0.05564685314685315,0.02,104.52,54.24,104.41,4.0,312.09000000000003,61.93,8.42,223.15,219.83,474.8,1878.46,2749.24,82.48,294.02,252.23,797.61,750.59,1548.2,578.57,1201.04,60.27000000000001,-21.17,-39.28,50.169999999999995,17.97046811184417,1.93,1.29,0.1,0.02,0.16,4.629818181818182,9.103825174825174,10.595160839160839,11.46325174825175,12.264566433566433,8.35,8.28,2.81,0.6,0.32,6,2013,11.44,572.0,57.2
2013-09-30,394.55999999999995,20.33,0.034088739842641554,0.0008177479685283123,79.54999999999998,48.33,99.76000000000002,4.52,346.2199999999999,43.36,47.1,153.28,431.6,665.99,1952.84,2985.9,33.29,570.64,260.2,962.3,804.71,1767.0,578.57,1218.9,190.98,-32.7,-139.92000000000002,51.42999999999999,33.1495093457944,2.15,1.45,0.13,0.02,0.12,2.7270991874113246,5.884240938991358,6.67090416612924,7.058991358183929,8.076409131948923,7.21,7.15,2.79,0.69,0.24,9,2013,0.4876923076923081,596.3846153846154,77.53
2013-12-31,343.18000000000006,-4.939999999999998,-0.008846948615511776,-0.0013610690177710426,91.19,14.740000000000009,67.02999999999997,4.02,328.45000000000016,10.859999999999985,4.01,178.65,559.38,791.85,1928.37,3094.97,20.79,749.43,256.5,1128.19,784.78,1912.98,578.57,1181.99,70.77999999999997,-3.230000000000004,-90.32,52.29000000000002,-113.58718623481788,1.97,1.62,0.13,0.02,0.12,-0.6397024383523898,-1.5761179225788668,-1.6713927538228395,-1.7067805482848868,-2.360093676814987,5.13,5.08,2.29,0.7,0.21,12,2013,-0.7599999999999998,558.3846153846154,72.59
2014-03-31,432.86,157.13,0.27,0.0,86.61,206.32,256.86,4.94,226.54,44.06,10.66,187.86,467.39,807.39,1918.65,2784.42,16.14,526.74,200.63,870.8,574.5,1445.3,578.57,1339.13,-49.26,361.85,-305.93,50.54,4.575,2.13,1.08,0.27,0.0,0.0,22.56,29.84,46.92,50.08,43.12,58.07,36.3,15.02,0.93,0.39,3,2014,0.0,581.9629629629629,157.13
2014-06-30,301.78,28.340000000000003,0.04584029762225697,0.01,87.17999999999999,47.170000000000016,100.44999999999999,5.85,254.60999999999999,43.66,4.28,244.17,365.97,644.63,1953.31,2658.27,51.44,339.61,211.41,725.37,570.8,1296.17,626.78,1362.1,-44.080000000000005,70.19999999999999,-32.50999999999999,53.279999999999994,31.904243119266052,2.69,0.95,0.3,0.01,0.03,4.266203698711383,5.733093222623606,8.324598048201866,8.844121421254112,8.01288402437052,32.6,25.25,9.61,0.89,0.38,6,2014,6.182333333333333,618.2333333333333,185.47
2014-09-30,232.74,17.400000000000006,0.027446147779366107,0.00024820492597887027,67.66,34.139999999999986,90.00999999999999,5.15,198.61,27.53,9.02,174.69,357.67,576.21,1996.32,2634.51,35.32,342.27,220.62,704.83,550.18,1255.01,626.78,1379.5,167.02,-79.97000000000003,-82.29000000000002,55.870000000000005,46.89911350574711,2.34,0.91,0.32,0.01,0.03,2.6416917237639876,3.5131069157588612,5.046660422930943,5.355429585448811,5.115275792379358,25.52,20.97,7.38,0.82,0.31,9,2014,0.1573541666666669,633.96875,202.87
2014-12-31,276.82000000000005,33.50999999999999,0.05387003976647769,-0.00019156125729757122,104.16000000000003,61.620000000000005,119.50000000000006,4.24,215.19000000000005,57.47999999999999,17.28,209.67,332.83,584.27,2072.32,2726.23,68.16,84.42,287.38,552.82,760.39,1313.22,626.78,1413.02,-146.28,-50.629999999999995,205.15,57.879999999999995,19.680698299015223,1.88,0.93,0.38,0.01,0.02,4.916349945003806,6.804636602081392,9.486797529401809,10.331706574160247,9.112542516287332,22.14,19.0,6.59,1.06,0.45,12,2014,-0.11916118421052602,622.0526315789474,236.38
2015-03-31,321.86,37.99,0.05,0.0,104.79,62.73,122.07,5.3,259.13,59.82,7.53,235.59,446.03,718.04,2040.1,2835.25,189.48,93.77,288.12,690.2,693.78,1383.98,626.78,1451.27,-11.02,-36.16,37.44,59.34,26.5,2.29,0.95,0.05,0.0,0.0,5.36,8.92,10.48,10.88,11.68,11.91,11.8,4.21,1.04,0.39,3,2015,0.0,759.8,37.99
2015-06-30,214.15999999999997,-14.82,-0.019188605955977555,0.01,43.52999999999999,-2.299999999999997,63.56,3.92,216.45999999999998,-2.219999999999999,13.23,182.89,318.57,541.92,2250.66,2875.8,125.39,91.27,321.89,654.67,793.48,1448.15,696.42,1427.65,235.84,-61.63000000000001,-168.52,65.86,-51.073277665317136,1.91,1.01,0.03,0.01,0.41,-2.072369443245576,-5.577488131204143,-4.144738886491152,-4.247078118256366,-6.959067760034528,4.35,4.32,1.91,0.83,0.34,6,2015,7.723333333333334,772.3333333333334,23.17
2015-09-30,172.92000000000007,-51.97,-0.07218055555555555,-0.000726851851851852,2.0999999999999943,-48.03,22.909999999999997,3.1,220.95,-49.96,6.55,141.99,272.64,444.42,2315.58,2853.07,98.5,135.25,340.36,686.97,790.86,1477.84,696.42,1375.23,-158.23,25.090000000000003,126.47000000000001,70.93999999999998,-10.736963632865114,1.57,1.07,-0.04,0.01,-0.31,-7.290236111111111,3.248125,-15.085736111111109,-15.085736111111109,4.1142916666666665,-4.09,-4.06,0.27,0.65,0.25,9,2015,-0.5233333333333334,720.0,-28.8
2015-12-31,193.2199999999999,-16.389999999999997,-0.021761451648594818,0.00044036291214870474,12.130000000000024,8.950000000000001,79.26000000000002,2.44,184.26999999999998,-24.37,10.53,137.35,264.34,433.17,2264.52,2788.45,65.46,134.2,355.87,576.01,853.83,1429.84,696.42,1358.62,5.689999999999998,-3.0799999999999983,1.37,70.31,-28.033515863331303,1.25,1.05,-0.06,0.01,-0.21,-2.3502367780482407,1.1170878512945341,-4.831042265988049,-4.729488824961274,1.3927329055100683,-5.23,-5.01,0.34,0.75,0.29,12,2015,0.3316666666666661,753.1666666666666,-45.19
2016-03-31,246.43,-38.46,-0.060000000000000005,0.0,35.0,-18.23,51.98,2.32,264.66,-23.01,67.41,186.14,283.75,603.58,2491.53,3180.54,0.0,188.81,413.13,824.94,1034.51,1859.46,696.42,1321.08,83.88,-45.62,18.61,70.21,-9.6675,1.22,1.41,-0.06,0.0,0.0,-4.839999999999999,-2.44,-11.64,-11.08,-3.08,-15.92,-15.61,-1.18,0.73,0.39,3,2016,0.0,641.0,-38.46
2016-06-30,157.23000000000002,-62.29,-0.08655682382133996,0.0,4.149999999999999,-28.580000000000002,43.96,3.76,185.79999999999995,-30.779999999999998,22.93,181.65,285.44,516.79,2430.18,3032.33,52.13,145.41,390.13,813.41,960.05,1773.46,696.42,1258.87,-4.659999999999997,39.19,-79.0,72.54,-10.861073205972065,2.08,1.41,-0.14,0.0,0.0,-8.21053300248139,-3.907422332506204,-19.784416873449132,-18.54789081885856,-5.2181399503722075,-25.4,-24.96,-1.33,0.64,0.28,6,2016,0.0,719.6428571428571,-100.75
2016-09-30,117.63999999999993,-79.97,-0.11505201416555998,0.0,-18.959999999999997,-56.97,15.070000000000007,2.98,174.62000000000006,-59.800000000000004,21.36,95.39,272.9,424.57,2392.57,2890.36,31.47,150.09,383.56,788.2,923.54,1711.73,696.42,1178.62,109.41999999999999,-6.950000000000001,-104.04,72.03999999999999,-6.47446292359635,1.76,1.45,-0.26,0.0,0.0,-11.062693669765382,-6.389811863656485,-27.13457503320053,-25.04593846834883,-8.743953076582558,-35.33,-34.67,-1.96,0.54,0.19,9,2016,0.0,695.0769230769231,-180.72
2016-12-31,138.63,-99.41,-0.14194838110877095,0.0,-39.6,-70.47,2.780000000000001,2.8,209.0999999999999,-70.25,5.33,102.42,217.63,357.66,2402.88,2885.2,81.49,225.08,382.44,915.04,889.32,1804.36,696.42,1080.84,17.5,-15.53,-18.0,73.25000000000003,-4.931370083492606,1.8,1.67,-0.4,0.0,0.0,-13.783187805661658,-8.715630600078534,-36.793020383393426,-32.60554314068468,-12.54823689001535,-43.07,-42.45,-2.49,0.39,0.15,12,2016,0.0,700.3249999999999,-280.13
2017-03-31,247.7,-14.02,-0.02,0.0,31.6,1.64,77.66,2.42,246.06,-12.42,11.96,173.87,173.29,394.41,2369.45,2893.88,80.65,279.13,425.09,1031.74,793.95,1825.69,696.42,1068.19,64.08,-11.77,-45.68,76.02,-30.249999999999996,1.58,1.71,-0.02,0.0,0.0,-1.92,0.2,-5.24,-4.68,0.36,-6.0,-5.66,0.1,0.38,0.21,3,2017,0.0,701.0,-14.02
2017-06-30,255.2,5.469999999999999,0.006397660818713449,0.0,60.76,33.43,112.4,2.02,221.76,29.439999999999998,74.32,211.54,184.59,517.24,2400.66,3028.44,61.41,368.21,239.0,921.72,913.82,1835.54,757.06,1192.9,91.36,-37.230000000000004,8.240000000000002,78.97000000000001,78.93510054844609,1.28,1.54,-0.01,0.0,0.0,0.7165380116959064,-2.96851461988304,1.842526315789473,1.7913450292397652,-4.24804678362573,-1.76,-1.7,1.11,0.56,0.36,6,2017,0.0,855.0,-8.55
2017-09-30,392.34000000000003,44.32000000000001,0.061951355884819696,0.0,100.27999999999999,64.91999999999999,145.45999999999998,3.9,327.43,65.06,15.15,310.48,158.39,526.16,2347.66,2997.77,63.86,367.43,277.27,939.46,822.36,1761.83,757.06,1235.94,41.670000000000016,-10.259999999999998,-90.59,80.53999999999999,15.738154332129964,2.39,1.43,0.05,0.0,0.0,5.897769080234834,16.850768800670952,14.323153480570312,14.670081073525303,24.086687168017892,4.08,4.0,1.8,0.56,0.39,9,2017,0.0,715.4,35.77
