,revenue,net_profit,eps,dps,gross_profit,ebit,ebitda,close_price,expense,operating_profit,cash,account_receivable,inventory,current_asset,property_plant_equipment,total_asset,short_term_loan,account_payable,current_portion_long_term_debt,current_liability,non_current_liability,total_liability,paid_in_capital,total_equity,cash_flow_operation,cash_flow_investment,cash_flow_financing,depreciation,P/E,P/BV,D/E,EPS,DPS,DPR%,ROA%,ROAA%,ROE%,ROAE%,ROCE%,NPM%,NPMA%,CurrentRatio,QuickRatio,month,year,dividend,number_of_shares,return_old
2013-06-30,,,,,,,,,,,68.63,929.33,309.52,1311.54,278.09,1819.19,458.96,642.61,30.14,1260.04,124.97,1385.0,250.0,434.19,,,,,,0.0,3.19,0.13,0.0,0.0,,,,,,3.83,3.8,1.04,0.8,6,2013,,460.2307692307692,59.83
2013-09-30,758.1400000000001,21.60000000000001,0.04244136067788286,0.0,89.16000000000003,32.25,36.43999999999998,3.3,725.8999999999999,29.61,224.52,725.85,311.94,1488.7,274.97,1998.15,0.0,676.47,31.47,839.73,117.6,957.32,350.0,1040.82,46.80000000000001,-6.819999999999993,115.92000000000002,4.1899999999999995,19.443297453703696,1.11,0.92,0.16,0.0,0.0,4.329018789144051,0.0,8.297286012526099,0.0,11.034753776249543,3.51,3.49,1.77,1.4,9,2013,0.0,508.93750000000006,81.43
2013-12-31,827.3499999999999,28.679999999999993,0.05209336118427026,0.06,99.56,37.870000000000005,42.360000000000014,2.36,789.4700000000003,32.17999999999999,216.17,790.06,312.42,1552.29,275.86,2059.49,0.0,769.12,29.93,917.36,114.62,1031.98,350.0,1027.51,43.06999999999999,-1.9000000000000057,-49.53,4.490000000000002,11.325819386331942,0.8,1.0,0.2,0.06,0.3,5.573989646716917,0.0,11.168816637907545,0.0,14.440279720279715,3.51,3.48,1.69,1.35,12,2013,33.032999999999994,550.55,110.11
2014-03-31,775.59,19.96,0.03,0.0,91.54,27.0,31.63,2.74,748.59,22.45,113.81,1073.67,402.11,1594.01,275.25,2100.92,0.0,862.41,27.78,998.99,112.14,1111.12,350.0,989.79,-91.91,-3.27,-7.18,4.63,22.8325,0.97,1.12,0.03,0.0,0.0,3.8000000000000003,0.0,8.08,0.0,9.8,2.59,2.57,1.6,1.19,3,2014,0.0,665.3333333333334,19.96
2014-06-30,849.7799999999999,46.68,0.07004801920768308,0.08,123.23,60.44,65.26,3.3,789.34,51.06999999999999,132.26,1109.37,391.84,1639.82,281.66,2202.01,61.67,833.0,26.45,1058.98,106.56,1165.54,350.0,1036.47,81.49,-59.25,-3.790000000000001,4.819999999999999,11.777634961439588,1.11,1.12,0.1,0.08,0.8,8.489819927971189,12.188355342136854,18.016350540216088,25.385402160864345,21.43469387755102,4.14,4.1,1.55,1.18,6,2014,53.312,666.4,66.64
2014-09-30,1219.0900000000001,80.86999999999999,0.11512914378686188,0.06410331502948956,181.49999999999997,102.00999999999999,106.94000000000001,6.25,1117.07,98.11,165.33,1343.98,328.06,1847.89,299.91,2355.82,0.0,1052.82,25.33,1178.43,102.05,1280.48,350.0,1075.34,95.76,48.760000000000005,-111.45,4.9300000000000015,13.570847038456785,2.03,1.19,0.21,0.14,0.67,13.7277798115382,19.078543827537114,30.087082909633246,30.569528845501996,35.28434140058301,5.22,5.19,1.57,1.29,9,2014,45.02800000000002,702.4285714285714,147.51
2014-12-31,1163.6399999999999,87.71000000000001,0.12305203639146332,0.002034690927642191,193.99,115.19999999999999,120.53,6.55,1048.4499999999998,109.26999999999998,398.0,1320.6,333.7,2061.12,347.56,2612.44,0.0,1138.63,25.81,1307.77,103.02,1410.79,350.0,1201.65,249.36999999999998,-37.82,21.120000000000005,5.33,13.308394139778816,1.91,1.17,0.33,0.14,0.42,13.423858515432363,19.449679449026444,29.189434571890146,31.47149051951365,34.82745514837174,5.9,5.87,1.58,1.32,12,2014,1.4503030303030187,712.7878787878788,235.22
2015-03-31,1003.41,63.66,0.06,0.0,178.48,83.99,89.78,7.2,919.42,79.67,872.73,1076.47,298.5,2254.28,379.06,2836.3,250.0,815.97,27.84,1246.5,110.48,1356.98,362.87,1479.33,39.37,-27.54,462.9,5.79,30.0,1.77,0.92,0.06,0.0,0.0,8.96,13.6,17.2,20.64,21.12,6.37,6.34,1.81,1.57,3,2015,0.0,1061.0,63.66
2015-06-30,1134.38,67.64000000000001,0.07212185833968013,0.01,184.27,103.96,111.25999999999999,5.75,1030.42,75.16000000000001,467.8,1279.32,429.29,2451.07,454.22,3120.03,137.02,1016.88,31.29,1345.12,177.38,1522.49,521.04,1555.37,56.949999999999996,-353.28,-108.58999999999997,7.3,19.930850827912476,1.93,0.98,0.14,0.01,0.08,8.675229246001525,14.548009139375477,17.391670982482864,20.87412642802742,21.822013709063214,6.24,6.14,1.82,1.5,6,2015,9.37857142857143,937.8571428571429,131.3
2015-09-30,1259.56,60.66999999999999,0.060047403240089586,0.10071767166000639,195.14999999999998,88.94999999999999,99.03,4.92,1170.61,77.41999999999999,522.45,1353.8,450.73,2592.61,467.09,3274.59,233.56,1114.82,35.41,1537.34,165.47,1702.81,528.29,1522.78,95.58000000000001,-16.410000000000025,-24.53000000000003,10.080000000000002,20.480069639030827,1.71,1.12,0.19,0.11,0.59,7.407953326040526,12.439293639631188,15.941005365421677,18.684223576600505,20.15064437151638,5.73,5.65,1.69,1.39,9,2015,101.76195488721804,1010.3684210526316,191.97
2015-12-31,1177.0800000000004,56.41,0.054506804090506476,0.002609202368187967,170.21000000000004,77.42000000000002,88.36000000000001,4.78,1099.6599999999999,62.920000000000016,712.31,1324.82,450.92,2496.49,468.07,3437.03,146.97,1217.84,36.11,1590.67,159.12,1749.79,533.25,1632.78,255.07000000000002,-13.46999999999997,-51.73999999999995,10.939999999999998,21.927537670625778,1.56,1.07,0.24,0.11,0.46,6.568069892906031,10.637911264997182,13.817474836943394,15.925071261776312,17.433092841613657,5.5,5.43,1.57,1.29,12,2015,2.7003070175438637,1034.9166666666667,248.38
2016-03-31,1085.83,23.76,0.02,0.0,145.64,33.92,50.7,4.04,1051.91,31.84,650.35,1412.37,570.72,2643.86,463.42,3538.44,276.3,1078.97,35.69,1587.04,182.72,1769.76,554.7,1704.04,-274.7,9.7,203.05,16.78,50.5,1.32,1.04,0.02,0.0,0.0,2.68,4.24,5.56,5.96,6.960000000000001,2.19,2.19,1.67,1.31,3,2016,0.0,1188.0,23.76
2016-06-30,1007.9000000000001,42.75,0.038565629228687406,0.1,158.35000000000002,55.97,72.25,3.66,951.9299999999998,46.86,361.63,1477.03,601.66,2450.62,453.12,3327.29,273.28,956.74,35.48,1464.67,168.74,1633.41,587.87,1629.22,-158.77000000000004,-0.14999999999999858,-129.82,16.28,23.725789473684213,1.32,1.0,0.06,0.1,1.67,5.142083897158321,7.1732070365358584,10.489851150202977,10.746955345060892,12.418132611637347,3.19,3.18,1.67,1.26,6,2016,110.85000000000002,1108.5000000000002,66.51
2016-09-30,1243.4099999999999,49.05,0.04244548286604361,0.06407580477673933,176.62,61.2,77.8,2.82,1182.2,58.57000000000001,303.28,1643.3,612.91,2568.7,446.98,3437.49,241.15,1167.83,34.91,1619.14,145.19,1764.34,587.87,1607.73,96.03000000000003,-20.5,-133.87,16.599999999999994,16.60954128440367,1.03,1.1,0.1,0.16,1.6,5.704672897196261,7.64018691588785,12.207320872274144,12.529906542056073,14.108878504672896,3.48,3.46,1.59,1.21,9,2016,74.04599999999996,1155.6,115.56
2016-12-31,1375.9100000000003,54.02000000000001,0.047782757400636866,-0.0035475881589809724,184.49,69.99000000000001,87.06,2.78,1305.9300000000003,64.66999999999999,458.37,1868.93,648.84,2988.29,439.84,3843.38,150.46,1614.86,37.06,1978.51,135.58,2114.09,587.87,1661.75,256.5,-1.9100000000000001,-99.49999999999999,17.070000000000007,14.542379674194741,0.98,1.27,0.15,0.16,1.07,5.619252270314897,7.7344356645830885,12.996910012973228,13.111588630734756,15.09935133860125,3.61,3.6,1.51,1.18,12,2016,-4.010666666666623,1130.5333333333335,169.58
2017-03-31,1019.16,54.96,0.049999999999999996,0.0,179.63,71.8,87.77,3.06,947.37,64.39,208.32,1486.22,674.66,2378.59,436.48,3225.54,197.13,874.39,37.54,1307.28,133.55,1440.83,587.87,1716.7,-289.56,2.38,37.13,15.97,15.3,1.05,0.84,0.05,0.0,0.0,6.8,8.48,12.8,12.84,14.96,5.43,5.39,1.82,1.3,3,2017,0.0,1099.2,54.96
2017-06-30,1043.54,43.74,0.03545288753799392,0.1,160.51,55.88000000000001,71.81000000000002,3.22,987.65,50.94,195.97,1638.63,684.75,2528.56,428.01,3364.44,264.62,992.52,37.18,1529.3,125.08,1654.38,587.87,1642.88,51.55000000000001,-4.48,-59.42,15.929999999999998,22.706189986282578,1.15,1.01,0.08,0.1,1.25,5.19384802431611,6.771501519756839,10.653592705167172,10.689045592705169,12.337604863221884,4.81,4.78,1.65,1.21,6,2017,123.375,1233.75,98.7
2017-09-30,1180.21,50.489999999999995,0.0439955761109994,0.07249447013874923,170.06,62.66999999999999,78.41999999999999,3.18,1117.54,56.44000000000001,183.16,1751.72,843.25,2791.86,419.05,3612.39,268.27,1220.94,36.81,1832.84,115.06,1947.9,587.87,1599.31,84.54999999999998,2.37,-99.72999999999999,15.75,18.068862150920978,1.17,1.22,0.13,0.18,1.38,5.590822441182384,7.310034184596823,12.630114618942287,12.589503317916751,14.484697365775185,4.63,4.6,1.52,1.06,9,2017,83.1957692307692,1147.6153846153845,149.19
