,revenue,net_profit,eps,dps,gross_profit,ebit,ebitda,close_price,expense,operating_profit,cash,account_receivable,inventory,current_asset,property_plant_equipment,total_asset,short_term_loan,account_payable,current_portion_long_term_debt,current_liability,non_current_liability,total_liability,paid_in_capital,total_equity,cash_flow_operation,cash_flow_investment,cash_flow_financing,depreciation,P/E,P/BV,D/E,EPS,DPS,DPR%,ROA%,ROAA%,ROE%,ROAE%,ROCE%,NPM%,NPMA%,TIE,CurrentRatio,QuickRatio,month,year,dividend,number_of_shares,return_old
2000-03-31,232.25,44.71,1.64,0.0,43.92,30.08,41.73,1.08,202.17,17.06,4.5,7.38,62.22,368.56,684.96,1060.89,89.13,54.47,3.6,155.51,6.1,161.61,272.0,899.28,11.17,-3.41,-8.02,11.65,0.165,0.33,0.18,1.64,0.0,0.0,16.84,0.0,19.88,0.0,13.280000000000001,20.41,19.25,0.0,2.37,1.97,3,2000,0.0,27.262195121951223,44.71
2000-06-30,156.93,30.309999999999995,1.1110703812316716,0.0,61.11,31.1,42.87,1.08,125.83000000000001,42.370000000000005,14.86,9.0,59.73,332.15,667.7,1006.21,19.97,50.97,3.6,81.24,5.2,86.44,272.0,919.77,84.42999999999999,-3.6099999999999994,-70.46000000000001,11.770000000000001,0.24132134609039924,0.32,0.09,2.75,0.0,0.0,12.056123700346571,0.0,13.187395361237003,0.0,10.682436683551053,19.39,19.28,0.0,4.09,3.35,6,2000,0.0,27.279999999999998,75.02
2000-09-30,165.99999999999994,22.10000000000001,0.8123661449752886,0.0,41.359999999999985,22.309999999999995,34.33000000000001,1.0,143.7,20.529999999999994,9.85,7.49,75.52,350.51,671.8,1028.95,31.6,50.35,3.6,92.72,4.3,97.02,272.0,931.93,9.730000000000004,-25.139999999999997,10.41000000000001,12.019999999999996,0.30761990950226237,0.29,0.1,3.57,0.0,0.0,8.592421746293248,0.0,9.484431630971997,0.0,8.119110378912689,17.63,17.49,0.0,3.78,2.97,9,2000,0.0,27.20448179271709,97.12
2000-12-31,1435.02,15.379999999999995,0.5523128888888887,0.0,74.63000000000002,20.74000000000001,43.53,0.95,1414.27,13.64,11.04,517.18,236.94,773.71,1727.15,2237.3,272.37,130.44,52.12,477.07,649.68,1126.76,408.0,1073.38,56.280000000000015,-137.87,81.25,22.79,0.43888166449934995,0.36,1.05,4.04,0.0,0.0,2.7506275555555546,0.0,5.730929777777776,0.0,3.2373191111111104,5.69,5.65,0.0,1.62,1.13,12,2000,0.0,27.846534653465348,112.5
2001-03-31,510.14,31.07,0.7600000000000001,0.0,83.43,44.25,65.57,0.9,465.89,35.18,7.0,465.83,197.44,696.48,1843.08,2283.44,297.9,124.95,46.86,487.18,663.87,1151.05,408.0,1094.74,111.55,-153.27,37.68,21.32,0.295,0.34,1.05,0.76,0.0,0.0,5.44,10.6,11.36,12.48,9.84,6.21,6.09,0.0,1.43,1.02,3,2001,0.0,40.88157894736842,31.07
2001-06-30,434.07000000000005,27.990000000000002,0.6871909922113105,0.0,73.13999999999999,41.39,62.610000000000014,2.1,392.66999999999996,24.35,7.98,454.78,203.75,695.86,1865.05,2295.75,313.51,138.54,42.06,525.9,642.98,1168.88,408.0,1112.9,74.73,-66.22999999999999,-7.530000000000001,21.22,0.7648892461593426,0.77,1.05,1.45,0.0,0.0,4.871947172367084,9.838679309177108,10.066163223840162,11.014012868269555,9.175184558076532,6.47,6.25,0.0,1.32,0.94,6,2001,0.0,40.73103448275862,59.06
2001-09-30,419.6199999999999,56.89999999999999,1.3935494998275264,0.0,114.94999999999999,71.8,98.53999999999999,1.63,347.83000000000015,68.01,4.84,542.75,255.15,833.47,1836.1,2411.87,313.1,153.1,49.87,549.62,687.75,1237.37,408.0,1159.87,-37.610000000000014,-11.150000000000006,45.63,26.740000000000002,0.29040949033391916,0.57,1.07,2.84,0.0,0.0,9.440807174887892,17.959123835805446,19.62745774404967,21.766850638151084,16.58520179372197,8.73,8.5,0.0,1.52,1.05,9,2001,0.0,40.83098591549296,115.96
2001-12-31,273.1100000000001,58.760000000000005,1.439404761904762,0.0,115.54000000000002,79.13,104.71000000000001,2.1,193.9799999999998,62.77999999999999,4.73,562.18,268.03,852.34,1842.63,2452.74,324.93,136.88,73.89,575.96,652.75,1228.71,408.0,1208.69,54.420000000000016,-21.97999999999999,-32.56,25.58,0.36424778761061943,0.71,1.02,4.28,0.0,0.0,9.578095238095239,13.573452380952382,19.45214285714286,20.595595238095243,16.96345238095238,11.03,10.67,0.0,1.48,1.01,12,2001,0.0,40.822429906542055,174.72
2002-03-31,583.67,96.73,2.37,0.0,157.5,122.22,148.82,4.5,461.46,97.21,6.98,530.2,207.74,750.89,1816.89,2333.69,259.26,147.51,85.88,546.06,474.96,1021.02,408.0,1295.7,247.83,-11.36,-234.21,26.6,0.475,1.42,0.79,2.37,0.0,0.0,16.56,21.16,29.88,32.36,27.36,17.33,16.57,0.0,1.38,0.99,3,2002,0.0,40.81434599156118,96.73
2002-06-30,577.1999999999999,95.99,2.3509381486093814,1.9,161.13,116.65,144.42000000000002,9.5,460.54,81.35000000000001,11.08,498.31,223.39,742.02,1822.53,2338.9,433.36,158.81,76.55,725.85,289.77,1015.62,408.0,1304.35,165.50999999999996,-56.31,-105.11999999999998,27.769999999999996,1.0088738410251068,2.97,0.78,4.72,1.9,0.4,16.416720630967205,20.54082399335824,29.44649647156496,31.77751141552511,29.50626608551266,17.57,16.6,0.0,1.02,0.71,6,2002,77.57796610169491,40.83050847457627,192.72
2002-09-30,593.2600000000002,92.17999999999998,0.22648648648648642,2.9093907466788824,170.14,113.67000000000002,143.2,7.95,479.5899999999999,102.55000000000001,10.37,556.31,240.48,823.45,1915.04,2521.53,565.98,212.6,113.16,943.65,219.82,1163.47,408.0,1337.64,96.63000000000005,-140.60000000000002,43.25999999999999,29.53000000000001,8.777565632458234,2.42,0.87,0.7,3.1,4.43,14.624555984555982,18.49423938223938,27.566640926640922,29.520895752895747,28.912617760617753,16.97,16.24,0.0,0.87,0.62,9,2002,1184.122033898305,407.0,284.9
2002-12-31,583.5099999999998,79.0,0.1932124209947788,0.13422643583402002,172.94000000000005,100.04999999999995,132.23999999999995,9.1,483.46000000000004,88.34999999999997,9.66,565.86,268.97,860.86,2068.54,2795.56,1003.04,198.19,55.57,1330.52,85.8,1416.31,408.0,1357.75,92.68999999999994,-291.31999999999994,197.93,32.19,11.76917088607595,2.73,1.04,0.89,3.22,3.62,11.30618301731245,14.979389942291839,23.27232756251718,24.62698543555922,26.82396262709536,16.16,15.57,0.0,0.65,0.44,12,2002,54.88202247190998,408.876404494382,363.9
2003-03-31,732.45,93.27,0.23,0.0,210.89,127.53,162.88,10.7,604.92,130.19,11.59,535.42,258.89,829.23,2058.14,2764.56,901.76,255.86,0.62,1262.91,38.38,1301.28,408.0,1441.3,244.36,-42.66,-199.78,35.35,11.63,3.03,0.9,0.23,0.0,0.0,13.48,20.0,25.880000000000003,27.28,33.96,12.93,12.73,0.0,0.66,0.45,3,2003,0.0,405.52173913043475,93.27
2003-06-30,801.3199999999999,107.39,0.26224010764477224,0.25,235.27000000000004,151.74999999999997,209.18,13.2,649.57,154.10000000000002,8.39,547.92,334.44,1036.66,2131.42,2976.95,908.99,309.56,0.62,1478.46,40.22,1518.67,408.0,1436.87,169.56,-67.69,-105.05999999999997,57.43,12.584459446875874,3.75,1.06,0.49,0.25,0.51,14.428557759394,22.499130868135154,29.906075949367093,31.34036878301605,39.903311073457594,13.28,13.08,0.0,0.7,0.47,6,2003,102.37755102040816,409.51020408163265,200.66
2003-09-30,826.8200000000002,155.20000000000002,0.3794301129657731,0.13970924130906792,281.99999999999994,224.73000000000002,276.96,18.6,602.0899999999999,201.72999999999996,8.02,541.62,404.92,1043.45,2353.36,3214.22,1096.53,347.43,0.62,1627.03,40.55,1667.58,408.0,1525.02,119.57999999999998,-236.79,116.83999999999997,52.22999999999999,12.255616623711338,4.98,1.09,0.87,0.39,0.45,19.311684370257968,30.65097510256843,40.699331197662,43.36842578542123,55.38807396167032,15.3,15.08,0.0,0.64,0.39,9,2003,57.14589725545392,409.0344827586207,355.86
2003-12-31,854.6999999999998,146.2,0.3581763135880173,0.18918248540152494,306.12,212.15999999999997,319.73,23.0,642.5300000000002,188.14999999999998,9.75,571.6,481.95,1094.17,2414.33,3329.63,1107.04,378.95,0.62,1684.26,41.07,1725.33,408.0,1583.77,227.98000000000002,-117.27000000000004,-108.98000000000002,107.57000000000002,16.05424418604651,5.93,1.09,1.23,0.58,0.47,17.56519937856033,27.2330478428873,36.92419232761024,39.76630681591841,50.703788391825675,15.86,15.61,0.0,0.65,0.36,12,2003,77.22029156153627,408.1788617886179,502.06
2004-03-31,1103.92,222.93,0.55,0.0,422.64,327.29,400.47,20.5,776.63,313.41,18.58,671.11,472.86,1189.65,2395.81,3413.28,850.36,384.36,0.62,1552.83,41.14,1593.98,408.0,1796.88,324.56,-58.65,-257.08,73.18,9.3175,4.65,0.89,0.55,0.0,0.0,26.12,42.4,49.64,55.08,70.36,20.46,20.19,0.0,0.77,0.46,3,2004,0.0,405.3272727272727,222.93
2004-06-30,934.23,170.40999999999997,0.41590888290028977,0.57,339.89,246.8,320.62,19.9,687.43,242.78000000000003,8.61,624.2,563.13,1217.4,2373.54,3427.38,999.58,392.76,0.62,1636.9,41.63,1678.54,408.0,1724.9,140.48000000000002,-67.19999999999999,-83.25,73.82,11.962235490874951,4.71,0.97,0.96,0.57,0.59,19.89430823206386,31.071859460009147,39.51134387552753,43.11588752733004,55.558494940763715,19.52,19.3,0.0,0.74,0.4,6,2004,233.54562499999994,409.72916666666663,393.34
2004-09-30,847.9899999999998,144.64000000000004,0.3548920034202016,0.29696712703074474,283.28999999999996,207.57999999999993,282.37,16.3,640.4000000000001,199.52999999999997,9.29,643.09,568.18,1233.56,2329.72,3408.28,1091.26,321.45,0.62,1605.02,41.45,1646.47,408.0,1737.22,72.45999999999998,-40.91,-30.870000000000005,74.78999999999999,11.483775235066368,3.83,0.95,1.32,0.87,0.66,16.970290345366003,25.390909699245334,33.30607680582922,35.46769173575227,46.61990408565376,18.85,18.64,0.0,0.77,0.41,9,2004,121.03210227272731,407.56060606060606,537.98
2004-12-31,898.9000000000001,137.37,0.33765336492189235,0.24845335415306563,291.57000000000016,204.44000000000005,282.28,15.7,694.4699999999998,190.60000000000002,19.79,672.98,562.18,1275.25,2172.68,3302.6,962.01,354.38,0.62,1591.97,40.82,1632.79,408.0,1645.68,288.1,-46.20000000000002,-231.41000000000003,77.84,11.627012812113271,3.89,0.99,1.66,1.12,0.67,16.63858147627156,24.19713511512549,33.39107011179389,34.025695713333825,46.90534093433035,18.06,17.84,0.0,0.8,0.45,12,2004,101.08010405257403,406.8373493975904,675.35
2005-03-31,1294.78,264.51,0.65,0.0,475.43,366.94,445.28,15.2,927.84,353.85,15.26,818.2,442.51,1288.13,2100.12,3272.37,498.6,396.29,0.36,1296.21,41.12,1337.33,408.0,1910.19,486.25,-27.09,-463.7,78.34,5.845,3.25,0.7,0.65,0.0,0.0,32.32,43.92,55.4,57.08,74.28,20.65,20.43,0.0,0.99,0.65,3,2005,0.0,406.9384615384615,264.51
2005-06-30,1103.26,208.92000000000002,0.5118965845003485,0.7,411.7,306.38000000000005,386.18000000000006,16.6,796.88,304.15999999999997,6.19,793.69,517.25,1332.49,2055.4,3280.91,597.81,478.88,0.31,1380.32,41.72,1422.04,408.0,1833.51,215.91999999999996,-38.55,-186.44,79.79999999999998,8.106910898908673,3.69,0.78,1.16,0.7,0.6,25.47126798048286,35.42677396869654,45.5764476268931,46.9709245294975,62.539641340852924,19.92,19.74,0.0,0.97,0.59,6,2005,285.6905172413793,408.1293103448276,473.43
2005-09-30,953.6999999999998,154.62999999999994,0.37915199184791254,0.35948827094270586,321.40999999999997,233.0999999999999,311.95000000000005,16.9,720.6000000000001,222.89999999999998,11.68,879.5,666.57,1577.67,2105.14,3583.29,1012.97,486.42,0.16,1674.49,42.41,1716.9,408.0,1841.25,-134.57999999999993,-128.08999999999997,268.16999999999996,78.85000000000002,11.139200349220724,3.74,0.93,1.54,1.06,0.69,17.26372575868547,25.536132853549017,33.59188166735661,34.56684393210839,46.76864439703212,18.94,18.74,0.0,0.94,0.54,9,2005,146.61052171965963,407.8311688311688,628.06
2005-12-31,949.2300000000005,120.70000000000005,0.29660772477162256,0.2776650573103374,336.4100000000001,190.84000000000003,278.1299999999999,16.7,758.3799999999997,189.17999999999995,38.38,265.31,1132.39,1492.02,2545.08,4144.09,1548.74,453.74,0.0,2230.01,42.98,2272.99,408.0,1847.71,78.31999999999994,-299.31000000000006,247.69000000000003,87.28999999999996,14.081898922949454,3.69,1.23,1.84,1.34,0.73,11.651525188311346,19.002238367434167,26.127271755969883,27.64255034991186,36.96634969816765,17.6,17.41,0.0,0.67,0.16,12,2005,112.99156973461317,406.9347826086956,748.76
2006-03-31,1237.9,186.82,0.45999999999999996,0.0,471.39,282.46,367.93,18.8,955.44,280.53,46.52,303.64,1138.03,1543.73,2617.25,4266.61,1121.05,497.43,386.18,2004.66,203.56,2208.22,408.0,2034.53,393.09,-157.26,-227.69,85.47,10.2175,3.77,1.09,0.46,0.0,0.0,17.52,29.959999999999997,36.72,37.88,49.959999999999994,15.13,15.09,0.0,0.77,0.2,3,2006,0.0,406.1304347826087,186.82
2006-06-30,1149.4099999999999,134.09000000000003,0.33009597706522087,0.51,416.65999999999997,219.34000000000003,313.46,14.9,930.0699999999999,226.56,21.29,288.3,1291.44,1656.35,2604.41,4370.59,1337.32,534.82,60.0,2201.71,184.1,2385.81,408.0,1960.54,47.47000000000003,-80.88,8.189999999999998,94.12,11.284142367066893,3.1,1.22,0.79,0.51,0.65,12.267870742575802,21.9284011093453,27.36036022560843,28.27961484528373,38.67554890779347,13.46,13.44,0.0,0.75,0.17,6,2006,207.16974683544305,406.2151898734177,320.91
2006-09-30,1078.35,128.70999999999998,0.3148903518526756,0.23315706258843605,383.6700000000001,204.82,300.12,14.3,873.53,203.38000000000005,39.36,245.86,1350.64,1687.36,2603.13,4402.38,1505.55,439.18,83.33,2212.12,169.98,2382.09,408.0,1995.41,29.089999999999975,-84.59000000000003,73.56,95.29999999999998,11.353158262761248,2.92,1.19,1.1,0.74,0.67,11.691019972421156,20.267488101063115,25.79810773542102,26.840108536097148,36.93950091188113,13.0,12.97,0.0,0.76,0.15,9,2006,95.30188952819327,408.7454545454545,449.62
2006-12-31,994.8400000000001,117.30999999999995,0.287620870301448,0.22839949456642886,351.3599999999999,178.62,274.54999999999995,12.9,816.21,177.40999999999997,42.66,210.76,1391.67,1685.79,2553.02,4349.47,1580.19,371.71,83.33,2247.02,58.72,2305.74,408.0,2018.88,178.49,-45.129999999999995,-130.05,95.93,11.211981928224366,2.61,1.14,1.39,0.97,0.7,10.784748028857173,17.248975358509863,23.241421692272404,24.267752279822897,34.853855678831586,12.73,12.71,0.0,0.75,0.13,12,2006,93.15577370830613,407.863309352518,566.93
2007-03-31,1267.54,165.95,0.41,0.0,464.18,268.89,365.02,13.7,998.65,263.7,99.01,258.95,1164.42,1565.29,2490.47,4167.18,1290.42,315.74,3.33,1908.71,48.28,1956.99,408.0,2184.83,470.53,-33.57,-380.61,96.13,8.3525,2.56,0.9,0.41,0.0,0.0,15.92,25.52,30.4,31.480000000000004,47.64,13.17,13.09,0.0,0.82,0.21,3,2007,0.0,404.7560975609756,165.95
2007-06-30,1141.46,149.40000000000003,0.3647946725860156,0.49,452.09999999999997,245.35000000000002,337.28999999999996,15.0,896.1,249.71999999999997,35.56,244.07,1177.73,1498.61,2431.98,4039.97,1149.96,387.45,3.33,1831.52,47.86,1879.38,408.0,2134.32,309.9100000000001,-32.160000000000004,-341.21000000000004,91.94,10.2794812583668,2.87,0.88,0.77,0.49,0.64,14.800241002061204,23.17630569208816,28.00865070556525,29.183573806881245,44.13541778975741,13.14,13.09,0.0,0.82,0.18,6,2007,200.67727272727274,409.54545454545456,315.35
2007-09-30,1015.0999999999999,135.14999999999998,0.32999999999999996,0.24999999999999986,398.43000000000006,220.47000000000003,301.47,16.7,794.6399999999999,216.33000000000004,38.52,242.49,1269.49,1592.9,2374.69,4073.01,1274.54,366.06,3.33,1831.34,47.51,1878.85,408.0,2167.46,4.0499999999999545,-22.83999999999999,21.75,81.0,12.650000000000002,3.14,0.87,1.1,0.74,0.67,13.271999999999998,20.807999999999996,24.935999999999996,25.967999999999996,39.336,13.21,13.16,0.0,0.87,0.18,9,2007,102.38636363636357,409.5454545454545,450.5
2007-12-31,1051.3200000000002,127.27999999999997,0.3128138737927931,0.22516569691515181,401.49,197.99,283.3800000000001,15.5,853.3299999999999,196.61,43.33,259.0,1261.9,1597.89,2303.81,4005.2,1140.44,326.28,3.33,1730.59,46.96,1777.55,408.0,2200.9,246.27999999999997,-12.700000000000003,-228.76999999999998,85.38999999999999,12.392672847265873,2.87,0.81,1.42,0.97,0.68,12.715223095295785,19.67643324448752,23.13060334383329,24.126320744920207,36.127799508463426,12.96,12.91,0.0,0.92,0.19,12,2007,91.61706786171578,406.88732394366195,577.78
2008-03-31,1460.99,218.84,0.54,0.0,586.0,328.84,411.0,16.3,1132.15,328.46,71.68,322.17,1064.53,1493.83,2245.13,3891.42,586.83,362.5,3.15,1349.07,46.18,1395.25,408.0,2468.66,605.07,-22.35,-554.37,82.16,7.5475,2.69,0.57,0.54,0.0,0.0,22.48,32.64,35.44,37.64,51.72,14.99,14.98,0.0,1.11,0.32,3,2008,0.0,405.25925925925924,218.84
2008-06-30,1303.4999999999998,166.17999999999998,0.4057171056049036,0.64,527.1600000000001,254.15000000000003,335.53999999999996,18.0,1049.35,257.52000000000004,59.59,260.08,1177.87,1537.29,2191.68,3882.86,630.53,472.28,3.21,1435.01,45.77,1480.78,408.0,2373.72,245.40999999999997,-26.059999999999995,-231.42999999999995,81.39000000000001,11.092088398122517,3.09,0.62,0.94,0.64,0.68,17.126441223832526,25.41342891278375,28.003112565581006,29.487864526518095,41.124176406420446,13.94,13.93,0.0,1.07,0.25,6,2008,262.14127659574467,409.59574468085106,385.02
2008-09-30,1184.2600000000002,148.34000000000003,0.36434190790460486,0.29614768197760327,433.66999999999985,195.83000000000004,278.20000000000005,15.6,988.44,195.19999999999993,58.9,253.53,1310.42,1660.7,2140.65,3953.01,858.18,446.66,2.42,1479.02,46.0,1525.01,408.0,2399.66,-67.64999999999998,-30.64,97.59999999999991,82.36999999999998,10.70567210462451,2.65,0.64,1.31,0.94,0.72,15.007549122543876,21.59351582420879,24.73074996250188,25.987868606569677,35.02132293385331,13.52,13.51,0.0,1.12,0.24,9,2008,120.57505928211793,407.14503816793894,533.36
2008-12-31,1146.1800000000003,130.96000000000004,0.3213282755298652,0.2709531137389872,412.6600000000001,207.03999999999996,289.4200000000001,10.7,939.1299999999997,206.85000000000002,49.17,239.56,1329.09,1646.21,2096.53,3892.25,815.6,346.13,1.63,1396.9,46.22,1443.13,408.0,2420.46,190.11,-37.519999999999996,-162.32999999999993,82.38000000000002,8.319218081857052,1.8,0.6,1.63,1.21,0.74,13.460303468208096,19.689735067437383,21.6453034682081,22.67039980732178,31.15504335260116,13.05,13.04,0.0,1.18,0.23,12,2008,110.42918559453005,407.558282208589,664.32
2009-03-31,1620.91,288.78,0.71,0.0,656.33,403.06,485.01,12.9,1217.86,405.97,111.52,279.65,1081.21,1502.21,2032.94,3685.8,150.03,382.61,0.82,899.27,46.51,945.78,408.0,2709.24,750.38,-16.27,-671.76,81.95,4.5425,1.94,0.35,0.71,0.0,0.0,31.32,42.56,42.64,44.599999999999994,57.84,17.85,17.82,0.0,1.67,0.47,3,2009,0.0,406.7323943661972,288.78
2009-06-30,1460.8500000000001,235.46000000000004,0.5749061498550283,0.83,645.7399999999999,350.04,432.0,19.3,1110.8,360.53,97.34,194.68,1045.4,1362.11,1979.85,3496.02,11.17,419.76,0.0,810.49,46.9,857.39,408.0,2606.06,492.87,-28.529999999999998,-478.52,81.96,8.393717828930603,3.02,0.33,1.28,0.83,0.65,26.948725774454452,36.66823287044103,36.14722417213491,37.81804517015109,50.37615138104685,17.03,17.01,134.96,1.68,0.39,6,2009,339.936875,409.5625,524.24
2009-09-30,1391.9299999999994,239.62,0.5866119445971776,0.47780305782473237,598.22,353.32000000000005,437.3599999999999,22.1,1038.6200000000003,344.80999999999995,105.03,164.03,1084.81,1387.07,1958.79,3486.34,4.17,472.37,0.0,756.21,46.7,802.91,408.0,2649.84,220.96000000000004,-10.270000000000003,-203.0,84.03999999999999,9.419941156831651,3.4,0.3,1.87,1.31,0.7,27.492337339303017,37.32985101982038,36.17544890424947,37.957243473935016,50.856432330531774,17.15,17.07,192.76,1.83,0.4,9,2009,195.1736062834225,408.48128342245985,763.86
2009-12-31,1430.8900000000003,230.5,0.5656100406291484,0.4969246808685478,599.5799999999999,333.6099999999999,417.58000000000015,29.25,1097.2599999999998,340.3700000000001,191.23,171.74,1110.29,1507.0,1980.88,3632.31,2.09,446.67,0.0,875.29,47.18,922.47,408.0,2676.34,428.39999999999986,-136.09,-206.10000000000014,83.97000000000003,12.93099392624729,4.46,0.34,2.44,1.81,0.74,25.387545758075547,35.49434812341607,34.44657870388994,36.18049800876946,48.429200691902324,16.9,16.84,250.01,1.72,0.45,12,2009,202.50902691329884,407.5245901639344,994.36
2010-03-31,1964.22,357.51,0.88,0.0,836.27,502.63,585.19,36.75,1461.59,504.01,988.48,191.24,855.18,2069.36,1971.84,4187.35,0.0,495.04,0.0,1071.83,47.36,1119.19,408.0,3033.85,861.4,-62.05,-2.09,82.56,10.44,4.94,0.37,0.88,0.0,0.0,34.16,51.08,47.12,49.8,64.52,18.24,18.2,0.0,1.93,1.13,3,2010,0.0,406.2613636363636,357.51
2010-06-30,1696.3999999999999,320.31000000000006,0.7844480835620077,1.35,763.6100000000001,462.21000000000004,546.3399999999999,42.5,1234.1900000000003,470.57000000000005,688.06,144.54,845.0,1701.26,2053.71,3900.88,0.01,516.36,0.0,1014.24,47.6,1061.84,408.0,2803.36,412.90999999999997,-162.54000000000002,-550.79,84.13,13.54327994755081,6.19,0.38,1.66,1.35,0.81,32.85230769230769,49.31626626538019,45.70591484464903,47.36932282906967,63.17169868106578,18.57,18.52,0.0,1.68,0.84,6,2010,551.2391566265061,408.3253012048193,677.82
2010-09-30,1382.0699999999997,250.4799999999999,0.6152045674889581,0.7961001000663213,631.1300000000001,363.7099999999999,449.8600000000001,50.5,1018.3599999999997,366.91999999999996,156.81,127.54,1048.78,1369.11,2104.69,3618.53,0.0,515.97,0.0,806.56,47.93,854.49,408.0,2727.44,-69.23000000000002,-135.61999999999998,-326.40999999999997,86.15,20.522441911529867,7.55,0.31,2.28,2.15,0.94,27.684205537003116,40.36605407734567,36.73958504793708,37.26844511472583,50.997220726058366,18.45,18.41,0.0,1.7,0.4,9,2010,324.1314574085816,407.14912280701753,928.3
2010-12-31,1488.5100000000002,246.76,0.6047936275594438,0.7045203066898268,652.1899999999996,366.9000000000001,453.41999999999985,66.0,1121.6100000000001,373.0999999999999,159.91,146.95,1161.7,1496.72,2075.05,3714.99,0.08,495.79,0.0,940.61,48.37,988.98,408.0,2688.6,340.85000000000014,-52.06,-285.69000000000005,86.52000000000001,27.286001783109096,10.02,0.37,2.88,2.85,0.99,26.56892005514612,38.76559154426157,36.716013139754565,36.80001225469338,51.331859139107785,18.04,17.99,9973.24,1.59,0.36,12,2010,287.4491776315791,408.00694444444446,1175.06
2011-03-31,2021.14,363.79,0.89,0.0,849.61,517.88,605.78,53.25,1503.26,521.25,843.28,181.49,1004.61,2059.45,2157.6,4360.75,1.02,597.92,0.0,1215.21,136.24,1351.46,408.0,2971.77,821.66,-139.23,0.94,87.9,14.9575,7.31,0.45,0.89,0.0,0.0,33.36,48.48,48.96000000000001,48.44,65.84,18.02,18.0,0.0,1.69,0.87,3,2011,0.0,408.75280898876406,363.79
2011-06-30,1864.74,336.97999999999996,0.8270981919888122,1.4699999999999998,813.9399999999999,488.9,524.78,46.75,1375.84,497.9,359.28,125.92,1013.37,1531.09,2354.82,4032.15,5.65,609.14,0.0,1147.65,136.34,1283.99,408.0,2708.99,340.22000000000014,-229.1,-595.12,35.879999999999995,14.130607602825094,7.04,0.47,1.72,1.47,0.85,33.43015482968734,48.81802816901408,49.76053541104785,48.914202377384875,67.1295974428129,18.09,18.03,0.0,1.33,0.45,6,2011,598.9138953488372,407.4244186046512,700.77
2011-09-30,1701.0999999999995,289.33000000000004,0.7101019088980912,0.8300870965582523,739.1000000000001,432.45000000000005,467.8700000000001,51.0,1268.6600000000003,435.5000000000001,117.52,117.55,1131.88,1403.26,2469.81,4018.65,210.49,623.87,0.0,1178.69,139.67,1318.36,408.0,2659.68,43.419999999999845,-150.77000000000004,-134.42000000000007,35.41999999999999,17.957176061936195,7.82,0.5,2.43,2.3,0.95,28.801499646500357,44.05554065245935,43.517850318149684,42.96847106352894,59.23944813655187,17.77,17.72,2359.39,1.19,0.23,9,2011,338.21779189396113,407.4485596707819,990.1
2011-12-31,1639.8500000000004,253.11,0.6209614626651974,0.7109100263909276,661.06,367.1399999999999,403.55999999999995,60.5,1272.71,372.2099999999998,190.32,131.04,1266.5,1622.87,2513.72,4287.89,400.05,607.49,0.0,1480.74,142.91,1623.65,408.0,2623.11,255.36000000000013,-79.62,-102.93999999999994,36.420000000000016,24.362220378491564,9.41,0.62,3.05,3.01,0.99,23.608751216608617,36.760918589779685,38.59326388944748,38.12092598997756,52.405075570498944,17.25,17.2,526.64,1.1,0.24,12,2011,289.77391931457873,407.6098360655738,1243.21
2012-03-31,2095.64,372.57,0.9099999999999999,0.0,828.98,485.08,527.86,65.25,1610.56,481.95,365.21,154.63,1202.67,1755.75,2540.26,4450.61,0.04,659.71,0.0,1265.13,157.86,1423.0,408.0,2985.54,646.07,-69.51,-401.68,42.78,17.925,8.92,0.48,0.91,0.0,0.0,33.48,44.04,49.92,50.04,60.92000000000001,17.8,17.78,290.47,1.39,0.44,3,2012,0.0,409.4175824175824,372.57
2012-06-30,1908.2800000000002,321.78000000000003,0.7878245841434436,1.53,738.21,422.46999999999997,469.12,51.25,1485.8000000000002,396.79,158.05,111.01,1345.51,1649.57,2552.91,4353.4,320.65,705.94,0.0,1465.24,162.22,1627.46,408.0,2683.08,152.54999999999995,-55.14999999999999,-304.54,46.650000000000006,16.264724734290507,7.79,0.61,1.7,1.53,0.9,29.56659321667747,40.13271116871895,47.97388291207604,47.732901274573344,58.24340807949882,17.47,17.34,351.76,1.13,0.21,6,2012,624.915,408.44117647058823,694.35
2012-09-30,1779.37,266.75,0.6550098845073353,0.7855088960566017,699.54,375.98,421.26,50.75,1403.4,373.6500000000001,192.76,129.96,1501.84,1857.2,2583.82,4591.56,770.0,671.64,0.0,1752.5,166.98,1919.48,408.0,2627.52,-12.080000000000041,-76.72999999999999,123.50999999999999,45.28,19.366119962511718,7.88,0.73,2.36,2.32,0.98,23.236198106336488,33.094651961294346,40.610612839454795,40.3663718655707,50.19152013318073,16.71,16.62,208.7,1.06,0.2,9,2012,319.8951694915254,407.2457627118644,961.1
2012-12-31,1854.2399999999998,294.15,0.7217542322246564,0.6517244994750863,711.0300000000002,380.3900000000001,428.68000000000006,45.5,1473.8400000000001,376.75,188.62,136.62,1549.88,1910.81,2700.85,4758.92,840.0,621.41,0.0,1887.09,169.91,2057.0,408.0,2656.47,359.3900000000001,-162.68,-200.8499999999999,48.28999999999999,15.757302821689615,6.99,0.77,3.08,2.97,0.96,24.72711252738498,34.47548137821151,44.289464250149365,44.57066719776936,54.309662617008556,16.51,16.44,141.01,1.01,0.19,12,2012,265.60947336561753,407.5487012987013,1255.25
2013-03-31,2207.33,410.63,1.01,0.0,892.87,523.03,574.48,62.25,1684.3,518.87,163.57,137.18,1359.86,1692.25,2762.35,4739.92,170.0,613.44,0.0,1329.42,200.09,1529.51,408.0,3162.13,770.25,-120.32,-674.99,51.45,15.407499999999999,8.03,0.48,1.01,0.0,0.0,34.64,45.52,51.96,53.440000000000005,61.35999999999999,18.64,18.6,104.82,1.27,0.25,3,2013,0.0,406.56435643564356,410.63
2013-06-30,1928.3199999999997,333.94000000000005,0.8162708677491708,1.74,805.7900000000001,425.6,479.8599999999999,63.75,1502.72,421.84000000000003,161.36,93.66,1426.22,1707.7,2810.39,4817.61,656.18,703.97,0.0,1773.81,207.75,1981.56,408.0,2786.15,333.23,-109.35,-226.09000000000003,54.25999999999999,19.52617768161945,9.34,0.71,1.82,1.74,0.96,27.735269484400398,37.117899458748006,47.93573095880844,48.85067193145038,55.91903944558605,18.04,18.0,129.42,0.96,0.16,6,2013,711.8416483516484,409.1043956043956,744.57
2013-09-30,1716.79,294.84000000000003,0.7233353537102779,0.8136283051955407,710.3,377.2800000000001,434.9200000000001,55.75,1339.5099999999998,374.52,83.5,98.44,1613.33,1831.0,2848.57,4977.34,1012.94,666.41,0.0,1965.37,215.42,2180.8,408.0,2746.43,2.0499999999999545,-96.6,16.700000000000045,57.64,19.26596001221001,8.28,0.79,2.55,2.56,1.0,23.69136029093428,31.44097670794008,42.946263745778865,43.88801801021733,49.94701532600226,17.79,17.76,103.18,0.93,0.11,9,2013,331.64446929541066,407.6117647058824,1039.41
2013-12-31,1711.9400000000005,258.72,0.6337805920824571,0.7237954179337605,689.8299999999999,334.6199999999999,403.5899999999999,48.75,1377.3200000000006,327.1399999999999,169.12,105.99,1604.77,1915.0,2942.09,5140.55,1185.0,588.13,0.0,2156.9,222.48,2379.38,408.0,2711.4,379.06999999999994,-164.58000000000004,-128.87,68.97,19.22960430194805,7.34,0.88,3.18,3.28,1.03,20.12950937117238,26.746338194171614,38.1703330174944,38.56096508053893,44.364641445771994,17.2,17.16,82.99,0.89,0.14,12,2013,295.4655804661486,408.2169811320755,1298.13
2014-03-31,2045.15,354.82,0.87,0.63,816.68,455.27,525.95,52.5,1589.88,449.55,196.39,147.64,1474.12,1846.99,2957.68,5083.34,670.0,651.94,0.0,1762.75,184.01,1946.76,408.0,3093.8,644.15,-86.56,-530.33,70.68,15.085,6.92,0.63,0.87,0.63,0.72,27.92,37.08,45.88,45.35999999999999,54.84,17.4,17.35,61.36,1.05,0.21,3,2014,256.9386206896552,407.8390804597701,354.82
2014-06-30,1870.65,320.02000000000004,0.7824565823009898,0.8717789044248548,766.07,410.11,486.01,58.25,1460.54,407.09999999999997,231.01,121.12,1511.87,1891.66,2993.41,5045.46,1064.79,673.67,0.0,2118.21,186.6,2304.81,408.0,2698.2,364.4200000000001,-106.57,-223.2199999999999,75.9,18.60965877132679,8.81,0.85,1.65,1.5,0.91,25.3800462331812,33.28997095607848,47.44057969296426,46.68183391618754,56.071312903799424,17.27,17.23,69.68,0.89,0.18,6,2014,356.55228840125403,408.99393939393946,674.84
2014-09-30,1661.17,271.69999999999993,0.665945443404399,0.7763140394585443,671.1799999999998,350.2800000000001,418.6199999999999,58.0,1310.8900000000003,345.58000000000004,174.38,110.64,1636.43,1959.82,3005.16,5097.1,1350.0,602.01,0.0,2210.48,192.11,2402.59,408.0,2651.65,72.2299999999999,-88.19,-40.680000000000064,68.33999999999997,21.77355539197645,8.92,0.91,2.32,2.28,0.98,21.3217360069305,27.705626809220945,40.99009022333974,40.26673568998668,48.349935554757316,17.01,16.97,60.57,0.89,0.15,9,2014,316.7294357366769,407.9913793103448,946.54
2014-12-31,1621.12,280.1200000000001,0.06850798102163601,2.7224992227281595,782.25,387.65999999999985,457.78999999999996,56.5,1233.46,484.1099999999999,206.84,90.3,1759.82,2111.88,2999.2,5193.89,1390.0,510.06,0.0,2192.01,196.56,2388.57,408.0,2762.04,337.73,-63.54000000000002,-241.73000000000002,70.13000000000002,206.1767080179922,8.35,0.86,0.3,2.95,9.83,21.57544682308057,28.34403534801821,40.565859162278066,40.94036945852968,48.78681688487438,17.09,17.04,56.38,0.96,0.16,12,2014,11131.936321839083,4088.8666666666672,1226.66
2015-03-31,2029.35,383.85,0.09000000000000001,0.07,822.32,486.16,555.64,6.3,1543.2,480.64,419.11,105.31,1482.96,2109.88,2980.12,5155.59,870.0,554.31,0.0,1763.54,201.36,1964.9,408.0,3145.9,790.28,-50.31,-527.69,69.48,17.5,8.17,0.62,0.09,0.07,0.77,29.799999999999997,38.0,48.8,49.199999999999996,57.32000000000001,18.97,18.91,63.22,1.2,0.36,3,2015,298.55,4265.0,383.85
2015-06-30,1833.6,366.90999999999997,0.05864617187916244,0.05228035590601525,792.4899999999999,466.61999999999995,538.8100000000001,3.68,1366.97,464.47,99.07,89.4,1544.74,1835.87,3000.35,4904.86,525.0,635.54,0.0,1560.43,206.56,1766.99,652.8,3092.24,550.9200000000001,-101.34,-769.6299999999999,72.18999999999998,15.689003570357855,7.77,0.57,0.12,0.1,0.86,29.929096382332567,37.43580638286536,47.464301774202134,50.68984122755607,55.694314561244596,19.47,19.43,81.09,1.18,0.19,6,2015,327.0833333333334,6256.333333333334,750.76
2015-09-30,1556.5900000000001,275.1200000000001,0.042908722267711634,0.06242393522309301,657.3499999999999,354.78999999999996,428.99,3.7,1201.8000000000002,352.7900000000001,95.62,84.82,1727.0,1980.8,3029.6,5080.21,1035.0,571.96,0.0,1820.27,212.01,2032.28,652.8,3001.76,-31.190000000000055,-112.68999999999997,140.43999999999983,74.20000000000002,21.562049651061347,8.05,0.68,0.16,0.16,0.99,21.658177564627447,27.568854057004728,36.6655031777596,38.92893827738138,43.02672125394784,18.96,18.93,83.18,1.09,0.14,9,2015,400.24666666666667,6411.750000000001,1025.88
2015-12-31,1764.7399999999998,346.55999999999995,0.05302789192970184,0.04302789192970184,738.4500000000003,441.59000000000015,517.04,4.2,1323.1399999999994,438.98,217.12,126.26,1582.12,1991.88,3073.59,5134.26,960.0,478.1,0.0,1797.35,216.37,2013.72,652.8,3074.12,597.78,-121.59000000000003,-354.6999999999998,75.44999999999999,19.800900277008317,8.92,0.66,0.21,0.2,0.96,26.998772405351048,34.210565707790494,45.08885896651219,47.50289061816909,52.94708752295181,19.14,19.1,82.43,1.11,0.23,12,2015,281.2057142857143,6535.428571428572,1372.44
2016-03-31,2088.37,439.18,0.07,0.05,870.54,553.57,630.15,4.42,1534.8,550.81,234.54,187.08,1383.5,1884.25,3179.74,5139.64,280.0,668.1,0.0,1360.63,219.47,1580.1,652.8,3513.29,887.18,-185.71,-684.05,76.58,15.785,8.21,0.45,0.07,0.05,0.76,34.16,43.0,50.0,52.76,58.6,21.06,21.03,136.68,1.38,0.37,3,2016,313.7,6273.999999999999,439.18
2016-06-30,1812.5,358.94,0.05396782438731018,0.05283416027665013,792.25,453.18999999999994,532.5200000000001,4.2,1359.3100000000002,446.24,169.35,147.93,1476.36,1869.47,3417.2,5363.46,830.0,691.69,0.0,1895.62,221.54,2117.16,652.8,3199.85,374.96000000000015,-315.59000000000003,-124.55000000000007,79.33,19.45603722070541,8.57,0.66,0.12,0.1,0.86,26.76804089610585,35.27696787450509,44.86525134065053,45.63879015686864,52.22286473212048,20.51,20.46,161.86,0.99,0.21,6,2016,351.40000000000003,6651.0,798.12
2016-09-30,1608.88,316.43999999999994,0.04826550387596899,0.03855458656330748,725.1300000000001,402.97,489.5799999999999,4.36,1205.9100000000003,398.77,88.23,116.87,1656.73,1931.41,3577.88,5583.26,1240.02,613.82,0.0,2063.98,225.17,2289.15,652.8,3247.02,29.189999999999827,-246.09999999999997,135.77999999999997,86.61000000000001,22.58600682593857,8.77,0.71,0.17,0.14,0.85,22.66775193798449,30.026821705426357,38.98717054263565,40.508953488372086,45.49449612403101,20.28,20.23,126.21,0.94,0.13,9,2016,252.77294117647045,6556.235294117646,1114.56
2016-12-31,1673.4700000000003,307.1600000000001,0.047530596741974525,0.03796637378750841,716.52,381.19000000000005,475.98,4.44,1292.2799999999997,376.60000000000014,81.52,139.22,1567.41,1853.38,3837.41,5749.83,1330.0,0.0,0.0,2177.11,195.5,2372.61,652.8,3328.87,503.0500000000002,-358.86,-150.88,94.78999999999999,23.35127425446021,8.71,0.71,0.22,0.18,0.82,21.371484680527818,28.44058070506148,36.90966885181331,38.37879638747433,43.32197844863969,19.84,19.79,105.16,0.85,0.13,12,2016,245.35251336898386,6462.363636363636,1421.72
2017-03-31,1961.49,346.22,0.05,0.04000000000000001,798.88,436.56,536.27,4.24,1524.94,433.22,112.12,238.97,1530.91,1900.38,3955.88,5920.03,0.0,862.39,910.0,1998.7,197.76,2196.47,652.8,3675.1,675.53,-219.36,-425.57,99.71,21.2,7.53,0.6,0.05,0.04,0.72,23.4,31.56,37.68,38.52,44.52000000000001,17.68,17.65,78.38,0.95,0.18,3,2017,276.97600000000006,6924.400000000001,346.22
2017-06-30,1935.3700000000001,321.03999999999996,0.0481131792704493,0.038490543416359435,763.7199999999999,377.65000000000003,492.5999999999999,4.06,1557.71,367.77,103.11,304.22,1859.98,2285.68,4275.33,6669.88,1460.0,998.93,0.0,2629.19,239.58,2868.77,652.8,3500.01,245.75,-260.41999999999996,5.649999999999977,114.95,21.096090829803142,7.57,0.82,0.1,0.08,0.76,19.245271708179718,26.03885262116716,36.68148787579054,38.336581242694,38.77922249198213,17.18,17.12,73.55,0.87,0.16,6,2017,256.83199999999994,6672.599999999999,667.26
2017-09-30,1705.8899999999999,241.58000000000004,0.037213590951102514,0.027770872760882005,662.3400000000001,284.45000000000005,402.4000000000001,3.98,1421.44,281.43000000000006,106.22,254.45,1908.81,2287.86,4567.74,6966.84,1940.0,944.58,0.0,2946.96,245.4,3192.36,652.8,3500.05,180.72000000000003,-411.33000000000004,233.73000000000002,117.95000000000002,26.73888691116814,7.42,0.91,0.14,0.11,0.81,13.875353197482507,18.617427930108715,27.612484485718063,28.643832577791475,29.05849830553233,16.27,16.22,59.52,0.78,0.13,9,2017,180.28057142857142,6491.714285714285,908.84
