,revenue,net_profit,eps,dps,gross_profit,ebit,ebitda,close_price,expense,operating_profit,cash,account_receivable,inventory,current_asset,property_plant_equipment,total_asset,short_term_loan,account_payable,current_liability,non_current_liability,total_liability,paid_in_capital,total_equity,cash_flow_operation,cash_flow_investment,cash_flow_financing,depreciation,P/E,P/BV,D/E,EPS,DPS,DPR%,ROA%,ROAA%,ROE%,ROAE%,ROCE%,NPM%,NPMA%,CurrentRatio,QuickRatio,month,year,dividend,number_of_shares,return_old
2000-03-31,5286.5,556.6,5.89,0.0,725.63,557.22,618.58,47.8,4729.29,293.79,3398.87,5706.42,2434.54,11852.44,2366.58,15428.79,37.96,3877.12,4575.82,0.0,4575.82,945.0,10675.51,743.94,-68.12,-464.33,61.36,2.03,4.23,0.43,5.89,0.0,0.0,14.44,0.0,20.84,0.0,20.52,11.08,10.53,2.59,2.06,3,2000,0.0,94.49915110356537,556.6
2000-06-30,6706.790000000001,912.34,8.78838550247117,10.0,908.16,912.8499999999999,1007.64,26.0,5793.929999999999,455.29,3746.25,6043.83,2494.09,13294.42,2447.43,16681.55,59.78,4608.05,5429.23,0.0,5429.23,1039.5,11068.67,1360.83,-326.48,-881.4300000000001,94.79,0.7406366047745357,2.44,0.49,14.15,10.0,0.71,21.887116968698518,0.0,32.96731466227347,0.0,32.44560131795717,13.03,12.25,2.45,1.99,6,2000,1038.1201413427561,103.81201413427561,1468.94
2000-09-30,8186.759999999998,1423.54,13.711356483018033,0.0009586452424258161,1300.8400000000001,1423.95,1510.22,23.2,6762.8099999999995,743.0600000000001,4535.79,6359.17,2775.15,14868.92,2617.83,18695.22,62.71,4953.52,5812.44,0.0,5812.44,1039.5,12685.53,1030.69,-464.41999999999996,2.9300000000000637,86.26999999999998,0.42161765738932516,1.9,0.46,27.86,10.0,0.36,30.454369675849097,0.0,44.88426817125788,0.0,44.214941365195266,15.4,14.33,2.56,2.08,9,2000,0.09952843470250627,103.82196697774587,2892.48
2000-12-31,8615.970000000001,1149.08,11.003027543819712,0.05851670632437658,1368.6400000000003,1274.5400000000004,1400.5300000000002,19.5,7341.43,917.1400000000001,5007.43,7180.6,4311.38,17154.0,3270.52,21398.35,685.0,5762.48,7473.05,0.0,7473.05,1050.39,13539.63,-81.94999999999982,-69.69000000000005,674.9699999999999,125.99000000000004,0.4396517213771017,1.51,0.55,38.7,10.0,0.26,21.482913726382883,0.0,33.94732529023446,0.0,34.04967903482814,14.95,14.04,2.3,1.72,12,2000,6.1110795765464445,104.43307493540051,4041.56
2001-03-31,8929.75,1681.24,15.78,0.0,1596.26,1742.19,1873.5,19.8,7187.56,1030.27,7412.36,6315.87,3065.36,17303.99,3311.67,21723.29,231.04,4608.4,6004.82,0.0,6004.82,1065.72,15188.51,2522.68,-46.77,-438.63,131.31,0.3125,1.39,0.4,15.78,0.0,0.0,30.959999999999997,37.52,44.28,52.0,44.32,20.46,18.83,2.88,2.37,3,2001,0.0,106.5424588086185,1681.24
2001-06-30,7261.290000000001,912.1899999999998,8.128505839756615,20.0,1451.39,948.4699999999998,1112.3899999999999,21.8,6312.829999999999,840.24,8369.66,5623.98,2315.55,16672.1,3500.45,21363.88,1413.0,4159.31,6671.26,0.0,6671.26,1179.75,14101.11,2163.7599999999998,-238.59,-916.4499999999999,163.92000000000002,0.6681240202150868,1.82,0.47,23.11,20.0,0.87,17.080062465537914,19.89391130664795,25.873340094006778,28.996712307638916,25.760786140362374,16.87,16.02,2.5,2.15,6,2001,2244.422327996538,112.22111639982691,2593.43
2001-09-30,6715.0,421.99000000000024,0.3582566939265511,18.09455360789836,1482.15,459.1700000000001,609.96,16.9,6255.82,626.3700000000001,10518.03,5148.64,2421.34,18352.87,3597.97,23125.91,1860.0,4637.27,8027.3,0.0,8027.3,1187.93,14494.11,2077.96,-221.14,455.17999999999995,150.78999999999996,11.790428683144144,1.39,0.55,2.56,20.0,7.81,7.299480138753477,8.430227828959154,11.64334255261291,12.421431309734638,11.676929117668523,13.55,13.16,2.29,1.98,9,2001,21313.546422003463,1177.8984375,3015.42
2001-12-31,8430.36,849.5299999999997,0.7209558726503574,0.007467755080921654,1710.0299999999997,863.31,1007.5700000000002,28.0,7567.040000000001,738.8499999999999,11297.44,5907.5,2652.88,20096.81,3628.87,24927.12,1160.0,5992.26,8978.45,0.0,8978.45,1188.04,15347.88,1694.1100000000006,-489.26,-629.9800000000001,144.26,9.713215836992221,2.17,0.58,3.28,20.0,6.1,13.636616566837858,15.236786918330116,22.138620577239028,23.52777945380923,22.12103628766219,12.65,12.33,2.24,1.94,12,2001,8.799542682929314,1178.3384146341464,3864.95
2002-03-31,8635.63,828.06,0.7,3.25,1464.0,834.65,1004.12,39.5,7800.98,940.18,13105.66,5994.98,2860.35,22219.21,3626.08,27061.8,2895.2,5532.87,14171.52,0.0,14171.52,1188.07,12302.97,416.62,41.62,1735.26,169.47,14.1075,3.81,1.15,0.7,3.25,4.64,12.24,13.680000000000001,26.920000000000005,24.08,25.92,9.68,9.59,1.57,1.37,3,2002,3844.5642857142857,1182.942857142857,828.06
2002-06-30,9333.710000000001,495.32000000000016,0.4154552736175552,0.025328056081505467,1630.8400000000001,506.5200000000001,674.7800000000001,27.0,8827.2,997.17,8235.96,6990.74,4979.37,20451.36,3841.01,25473.45,2948.32,7254.82,12188.05,0.0,12188.05,1188.09,12726.12,-63.24000000000001,-640.55,-3953.3599999999997,168.26000000000002,16.244347896309453,2.52,0.96,1.11,3.25,2.93,7.785107829950583,8.578589974157085,15.570215659901166,14.776733515694662,15.121074823557864,7.43,7.36,1.68,1.27,6,2002,30.19697554697541,1192.2342342342342,1323.38
2002-09-30,11045.05,1106.62,0.9335683127572014,-0.018831516701886503,1575.4300000000003,1112.6599999999999,1295.02,25.5,9932.380000000001,815.6500000000001,6499.5,9028.94,4539.75,20329.63,3902.71,25488.79,1758.69,7113.74,11014.92,0.0,11014.92,1188.1,13888.43,-506.27,-286.0100000000001,-1236.17,182.36,6.829173519365274,2.18,0.79,2.05,3.25,1.59,17.3598166255144,18.398126748971194,31.877942386831272,31.18573563786008,30.87606419753086,8.45,8.38,1.85,1.43,9,2002,-22.322236871016685,1185.3658536585367,2430.0
2002-12-31,11826.529999999999,893.0100000000002,0.7524587647945689,0.0038980417474870094,1800.4499999999998,898.7600000000002,1100.33,27.25,10927.77,702.48,7857.5,8023.75,3785.19,19918.99,3854.7,25031.83,869.11,6795.27,9671.73,0.0,9671.73,1188.1,14777.16,2220.0,77.73000000000002,-773.2000000000003,201.56999999999994,9.051658800013437,2.19,0.65,2.8,3.25,1.16,14.275217709245535,14.425709462204448,24.175425171756935,23.713200501954557,23.465964050664912,8.2,8.14,2.06,1.67,12,2002,4.6261541811845746,1186.7892857142858,3323.01
2003-03-31,8669.26,822.57,0.6899999999999998,2.8,1404.17,823.32,1004.18,25.5,7845.94,672.47,9218.32,6826.06,2508.53,18885.41,3769.25,23871.8,866.93,5074.81,11192.06,0.0,11192.06,1188.1,12334.22,1596.86,-72.26,-232.07,180.86,9.24,2.46,0.91,0.69,2.8,4.06,13.8,12.92,26.68,26.720000000000002,25.960000000000004,9.66,9.49,1.69,1.46,3,2003,3337.965217391305,1192.130434782609,822.57
2003-06-30,7748.800000000001,667.7699999999999,0.560081927613833,0.00033245988222041094,1274.88,671.87,867.0400000000001,28.75,7076.930000000001,543.3599999999999,6588.71,6494.93,2452.95,15792.62,3719.51,25347.95,5469.86,5199.84,12379.73,0.0,12379.73,1188.1,12968.23,1283.1700000000003,-4811.82,1306.4199999999998,195.16999999999996,12.83294397771688,2.63,0.95,1.25,2.8,2.24,10.53850154998188,10.53850154998188,20.593092314505412,20.79024115302548,20.664782801239983,9.24,9.08,1.28,1.08,6,2003,0.39638260869469377,1192.272,1490.34
2003-09-30,11906.039999999997,312.8800000000001,0.2637379798360711,-0.014026925167200693,1750.0199999999995,387.48,647.0699999999999,27.5,11518.56,435.02,6146.4,8906.96,5019.55,21186.6,4784.91,29894.32,872.89,7099.65,10325.17,6339.99,16665.16,1188.1,13133.62,-410.1400000000003,3114.71,-3254.7799999999997,259.59000000000003,26.064505401431852,2.49,1.27,1.52,2.8,1.84,4.185105311609234,4.719521744434957,9.529269639866465,9.265531660030392,6.676735173744747,6.5,6.37,2.05,1.57,9,2003,-16.640547368420812,1186.328947368421,1803.22
2003-12-31,13583.120000000003,93.19000000000005,0.07862434811037702,-0.0025340955861478634,2091.4800000000005,141.88999999999987,527.04,26.5,13441.230000000003,605.1399999999999,5437.36,9720.33,4513.92,20554.68,4790.14,29352.08,0.9,6903.62,9267.04,6765.22,16032.27,1188.1,13241.7,828.96,-441.28999999999996,-834.7000000000003,385.15,84.24871123511102,2.38,1.21,1.6,2.8,1.75,1.2697832219825889,1.4643784835557718,2.814751662351497,2.6614341835362616,1.9813335723815009,4.63,4.53,2.22,1.73,12,2003,-3.0035526315791685,1185.25625,1896.41
2004-03-31,11784.02,514.44,0.43,0.8,1818.63,533.26,1198.51,26.25,11250.76,555.51,6074.42,9507.31,5256.43,21759.79,4710.88,29941.94,16.28,7481.01,10849.19,6262.53,17111.72,1188.1,12748.56,772.36,-196.05,15.39,665.25,15.2625,2.45,1.34,0.43,0.8,1.86,6.88,7.92,16.16,16.4,11.16,4.4,4.37,2.01,1.52,3,2004,957.0976744186048,1196.372093023256,514.44
2004-06-30,12407.009999999998,616.5699999999999,0.5178924147443434,-0.003921088847732887,1832.9,656.1600000000001,608.5,23.2,11750.85,487.49,4832.06,10653.43,6415.17,22803.84,4700.82,30931.7,54.97,8058.03,11067.49,6410.76,17478.25,1188.1,13395.62,-322.07,-75.13999999999999,-911.71,-47.65999999999997,11.19875448043207,2.06,1.3,0.95,0.8,0.84,7.980994686165463,9.223936481551887,18.404260970283197,18.70954492002723,13.061791849762601,4.72,4.68,2.06,1.48,6,2004,-4.668200734394077,1190.5368421052633,1131.01
2004-09-30,11605.400000000001,675.1099999999999,0.5681611410094567,-0.0015485128341418185,2129.8799999999997,732.5999999999999,993.7900000000002,18.8,10872.800000000003,666.3599999999999,4983.16,9678.07,6733.03,21995.21,4784.32,30224.29,114.86,7214.04,10180.98,5827.59,16008.57,1188.1,14156.1,770.5699999999999,-238.55,-562.5099999999999,261.18999999999994,8.273357082549511,1.58,1.13,1.52,0.8,0.53,8.941062166411978,9.554078134343232,19.0782530507386,19.795930281487387,14.338593006001814,5.1,5.05,2.16,1.5,9,2004,-1.8400000000001455,1188.2368421052631,1806.12
2004-12-31,13022.68,-578.01,-0.48476952390258204,0.002752882156535702,1633.7799999999997,-504.20000000000005,368.3299999999999,16.5,13526.879999999997,-283.28999999999996,3833.53,10623.88,5234.13,20144.85,4606.95,28181.06,154.36,6652.08,8905.77,5861.45,14767.23,1188.1,13352.56,-548.9199999999998,-274.26,75.27999999999997,872.53,-8.50950770747911,1.47,1.11,1.03,0.8,0.78,-8.208136404719449,-9.281218457630017,-17.319920853995164,-17.395224857708186,-13.85593668319613,2.55,2.52,2.26,1.67,12,2004,3.2823709759835538,1192.3398058252426,1228.11
2005-03-31,10217.94,183.72,0.15,0.8,1688.41,239.72,632.35,20.0,9978.22,195.18,4918.77,8926.69,5715.15,20063.59,4466.89,27964.2,160.86,6290.2,9517.82,5766.9,15284.72,1188.11,12618.84,1306.12,-193.22,-6.7,392.63,33.3325,1.88,1.21,0.15,0.8,5.33,2.64,3.32,5.84,5.8,5.2,1.82,1.8,2.11,1.51,3,2005,979.84,1224.8,183.72
2005-06-30,11028.819999999998,497.13,0.4161916721744877,-0.020311081736065058,1949.32,542.36,877.9,16.9,10486.460000000001,218.01,4249.39,9346.96,5637.07,19832.24,4151.37,27473.66,255.71,5820.04,8231.45,5843.47,14074.93,1188.12,13339.0,-203.19999999999982,145.34,-842.42,335.53999999999996,10.151873001025889,1.51,1.06,0.57,0.8,1.4,7.2431954174928395,7.827324080193875,14.895280898876402,14.86607446574135,11.857811852831018,3.29,3.2,2.41,1.72,6,2005,-24.261052631578764,1194.4736842105265,680.85
2005-09-30,11885.079999999998,722.58,0.6075432333639725,-0.0034480935242490957,2556.93,795.4999999999999,1110.9099999999999,15.3,11089.579999999998,837.3899999999999,4629.96,9391.51,4808.08,20596.32,3973.3,26712.99,227.58,5887.22,8619.67,4016.31,12635.98,1188.12,14018.75,2713.7799999999997,-138.28,-1791.6,315.40999999999997,6.297741115170639,1.3,0.9,1.18,0.8,0.68,10.812210085291037,11.409455975716636,20.615280562621574,20.512307133237854,17.958566084521493,4.31,4.24,2.39,1.83,9,2005,-4.100981266726194,1189.3474576271187,1403.43
2005-12-31,11425.740000000005,881.2499999999998,0.7405851147644307,0.0003966879758852641,2215.040000000001,919.4000000000001,1235.9900000000002,17.8,10506.34,914.3499999999999,7145.82,8316.99,4244.37,20257.09,3795.04,27497.3,216.31,6108.57,8570.25,3906.68,12476.93,1188.12,14962.1,2231.3900000000003,-108.83000000000001,-14.170000000000073,316.59000000000015,6.008222297872341,1.41,0.83,1.92,0.8,0.42,12.821379799359208,13.8396843321603,23.55986396344345,24.902174483953985,20.350661799464255,5.22,5.13,2.36,1.87,12,2005,0.47203389830497144,1189.9375,2284.68
2006-03-31,9627.79,451.88,0.37,1.2,1960.71,497.56,785.18,19.7,9130.23,596.75,7487.3,7464.42,6304.69,21884.26,3635.15,28206.79,253.26,7280.5,11139.39,3633.11,14772.5,1238.58,13378.82,578.11,479.95,99.23,287.62,13.309999999999999,1.82,1.1,0.37,1.2,3.24,6.4,7.08,13.52,13.92,11.68,4.8,4.69,1.96,1.4,3,2006,1465.5567567567566,1221.2972972972973,451.88
2006-06-30,10976.349999999999,596.1899999999999,0.4835187535183718,0.01141217357309796,2120.69,626.76,907.7400000000001,16.5,10349.59,694.51,4260.91,8127.12,5137.71,18100.13,3500.82,24168.64,293.26,6266.93,8730.24,1536.83,10267.07,1243.25,13844.29,616.07,-138.58999999999997,-3623.84,280.98,8.530434383334171,1.48,0.74,0.85,1.2,1.41,9.875159483622276,9.897913307317259,17.22464453710153,17.54319806883128,16.564783649947046,5.16,5.09,2.07,1.48,6,2006,14.071478537360917,1233.0235294117647,1048.07
2006-09-30,11728.41,609.74,0.49284996471248216,0.004023479594092413,1987.4199999999996,664.9000000000001,961.6199999999999,17.9,11063.5,580.05,5203.4,8857.08,5623.41,20377.92,3437.04,26218.12,463.5,7528.24,10563.96,1229.53,11793.49,1244.72,14368.48,1006.6299999999999,-105.9,182.26999999999998,296.72,9.081059795978614,1.55,0.82,1.34,1.2,0.9,9.297945602933991,9.945270929720536,16.97757788890162,17.183545038333705,16.81574655720499,5.2,5.13,1.93,1.4,9,2006,4.977734855136077,1237.1716417910447,1657.81
2006-12-31,11959.710000000003,303.9000000000001,0.24476706546839244,0.00426901385229184,2027.8200000000006,371.3700000000001,656.1199999999999,17.3,11588.349999999999,404.52,6798.02,8200.47,4612.63,20291.59,3600.42,26198.81,1840.67,6152.96,10387.08,1226.66,11613.74,1246.07,14529.88,791.19,-367.65999999999997,1367.96,284.7499999999999,17.670882280355375,1.48,0.8,1.58,1.2,0.76,4.641279292046226,4.98829082790015,8.365456667907083,8.241523976530683,8.464602821008205,4.5,4.43,1.95,1.51,12,2006,5.300358964670522,1241.5886075949368,1961.71
2007-03-31,9368.58,808.69,0.65,1.3,1711.74,880.91,1126.71,15.3,8487.67,548.18,8292.67,6555.6,4525.67,20168.71,3829.86,26327.4,1871.47,5655.29,11445.06,1207.44,12652.49,1247.32,13621.19,2057.06,-469.71,32.06,245.8,5.885,1.4,0.93,0.65,1.3,2.0,12.28,12.92,23.76,23.96,23.68,9.01,8.63,1.76,1.37,3,2007,1617.38,1244.1384615384616,808.69
2007-06-30,8604.019999999999,603.96,0.48311669557215153,0.006233391144303476,1669.66,729.65,1378.44,22.9,7874.370000000001,672.88,7178.92,6784.33,3215.97,18011.19,3724.19,23985.14,1822.22,4510.29,8568.45,1149.35,9717.8,1247.32,14215.04,1150.87,-636.6700000000001,-1670.76,648.79,11.85277812272336,2.01,0.68,1.13,1.3,1.15,10.072769334229994,11.440887410186528,16.99886709375995,17.22118628110289,17.871042367182245,8.11,7.86,2.1,1.73,6,2007,7.792566371681687,1250.1327433628321,1412.65
2007-09-30,8047.66,802.27,0.6447368753724739,-0.0060549221378619796,1891.1,885.1599999999999,716.8600000000001,21.0,7162.489999999998,702.0800000000002,8505.89,6622.02,3460.52,19241.45,3719.62,25265.84,1678.41,4883.86,9067.87,1194.04,10261.91,1247.36,14949.37,1211.85,225.55000000000007,-143.77999999999997,-168.30000000000007,8.144407743029156,1.75,0.69,1.78,1.3,0.73,12.706387409026059,14.05381503620898,21.471911220269806,21.892076824445127,22.326730897729938,8.76,8.51,2.12,1.74,9,2007,-7.534364124490594,1244.3370786516855,2214.92
2007-12-31,8683.48,940.5,0.754088203789036,0.0029857668122172804,2245.83,1009.0,1224.6899999999996,21.8,7674.490000000002,933.1400000000001,9181.58,6872.17,3423.26,20339.92,3643.65,26254.72,1966.83,4950.13,9183.1,1196.1,10379.21,1247.38,15820.36,520.8600000000006,-96.30999999999995,288.44000000000005,215.69000000000005,7.230122381711855,1.72,0.66,2.53,1.3,0.51,14.33065645777741,15.928250438927305,23.78507457010477,24.786551394109182,24.476570472393533,9.34,9.09,2.21,1.84,12,2007,3.7238530887773322,1247.201581027668,3155.42
2008-03-31,7783.46,800.57,0.64,1.6,1900.17,834.39,1032.04,21.1,6949.07,693.43,9839.19,6296.44,3731.84,21046.1,3568.84,26737.05,2140.41,4775.28,9143.38,1257.48,10400.86,1247.38,16277.46,731.96,-67.73,173.58,197.65,8.2425,1.62,0.64,0.64,1.6,2.5,11.96,12.559999999999999,19.68,21.44,18.96,10.5,10.29,2.3,1.89,3,2008,2001.4250000000002,1250.890625,800.57
2008-06-30,8450.560000000001,621.5199999999999,0.49823344514060275,-0.0044163871484926035,1943.12,705.4599999999999,899.9000000000001,20.5,7745.1,617.34,8239.81,7298.84,3971.29,20402.04,3866.94,26522.58,2050.54,5312.25,9981.37,1306.85,11288.22,1247.38,15173.4,569.95,-331.08,-2085.66,194.43999999999997,10.284937813746945,1.69,0.74,1.14,1.6,1.4,9.370285143696952,10.663943913535709,16.380517126201575,16.922455259512404,16.27562587459303,8.9,8.76,2.04,1.65,6,2008,-5.509210526315655,1247.4473684210527,1422.09
2008-09-30,9280.61,882.8199999999999,0.7085816799788278,-0.001990624591119173,2322.2700000000004,897.02,1105.0299999999997,15.9,8383.58,894.5,8630.41,7528.01,4123.37,21231.94,3840.85,27798.36,2084.86,5642.56,10438.42,1200.89,11639.31,1247.38,16101.27,1085.3700000000001,-701.1100000000001,34.319999999999936,208.01000000000005,5.6067989227702135,1.23,0.72,1.85,1.6,0.86,12.700847842215095,14.064388804768948,21.939220880641763,22.751217184185066,21.510241701411335,9.17,9.03,2.03,1.64,9,2008,-2.480113798008915,1245.8972972972972,2304.91
2008-12-31,7781.109999999997,592.5700000000002,0.47446829658876,0.003864472725414238,1851.2599999999993,556.8499999999999,762.8000000000002,12.2,7224.279999999999,865.44,9131.39,5982.02,4257.88,20258.3,3869.63,26883.17,2338.85,4365.06,8775.6,1261.63,10037.23,1247.38,16784.6,400.5699999999997,-237.82999999999993,253.99,205.94999999999993,6.429934353747234,0.91,0.6,2.32,1.6,0.69,8.818565926253159,9.21940983199194,14.119522067451722,14.536726948934941,13.522346452779663,8.82,8.7,2.31,1.82,12,2008,4.826393289841917,1248.9137931034484,2897.48
2009-03-31,6467.2,511.36,0.41,1.1,1642.26,560.65,727.51,9.2,5906.55,946.6,9301.58,5195.26,4020.2,19387.77,3695.1,25848.67,1684.67,3433.74,7202.66,1189.52,8392.18,1247.38,17399.27,778.06,-63.16,-654.18,166.86,5.61,0.66,0.48,0.41,1.1,2.68,7.92,8.52,11.76,12.16,12.04,8.04,7.91,2.69,2.13,3,2009,1371.9414634146342,1247.219512195122,511.36
2009-06-30,6093.63,300.93999999999994,0.2408112766219377,0.0021765958149547217,1598.05,328.32000000000005,535.1300000000001,12.8,5765.31,832.5199999999999,8059.6,4814.28,3743.3,17510.35,3696.82,23889.1,1312.06,3156.85,6439.15,1226.0,7665.15,1247.38,16165.74,754.98,-153.08,-1744.7200000000003,206.81,13.286857014687316,0.99,0.47,0.65,1.1,1.69,5.038512864705158,5.231161886002707,7.439216053182321,7.6763225409331515,7.542950141573309,6.54,6.47,2.72,2.14,6,2009,2.720075046904185,1249.6923076923076,812.3
2009-09-30,6969.390000000001,669.6100000000001,0.5377087002584503,-0.0038775841780069394,1812.1200000000003,695.56,878.6299999999999,17.7,6273.829999999998,1251.4,9739.07,5088.78,3673.14,19497.91,3678.75,25722.51,1413.13,4012.32,7636.39,1237.0,8873.38,1247.38,16789.18,1707.6799999999998,-139.99,101.05999999999995,183.07,8.22717764818327,1.32,0.53,1.19,1.1,0.92,10.410763406684618,10.699951279092524,15.959555708511314,16.284892064970208,15.833036014332857,7.66,7.59,2.55,2.07,9,2009,-4.82876535229434,1245.3025210084036,1481.91
2009-12-31,7733.639999999999,707.47,0.5687213731741406,-0.0011819239566768665,2032.0599999999995,697.45,882.48,18.6,7036.190000000002,-333.3699999999999,10552.86,5485.27,3829.21,20904.65,3644.14,27077.9,1318.61,4645.15,8218.2,1211.49,9429.68,1247.38,17588.38,987.5700000000002,-103.50999999999999,-94.51999999999998,185.02999999999997,8.177642373528206,1.32,0.54,1.76,1.1,0.63,10.456717974951813,10.93496094784825,16.092229763677384,16.467068850542162,15.639837762288867,8.11,8.03,2.54,2.08,12,2009,-1.4702731092438626,1243.9659090909092,2189.38
2010-03-31,7736.51,893.6,0.7200000000000001,1.5,2088.45,930.5,1104.1,18.8,6806.02,878.44,10988.5,5451.93,4648.76,22138.28,3572.81,28146.12,1257.55,5162.73,8723.98,1118.24,9842.22,1247.38,18247.48,578.14,18.86,-61.06,173.6,6.5275,1.29,0.54,0.72,1.5,2.08,12.68,13.8,19.6,20.04,19.16,11.84,11.55,2.54,2.0,3,2010,1861.6666666666665,1241.111111111111,893.6
2010-06-30,8611.98,1104.8200000000002,0.8845547982906498,0.009489163105520294,2428.45,1157.4699999999998,1309.8200000000002,23.1,7454.5,1217.8200000000002,8917.18,6156.72,5844.18,21763.97,3611.52,28132.55,872.37,6082.68,9530.41,1053.23,10583.64,1247.38,17465.66,442.38,-264.71,-2256.25,152.35,6.529838525732697,1.65,0.61,1.6,1.5,0.94,15.700847669659032,17.75743757568479,25.29826723111258,26.2712775092323,24.811762092052728,12.42,12.22,2.28,1.67,6,2010,11.852083333333667,1249.0125,1998.42
2010-09-30,10218.949999999999,1634.2399999999998,1.3091339128902786,-0.0008119566653639538,2902.9500000000007,1481.5900000000001,1651.73,27.25,8737.36,1545.6799999999998,8863.53,6497.43,6737.62,23169.75,3924.24,29935.17,1230.87,5851.43,9966.84,1139.0,11105.83,1247.38,18742.94,259.29999999999995,-448.65999999999997,358.5,170.14,5.201454131584101,1.81,0.59,2.91,1.5,0.52,21.84589099998348,23.087543783343335,34.87424774132453,36.79970930392604,32.175002560107465,13.89,13.67,2.32,1.65,9,2010,-1.013595360825093,1248.3367697594501,3632.66
2010-12-31,9651.619999999999,519.9099999999999,0.4169226045557328,-0.0015862863114776732,2111.619999999999,605.2500000000005,814.7899999999995,35.0,9046.369999999999,660.6500000000001,9206.8,6162.74,6341.46,22813.95,4260.29,29610.51,1144.75,5364.5,9183.44,1129.57,10313.0,1247.38,19210.37,998.3100000000002,-555.52,-86.11000000000013,209.54000000000002,20.986089275066846,2.27,0.54,3.33,1.5,0.45,7.0213272262719215,7.3769008589861205,10.827467520114048,11.303235056844313,10.236514158701718,11.62,11.47,2.48,1.79,12,2010,-1.9781276121480005,1247.018018018018,4152.57
2011-03-31,9152.03,556.67,0.45,1.7,2028.04,609.22,797.86,26.75,8542.81,1013.24,8790.43,6942.31,7363.32,24080.49,4521.26,30823.14,1048.54,5966.54,9749.79,1195.02,10944.81,1247.38,19878.33,-309.31,-157.8,-95.88,188.64,14.859999999999998,1.68,0.55,0.45,1.7,3.78,7.24,8.28,11.2,11.68,11.56,6.15,6.08,2.47,1.71,3,2011,2102.9755555555553,1237.0444444444443,556.67
2011-06-30,10100.839999999998,911.67,0.7326440742607297,0.009988724984979276,2415.8900000000003,891.8299999999999,1088.8600000000001,24.8,9209.01,303.68000000000006,7039.95,7512.99,7560.69,23055.86,4685.13,30076.22,948.01,5843.2,9917.06,1263.99,11181.05,1247.38,18895.17,476.9,-260.0,-2215.94,197.03000000000003,8.4637277743043,1.64,0.59,1.18,1.7,1.44,12.119671465736818,12.815062451475818,19.297099854257187,20.06699701703965,18.502367299126906,7.73,7.63,2.32,1.56,6,2011,12.429529190207177,1244.3559322033898,1468.34
2011-09-30,10349.960000000003,751.99,0.6028573230105435,0.0041164823033254085,2368.4299999999994,819.6899999999998,1031.11,19.5,9530.27,749.48,8087.26,7489.14,6444.17,23452.91,4612.06,29955.47,906.21,5175.33,9417.61,1181.66,10599.27,1247.38,19356.2,1474.53,-201.55,-49.33999999999969,211.42000000000002,8.090139762496841,1.26,0.55,1.78,1.7,0.96,10.038590479793545,10.499200569284746,15.538816842541426,15.796216598433567,15.308511797795825,7.61,7.5,2.49,1.81,9,2011,5.1348028946868,1247.3764044943819,2220.33
2011-12-31,9564.32,644.0,0.5171191866858916,-0.002751338558417863,2228.9000000000005,696.23,915.4500000000003,21.7,8868.09,526.4200000000001,9512.59,6859.44,5952.44,23253.41,4726.53,29883.56,1022.14,7172.67,8888.59,1135.89,10024.47,1247.38,19859.09,1287.0,52.40999999999997,116.52999999999975,219.2199999999999,10.48549375,1.36,0.5,2.3,1.7,0.74,8.615655319044944,9.119284439991203,12.968449864366189,13.184290916200299,12.923482978567414,7.45,7.31,2.62,1.95,12,2011,-3.4264093795795816,1245.3608695652174,2864.33
2012-03-31,8860.3,713.37,0.57,1.2,2242.51,739.85,960.73,26.0,8120.45,640.74,10203.9,6267.43,5959.5,23328.03,4883.01,30075.42,760.33,7090.19,9917.69,1146.99,11064.68,1247.38,19010.73,1333.58,-345.43,-255.55,220.88,11.4025,1.71,0.58,0.57,1.2,2.11,9.48,9.72,15.0,14.679999999999998,14.679999999999998,8.18,8.05,2.35,1.75,3,2012,1501.8315789473684,1251.5263157894738,713.37
2012-06-30,10572.720000000001,899.17,0.7193181564488322,-0.0014354601077215976,2566.7199999999993,942.11,1165.6999999999998,21.4,9630.61,961.8599999999999,9947.33,7586.64,5580.84,24074.8,4891.2,30883.65,794.83,8285.91,9885.9,1141.13,11027.03,1247.38,19856.62,1515.54,-302.10999999999996,-1471.8700000000001,223.59000000000003,7.43798130498126,1.34,0.56,1.29,1.2,0.93,11.642917136939237,12.312050305728848,18.11120443523881,18.55729321443189,17.865855606682626,8.45,8.3,2.44,1.87,6,2012,-1.7943696450429343,1250.031007751938,1612.54
2012-09-30,11441.849999999999,1920.71,1.5384162739687257,-0.0014732335174644144,3478.6499999999996,1986.8400000000001,2237.1700000000005,25.75,9455.02,1865.15,12104.71,7888.75,6272.87,27239.04,4973.69,34058.09,916.61,9712.77,11170.32,1159.24,12329.56,1247.38,21728.54,2353.8500000000004,-275.96000000000004,126.17000000000007,250.32999999999993,4.18498563031379,1.48,0.57,2.83,1.2,0.42,22.548942418453265,24.919081978348547,35.356393801740616,37.400367367154885,34.85627261020307,11.64,11.44,2.44,1.88,9,2012,-1.8393294436682481,1248.4982332155478,3533.25
2012-12-31,10652.990000000002,814.1300000000001,0.6535692072006588,-0.002726837936116396,2507.1600000000017,782.3299999999999,997.6599999999999,32.0,9870.650000000001,718.8400000000001,12781.78,7026.77,5466.38,26126.54,4984.38,33074.67,660.69,8143.95,9364.58,1213.46,10578.03,1247.38,22496.63,1170.4899999999998,-302.23,-254.56999999999994,215.33000000000004,12.241741061009911,1.77,0.47,3.49,1.2,0.34,9.84286462191021,10.591941077154518,14.472157115320034,15.378539626165647,14.060165064935662,10.66,10.47,2.79,2.21,12,2012,-3.3967337268520623,1245.6676217765043,4347.38
2013-03-31,9672.11,1215.73,0.97,2.4,2575.11,1232.15,1467.18,37.75,8439.96,1155.03,13186.5,7102.01,5238.25,26369.01,4810.39,33060.92,656.79,7377.1,11436.29,1213.55,12649.84,1247.38,20411.08,668.6,-136.5,-6.55,235.03,9.73,2.31,0.62,0.97,2.4,2.47,14.72,15.6,23.84,24.680000000000003,22.8,12.74,12.57,2.31,1.85,3,2013,3007.99175257732,1253.3298969072166,1215.73
2013-06-30,10212.239999999998,1461.3400000000001,1.1736267635885502,-0.015768832358226403,2531.9999999999995,1540.7399999999998,1758.14,40.0,8671.5,1919.8799999999999,12355.27,7493.35,5870.96,26609.73,4718.48,32992.47,687.25,8371.3,9539.17,1317.31,10856.48,1247.38,22136.0,1405.1399999999999,406.56,-2964.0699999999997,217.4,8.518466270683072,2.25,0.49,2.15,2.4,1.12,17.70811730735468,18.952707549671842,26.398414087042926,27.839518578147004,25.808871340682167,13.94,13.46,2.79,2.17,6,2013,-19.63454327499403,1245.1488372093024,2677.07
2013-09-30,11496.800000000003,1642.9599999999996,1.315880121202862,0.006563856226450263,3075.3,1664.27,1885.94,49.25,9832.530000000002,1988.2799999999997,13696.98,8141.53,5993.97,28864.7,4627.83,35195.1,463.15,9059.43,9955.11,1381.32,11336.43,1247.38,23858.67,1630.3300000000004,-76.57,-221.72000000000025,221.67000000000002,9.354157572308518,2.57,0.48,3.46,2.4,0.69,18.665721488045218,19.487195783362612,27.549813867033325,28.82766277086038,26.743552058666253,14.16,13.77,2.9,2.3,9,2013,8.195391853743331,1248.5635838150288,4320.03
2013-12-31,10996.879999999997,1095.6599999999999,0.8780348210477334,-0.0013631299090866606,2651.6000000000004,1108.8100000000004,1352.6799999999994,53.5,9888.069999999996,1533.79,14952.79,8254.12,5949.11,30174.17,4766.82,36864.69,666.7,8969.01,10320.17,1218.84,11539.01,1247.38,25325.68,1244.8699999999994,-558.0799999999999,203.55999999999995,243.87,15.236354731394778,2.64,0.46,4.34,2.4,0.55,11.887863153171617,12.834684112273782,17.30173684239681,18.329482669798306,16.905204987730095,13.14,12.78,2.92,2.35,12,2013,-1.700988252843672,1247.8548387096773,5415.69
2014-03-31,10987.35,1398.71,1.12,2.7,2915.12,1463.65,1681.85,59.0,9523.7,1766.95,16077.85,8446.62,5998.71,31731.68,4751.17,38343.21,806.29,9048.65,13769.44,1237.77,15007.21,1247.38,23336.0,1217.04,-171.41,140.34,218.2,13.169999999999998,3.15,0.64,1.12,2.7,2.41,14.599999999999998,16.4,23.96,25.56,23.84,12.99,12.73,2.3,1.87,3,2014,3371.890178571429,1248.8482142857142,1398.71
2014-06-30,11148.1,1490.8899999999999,1.197004706533776,-0.00722079674893179,2955.55,1510.87,1732.7000000000003,62.5,9637.23,1891.68,14070.6,8754.09,5777.94,29631.15,4738.25,36224.52,640.46,9053.05,10109.55,1254.98,11364.53,1247.38,24860.0,1631.38,-201.03,-3534.55,221.82999999999998,13.053582759291432,3.14,0.46,2.32,2.7,1.16,16.469133720930234,17.728052464008858,23.981370155038753,25.384754983388703,23.50669587486157,13.28,13.05,2.93,2.36,6,2014,-8.993626847290216,1245.5172413793105,2889.6
2014-09-30,11812.639999999996,1946.7199999999998,1.561781189003209,0.0020729354778722246,3275.76,1971.4299999999998,2190.7299999999996,62.0,9841.21,2160.0,16270.69,8740.22,5980.19,31992.18,4525.3,38152.65,265.47,9803.7,10420.03,1213.22,11633.26,1247.38,26519.39,2503.88,304.6,-374.9899999999998,219.30000000000007,9.924949864387278,2.92,0.44,3.88,2.7,0.7,20.415861316041948,21.720029113044628,29.36792668806034,30.913607040063518,28.707792371058982,14.55,14.25,3.07,2.5,9,2014,2.5838606469956176,1246.4742268041236,4836.32
2014-12-31,11148.880000000005,1125.33,0.9022799728263149,0.0015865790286212266,2670.2700000000004,1173.0900000000001,1394.0100000000002,70.5,9975.79,1602.4700000000003,17931.33,8370.66,5320.24,32294.14,4361.27,38244.58,249.6,8659.6,9389.04,1257.29,10646.33,1247.38,27598.25,1902.4799999999996,-145.93,-15.870000000000346,220.91999999999996,19.535233553713134,3.19,0.39,4.78,2.7,0.56,11.771167176872174,12.299699378527755,16.308993651086528,17.01118643328609,16.014525710164133,13.51,13.22,3.44,2.87,12,2014,1.9787926497865556,1247.2071129707113,5961.65
2015-03-31,11156.06,1558.67,1.25,3.0,3038.11,1657.36,1870.26,75.25,9498.7,1963.06,19014.14,8600.87,5935.74,34355.96,4222.98,40008.05,211.26,9427.11,13852.86,1607.48,15460.33,1247.38,24547.72,1685.14,-196.26,-38.34,212.9,15.05,3.82,0.63,1.25,3.0,2.4,15.6,16.92,25.400000000000002,26.04,25.36,14.19,13.97,2.48,2.05,3,2015,3740.8080000000004,1246.9360000000001,1558.67
2015-06-30,11679.109999999999,1703.27,1.368071577036978,-0.00462821511125306,3123.9100000000003,1774.14,1986.3999999999999,90.5,9904.969999999998,1994.1100000000001,16549.98,9479.28,6267.03,33149.35,4555.16,39199.79,270.98,9874.62,10783.5,1703.84,12487.34,1247.38,26712.45,1158.66,-441.53,-3682.42,212.26000000000002,16.536927146019128,4.23,0.47,2.62,3.0,1.15,17.37764201671398,19.006795955780913,25.50252512308626,26.421535037431713,25.230999466575106,14.53,14.28,3.07,2.49,6,2015,-5.762198473282751,1245.0152671755725,3261.94
2015-09-30,12439.880000000005,1741.4900000000002,1.395717517782801,0.006546776087177187,3158.01,1767.4399999999996,1984.5500000000002,88.0,10672.440000000002,2037.7200000000003,18967.83,10388.89,6470.28,36874.78,4801.61,43253.46,219.6,11256.14,12343.46,1863.23,14206.69,1247.38,29046.78,2098.34,-331.37,-51.379999999999654,217.10999999999996,15.76599470855417,3.78,0.49,4.01,3.0,0.75,16.108181227677814,17.778865538240765,23.988242225833083,25.074187027699,23.41742508639074,14.48,14.18,2.99,2.46,9,2015,8.168662313682034,1247.7381546134666,5003.43
2015-12-31,12718.21,1710.3899999999994,1.3705905430887328,0.0004418028095255721,3491.0199999999986,1829.0900000000001,2064.51,76.5,10889.120000000003,2210.6899999999996,20487.95,9654.19,6141.32,37149.57,4941.92,43601.67,189.93,10111.37,11109.39,1934.52,13043.91,1247.38,30557.76,2071.37,-403.11,-29.670000000000073,235.42000000000007,13.954495816743554,3.12,0.43,5.38,3.0,0.56,15.693006961759469,17.496683735935722,22.388010581159453,23.529320178378324,22.041541596289438,14.3,13.99,3.34,2.79,12,2015,0.5513354161057578,1247.921933085502,6713.82
2016-03-31,11430.22,1249.6,1.0,3.1,2956.15,1316.02,1537.48,87.0,10114.2,1782.77,21261.84,9168.82,6203.05,37656.13,5243.64,44341.7,196.4,9789.07,10726.38,2013.95,12740.33,1247.38,31601.37,1354.28,-491.46,6.47,221.46,21.75,3.43,0.4,1.0,3.1,3.1,11.280000000000001,12.48,15.8,17.8,15.640000000000002,11.15,10.93,3.51,2.93,3,2016,3873.7599999999998,1249.6,1249.6
2016-06-30,11447.94,1328.6600000000003,1.0667373344813944,-0.010114263107676356,3069.93,1373.29,1603.3899999999999,68.25,10074.649999999998,1880.7800000000002,18473.21,9249.64,6578.64,35376.82,5434.08,42229.03,308.92,10278.85,11232.74,2084.78,13317.53,1247.38,28911.5,1464.41,-429.89000000000004,-3754.37,230.1,15.994541906883622,2.94,0.46,2.07,3.1,1.5,12.594715195519463,13.625379286805833,18.38704738854887,19.108512252449326,17.89232862473141,11.47,11.27,3.15,2.56,6,2016,-12.597681159419153,1245.5362318840582,2578.26
2016-09-30,11752.05,1404.8399999999997,1.1251135045567522,0.007657905374845637,3078.1900000000005,1463.2400000000002,1701.1099999999997,79.25,10288.810000000001,1898.4099999999999,19299.96,9533.57,7067.89,36950.2,5686.24,44050.38,312.96,10816.58,11715.24,2100.93,13816.16,1247.38,30234.22,1325.1799999999998,-478.64,4.039999999999964,237.86999999999995,17.60702357563851,3.27,0.46,3.19,3.1,0.97,12.753637719364312,13.416714016720642,18.58024433230398,18.961160503125704,18.114680123521875,11.69,11.5,3.15,2.55,9,2016,9.56181909045381,1248.6206896551723,3983.1
2016-12-31,13021.550000000003,1533.19,1.2284886762661138,-0.001468684506284605,3311.5200000000004,1578.8400000000001,1827.5900000000001,81.5,11442.7,2058.34,19685.36,10696.54,7296.78,38928.39,5965.73,46319.27,321.1,11349.11,12402.07,2026.1,14428.18,1247.38,31891.09,1184.9800000000005,-978.8399999999999,8.150000000000091,248.75,16.58639627182541,3.19,0.45,4.42,3.1,0.7,13.240995596678202,14.17486934153208,19.233352126157257,19.644701275676226,18.7886503428935,11.77,11.58,3.14,2.55,12,2016,-1.8329614604463131,1248.0294117647059,5516.29
2017-03-31,12276.14,1348.49,1.08,3.0,3218.23,1499.0,1750.73,87.5,10777.14,2004.99,18978.87,8377.8,7374.45,38934.71,6040.16,46441.65,0.0,9571.32,15418.52,1776.1,17194.62,1247.38,29247.03,1169.64,-410.46,-138.0,251.73,20.255,3.73,0.59,1.08,3.0,2.78,11.6,13.2,18.44,17.72,19.32,11.12,10.98,2.53,2.05,3,2017,3745.805555555555,1248.6018518518517,1348.49
2017-06-30,12946.900000000001,842.6200000000001,0.6768310125917915,-0.008802742800579163,3122.77,1919.9099999999999,2187.9,86.75,11026.990000000002,2097.3600000000006,16508.29,10103.84,7721.06,35264.48,6534.85,44346.84,115.54,10728.12,12386.5,1884.26,14270.76,1247.38,30076.08,1176.22,-1165.53,-3626.6,267.99,32.04285796088391,3.6,0.47,1.76,3.0,1.7,7.598966368644204,12.152193180625346,11.213859276804909,11.429214598993205,16.459299624391292,8.97,8.69,2.85,2.22,6,2017,-10.95896464646421,1244.9488636363637,2191.11
2017-09-30,12263.159999999996,1409.17,1.1311623818147478,0.0019813326387742853,3099.76,1479.3400000000001,1763.6800000000003,87.25,10783.82,2127.4699999999993,17534.46,9706.04,8023.87,36513.91,6695.12,45714.06,264.76,11336.11,12526.21,1878.99,14405.2,1247.38,31308.38,1405.4899999999998,-500.53,149.69999999999982,284.3399999999999,19.283062582938893,3.48,0.46,2.89,3.0,1.04,12.337106669481262,17.08094337107114,18.00466074860844,18.31778528336685,23.108590665170485,9.84,9.6,2.92,2.27,9,2017,2.4682879836423126,1245.7716262975778,3600.28
