,revenue,net_profit,eps,dps,gross_profit,ebit,ebitda,close_price,expense,operating_profit,cash,account_receivable,inventory,current_asset,property_plant_equipment,total_asset,short_term_loan,account_payable,current_portion_long_term_debt,current_liability,non_current_liability,total_liability,paid_in_capital,total_equity,cash_flow_operation,cash_flow_investment,cash_flow_financing,depreciation,P/E,P/BV,D/E,EPS,DPS,DPR%,ROA%,ROAA%,ROE%,ROAE%,ROCE%,NPM%,NPMA%,CurrentRatio,QuickRatio,month,year,dividend,number_of_shares,return_old
2012-09-30,,,,,,,,,,,21.41,194.52,363.74,618.54,101.39,775.78,83.12,504.63,0.37,594.1,14.08,608.18,120.0,167.6,,,,,,0.0,3.63,0.22,0.0,0.0,,,,,,4.27,4.19,1.04,0.43,9,2012,,193.3181818181818,42.53
2012-12-31,452.0100000000001,10.509999999999998,0.023778280542986422,0.0,113.74000000000001,12.699999999999996,25.39,3.06,439.32000000000005,-19.369999999999997,140.29,222.7,426.21,821.5,57.96,965.83,0.0,472.69,0.37,481.05,15.22,496.27,160.0,469.55,-78.82,-10.540000000000003,208.22999999999996,12.689999999999998,32.172216936251196,4.17,1.06,0.12,0.0,0.0,4.351425339366515,0.0,8.956485671191553,0.0,11.611726998491703,3.76,3.62,1.71,0.82,12,2012,0.0,442.0,53.04
2013-03-31,448.02,15.88,0.02,0.0,137.75,19.97,37.04,3.58,428.05,15.84,64.92,262.77,486.44,893.19,58.65,1036.13,1.04,517.64,0.38,529.71,15.52,545.23,160.0,490.9,-18.77,-57.64,1.04,17.07,44.75,4.67,1.11,0.02,0.0,0.0,6.12,0.0,12.92,0.0,15.76,3.59,3.54,1.69,0.77,3,2013,0.0,794.0,15.88
2013-06-30,447.18000000000006,24.479999999999997,0.03639246778989098,0.0,130.67000000000002,30.93,43.699999999999996,2.16,416.24999999999994,13.7,50.49,277.34,440.53,796.05,54.78,973.96,0.0,433.12,0.39,445.46,15.68,461.14,180.0,512.81,-27.49,16.840000000000003,-3.7800000000000002,12.77,14.838235294117649,3.03,0.9,0.06,0.0,0.07,10.044321110009909,0.0,19.093914767096134,0.0,23.363964321110007,4.62,4.51,1.79,0.8,6,2013,0.0,672.6666666666666,40.36
2013-09-30,425.6299999999999,10.910000000000004,0.014895650477862302,0.0,119.69,13.449999999999996,26.590000000000003,2.0,412.18000000000006,7.009999999999998,105.08,256.03,387.1,773.2,49.95,938.49,0.0,391.09,0.4,399.06,15.76,414.82,180.0,523.73,46.08,8.619999999999997,-0.09999999999999964,13.139999999999997,33.56516727772685,2.75,0.79,0.07,0.0,0.06,4.647442949093038,6.392362005071193,8.333052467329825,12.622999804954167,10.154577725765558,3.97,3.88,1.94,0.97,9,2013,0.0,732.4285714285714,51.27
2013-12-31,402.4200000000001,-3.1700000000000017,-0.004613305613305616,0.0,125.02999999999997,-11.029999999999994,4.439999999999998,1.49,413.45000000000005,-20.339999999999996,84.49,224.39,393.32,737.26,92.1,1035.44,11.22,352.1,4.05,427.77,28.09,455.86,188.33,587.25,-55.28,-21.67,56.349999999999994,15.470000000000006,-80.76096214511037,1.91,0.78,0.07,0.0,0.06,-1.2258212058212066,-1.4050810810810817,-2.1590270270270278,-2.39891891891892,-2.311925155925157,2.85,2.79,1.72,0.8,12,2013,0.0,687.1428571428571,48.1
2014-03-31,375.16,-18.11,-0.02,0.0,118.67,-20.59,-2.98,1.26,395.74,-28.84,48.12,208.06,345.86,670.95,95.46,958.35,25.59,262.42,4.17,361.41,27.8,389.21,188.33,569.14,15.75,-77.89,25.77,17.61,-15.750000000000002,1.67,0.68,-0.02,0.0,0.0,-7.5600000000000005,-8.24,-12.72,-13.68,-13.799999999999999,-4.94,-4.83,1.86,0.9,3,2014,0.0,905.5,-18.11
2014-06-30,364.92,-4.09,-0.005527027027027027,0.02,120.21,-3.0100000000000016,14.77,1.3,367.93999999999994,-11.010000000000002,20.11,217.64,285.2,593.01,94.4,872.22,24.78,196.92,4.36,296.31,25.92,322.23,188.33,549.99,-7.23,-3.5900000000000034,-17.18,17.78,-58.79743276283618,1.78,0.59,-0.03,0.02,-0.67,-1.879189189189189,-1.8865585585585585,-2.977225225225225,-3.080396396396396,-3.0214414414414414,-3.07,-3.0,2.0,1.04,6,2014,14.8,740.0,-22.2
2014-09-30,343.92999999999995,-6.810000000000002,-0.009389865563598762,-0.00040675629093416053,119.59000000000003,-4.25,13.080000000000002,3.68,348.17999999999995,-11.030000000000001,42.81,220.31,303.62,653.07,93.48,933.33,3.96,240.63,4.45,324.23,25.47,349.69,188.33,549.08,38.93000000000001,-3.739999999999995,-12.5,17.33,-97.97797356828191,5.05,0.64,-0.04,0.02,-0.5,-2.920248190279215,-2.798179937952431,-4.957849017580147,-5.079917269906931,-4.291168562564634,-2.74,-2.68,2.01,1.08,9,2014,-0.29499999999999993,725.25,-29.01
2014-12-31,444.3700000000001,-21.2,-0.029555865365465048,-0.00022206731726747843,125.48999999999995,-20.5,-8.350000000000001,15.0,464.8700000000001,-23.109999999999992,108.27,305.15,292.91,822.23,93.5,1144.11,5.15,214.45,4.45,529.26,24.59,553.85,188.33,535.27,-129.81,-30.310000000000002,225.57999999999998,12.150000000000006,-126.88090683962264,21.11,1.03,-0.07,0.02,-0.29,-7.414299940250945,-7.4987452698665615,-15.841943835889266,-15.115714001194979,-13.274805815574586,-3.36,-3.29,1.55,1.0,12,2014,-0.15928571428571558,717.2857142857142,-50.21
2015-03-31,283.95,-62.91,-0.02,0.0,60.48,-59.8,-45.22,2.14,343.75,-92.92,64.66,304.23,258.1,1109.02,88.18,1449.63,5.56,177.57,3.58,501.57,17.79,519.35,239.58,882.36,-80.75,-384.25,421.39,14.58,-26.75,11.62,0.59,-0.02,0.0,0.0,-17.36,-19.88,-28.52,-34.68,-25.24,-25.47,-22.16,2.21,1.7,3,2015,0.0,3145.4999999999995,-62.91
2015-06-30,242.82999999999998,-52.92,-0.013706293706293707,0.0,22.330000000000005,-55.97,-43.2,2.04,298.78999999999996,-87.10000000000001,60.8,279.47,151.9,1051.25,79.56,1397.31,8.33,125.57,2.62,411.69,16.1,427.79,252.08,928.43,31.259999999999998,-98.80000000000001,63.68000000000001,12.770000000000001,-37.20918367346938,11.08,0.46,-0.03,0.0,0.0,-15.15002331002331,-18.64055944055944,-22.80727272727273,-28.637016317016315,-21.473193473193476,-25.47,-21.99,2.55,2.18,6,2015,0.0,3861.0,-115.83
2015-09-30,117.49000000000001,-127.35000000000001,-0.02618430792005922,0.0,-10.310000000000002,-136.53000000000003,-116.67,2.0,254.0300000000001,-118.36999999999998,115.11,375.83,97.21,849.96,76.31,1400.86,5.34,168.71,1.57,427.68,16.13,443.81,264.58,901.09,-135.03,121.05000000000001,68.30000000000001,19.86,-19.09540636042403,11.74,0.49,-0.05,0.0,0.0,-36.36476683937824,-45.288378978534425,-56.53715766099186,-70.2577350111029,-54.31672834937084,-41.4,-37.75,1.99,1.76,9,2015,0.0,4863.599999999999,-243.18
2015-12-31,78.62,-214.59999999999997,-0.042190571890427714,0.0,-51.33,-230.76,-217.46,1.71,309.38,-215.74,89.21,268.2,88.98,718.26,80.53,1191.85,4.8,212.05,0.56,462.74,13.59,476.33,264.58,669.86,-36.94,17.94999999999999,-6.919999999999959,13.299999999999997,-10.132595526561046,13.51,0.71,-0.09,0.0,0.0,-72.02399405828126,-77.55564681724846,-128.14683035519244,-142.4541220673686,-124.22779501070383,-70.19,-63.33,1.55,1.36,12,2015,0.0,5086.444444444444,-457.78
2016-03-31,107.86,-72.56,-0.01,0.0,-23.98,-83.28,-65.39,1.7,191.14,-106.85,74.66,253.84,58.06,661.59,81.18,1111.63,5.18,214.06,0.36,485.44,13.74,499.18,264.58,581.3,-21.56,-12.72,19.73,17.89,-42.5,15.48,0.86,-0.01,0.0,0.0,-26.12,-26.0,-49.92,-39.64,-53.2,-88.75,-67.27,1.36,1.24,3,2016,0.0,7256.0,-72.56
2016-06-30,265.8,23.39,0.004756965629448851,0.0,-26.220000000000002,20.300000000000004,32.13,2.32,245.51,-146.6,117.31,121.41,53.52,499.96,82.7,949.33,4.66,125.68,0.38,308.84,15.95,324.8,264.58,565.55,-10.55,60.82,-7.620000000000001,11.829999999999998,121.92646430098333,21.71,0.57,-0.01,0.0,0.0,9.856432784218018,10.217962172056131,16.535212527964205,12.520333536709375,18.70438885499288,-27.81,-13.16,1.62,1.45,6,2016,0.0,4917.0,-49.17
2016-09-30,-5.380000000000052,-91.95,-0.019547193877551022,0.0,-35.379999999999995,-92.91,-84.19999999999999,1.8,87.51999999999998,-84.31,69.48,109.51,17.26,464.34,31.76,786.12,49.63,79.52,29.04,195.16,52.42,247.58,264.58,477.72,-42.08,57.74999999999999,-51.07,8.71,-23.02120717781403,19.94,0.52,-0.03,0.0,0.0,-46.78295068027211,-37.165731292517,-76.98988095238094,-53.35080782312925,-68.75399659863946,-84.35,-38.32,2.38,2.29,9,2016,0.0,4704.0,-141.12
2016-12-31,358.0,-129.76,-0.023951565268753694,0.0,96.09,-141.31,-135.99,1.33,499.30000000000007,-188.0,73.59,70.11,49.82,216.1,82.51,670.87,0.0,128.47,45.79,237.0,47.82,284.82,264.58,339.34,-17.39,4.170000000000002,4.899999999999999,5.32,-13.88218249075216,20.74,0.84,-0.05,0.0,0.0,-77.37313644418192,-61.14355581807442,-152.96427643236856,-102.85760189013584,-131.2545776727702,-59.25,-37.3,0.91,0.7,12,2016,0.0,5417.599999999999,-270.88
2017-03-31,220.08,-0.95,0.0,,34.16,-4.48,3.96,0.82,224.56,-37.0,57.42,65.58,49.22,197.86,78.13,647.64,49.97,96.01,43.29,198.32,70.13,268.44,264.58,336.46,-23.76,15.32,-7.74,8.44,0.0,12.9,0.8,0.0,0.0,0.0,-0.6,-2.04,-1.12,-0.84,-3.9999999999999996,-0.52,-0.43,1.0,0.75,3,2017,,-inf,-0.95
2017-06-30,263.65999999999997,-45.64,-0.009796093582313802,,42.83,-47.269999999999996,-39.69,0.93,310.93,-38.81999999999999,59.9,80.26,63.85,240.38,77.07,636.56,44.31,106.73,41.4,320.68,45.2,365.88,264.58,232.9,-31.76,40.57,-6.32,7.58,-23.733950482033304,21.13,1.57,-0.01,0.0,0.0,-28.682962009014812,-25.587396437003648,-78.36874865851041,-45.728164842240815,-64.18400515132001,-11.38,-9.63,0.75,0.55,6,2017,,4659.0,-46.59
2017-09-30,231.31999999999994,-127.22999999999999,-0.02195892302381774,0.0,55.94000000000001,-131.0,-120.60000000000002,1.25,362.30999999999995,-30.38000000000001,77.47,85.89,75.11,264.34,83.04,586.59,39.97,136.68,59.98,371.17,26.74,397.91,264.58,157.07,10.68,11.019999999999996,-4.139999999999999,10.400000000000002,-14.232255364300872,42.11,2.53,-0.03,0.0,0.0,-86.75238522609595,-77.96881601656885,-323.99658957542283,-160.32941663790126,-248.3700586813945,-27.11,-24.31,0.71,0.51,9,2017,0.0,5794.0,-173.82
