,revenue,net_profit,eps,dps,gross_profit,ebit,ebitda,close_price,expense,operating_profit,cash,account_receivable,inventory,current_asset,property_plant_equipment,total_asset,short_term_loan,account_payable,current_portion_long_term_debt,current_liability,non_current_liability,total_liability,paid_in_capital,total_equity,cash_flow_operation,cash_flow_investment,cash_flow_financing,depreciation,P/E,P/BV,D/E,EPS,DPS,DPR%,ROA%,ROAA%,ROE%,ROAE%,ROCE%,NPM%,NPMA%,TIE,CurrentRatio,QuickRatio,month,year,dividend,number_of_shares,return_old
2005-09-30,,,,,,,,,,,60.63,210.45,314.37,623.19,835.06,1580.93,417.26,142.16,5.93,642.15,14.16,656.31,800.0,924.62,,,,,,0.0,0.71,1.0,0.0,0.0,,,,,,10.05,9.92,0.0,0.97,0.48,9,2005,,159.96,159.96
2005-12-31,495.18000000000006,41.16999999999999,0.24972604782976177,0.0,146.18,59.87000000000003,84.86000000000001,1.2,435.30999999999995,58.22999999999999,69.69,305.08,378.75,777.75,868.18,1767.66,241.5,152.01,5.96,486.93,12.69,499.63,1000.0,1268.04,-47.170000000000016,-57.45999999999998,113.68,24.989999999999995,1.1969115861063884,0.95,0.39,1.22,0.0,0.0,9.317647292795701,0.0,12.985754487147611,0.0,19.12655894197782,9.64,9.54,0.0,1.6,0.82,12,2005,0.0,164.86065573770492,201.13
2006-03-31,594.14,77.88,0.39,0.0,193.03,109.11,133.61,1.31,485.04,102.83,65.28,315.11,345.72,760.04,944.2,1826.08,196.43,119.99,5.64,468.97,11.2,480.17,1000.0,1345.91,145.38,-99.99,-50.52,24.5,0.8399999999999999,0.97,0.36,0.39,0.0,0.0,17.04,0.0,23.16,0.0,32.16,13.25,13.11,0.0,1.62,0.88,3,2006,0.0,199.69230769230768,77.88
2006-06-30,651.4,91.11000000000001,0.45288123557606963,0.4000000000000001,223.65,127.71,152.31,1.21,523.6700000000001,126.50000000000001,113.33,272.82,315.86,789.83,971.49,1883.29,44.59,110.08,5.86,316.68,209.58,526.26,1000.0,1357.03,185.38,-51.019999999999996,-36.309999999999995,24.6,0.6677247283503456,0.89,0.39,0.84,0.4,0.48,19.344498491034976,0.0,26.849387537724127,0.0,32.60744896147701,13.65,13.57,0.0,2.49,1.5,6,2006,80.47142857142859,201.17857142857144,168.99
2006-09-30,606.3400000000001,73.25999999999999,0.36592198142414856,0.49805808639245164,219.68,109.47000000000003,137.06,1.41,496.8699999999999,105.71000000000001,73.76,252.98,322.35,682.31,1006.59,1810.78,1.42,128.7,30.94,297.41,183.07,480.48,1000.0,1330.29,128.29000000000002,-70.03,-147.82,27.589999999999996,0.9672143734643736,1.06,0.36,1.21,0.9,0.74,16.185243343653248,24.701245820433435,22.02789845201238,25.9955814241486,27.677008049535598,13.16,13.08,0.0,2.29,1.21,9,2006,99.71452184179455,200.20661157024793,242.25
2006-12-31,552.6799999999998,71.79000000000002,0.3589042797095912,-0.0008149985631138994,180.73000000000002,87.89999999999998,115.29999999999995,1.79,464.78,97.70999999999998,135.47,243.45,315.88,714.96,1020.25,1847.75,5.06,116.89,56.68,289.79,155.88,445.67,1000.0,1402.08,105.87999999999994,-43.21000000000001,-0.960000000000008,27.400000000000006,1.2467112411199328,1.28,0.32,1.57,0.9,0.57,15.544898739014142,21.964027512418802,20.482690103171574,21.506824608330152,25.48448987390142,13.14,13.06,0.0,2.47,1.38,12,2006,-0.16302047691738153,200.0254777070064,314.04
2007-03-31,657.58,107.93,0.54,0.6,246.05,147.76,179.06,1.77,509.83,141.01,144.78,303.42,306.62,904.68,1026.84,2043.73,1.38,134.92,81.7,524.48,129.24,653.72,1000.0,1390.01,175.92,-37.42,-8.38,31.3,0.82,1.27,0.47,0.54,0.6,1.11,21.12,30.56,31.040000000000003,31.56,38.92,16.58,16.41,0.0,1.72,1.14,3,2007,119.92222222222222,199.87037037037038,107.93
2007-06-30,703.0299999999999,120.91999999999999,0.6023543805986453,0.002615978442939352,261.36,165.19,204.63,2.8,537.8300000000002,158.65000000000003,135.22,316.72,339.61,941.56,997.03,2050.48,0.98,157.9,105.68,435.77,103.78,539.55,1000.0,1510.93,103.43000000000004,-7.210000000000001,-125.02000000000001,39.44,1.1639327654647702,1.85,0.36,1.14,0.6,0.53,23.586929429757483,33.62616910640157,32.019890758138516,33.73184531352414,40.96009788070788,16.99,16.82,0.0,2.16,1.38,6,2007,0.5251461988304129,200.74561403508773,228.85
2007-09-30,613.49,87.22999999999999,0.0883118197924576,1.0780588525223458,211.73999999999995,119.91000000000003,154.61999999999995,3.3,493.5799999999999,113.79999999999995,69.0,275.57,409.15,836.66,1002.23,1950.84,0.0,153.1,104.61,394.34,78.34,472.68,1000.0,1478.16,71.06,-38.43999999999999,-150.4,34.71000000000001,9.339633153731516,2.23,0.32,0.32,1.2,3.75,17.88314350797266,25.400687167805618,23.60133383953429,24.84873829410276,30.69939635535307,16.17,16.01,0.0,2.12,1.08,9,2007,1064.852631578947,987.7499999999999,316.08
2007-12-31,640.5900000000001,77.30000000000001,0.07663582286847324,0.024884335756774754,219.26,104.44999999999993,138.85000000000002,2.9,536.1400000000001,105.76000000000005,49.83,286.53,396.48,824.94,1008.58,1941.72,0.0,97.06,102.99,333.36,52.9,386.26,1000.0,1555.46,49.64999999999998,-39.25,-29.569999999999993,34.39999999999999,9.46554721862872,1.86,0.25,0.39,1.2,3.08,15.924530987848902,22.291199349229757,19.878153439422444,20.907824495398852,26.26054196959683,15.18,15.04,0.0,2.47,1.29,12,2007,25.100000000000136,1008.6666666666666,393.38
2008-03-31,820.89,127.26,0.13,0.18,251.56,164.78,197.46,2.76,656.11,141.29,97.84,406.46,378.95,1009.0,999.46,2134.24,0.0,131.77,101.79,424.07,27.45,451.52,1000.0,1682.72,147.47,-40.3,-28.82,32.68,5.3075,1.64,0.27,0.13,0.18,1.38,23.84,31.56,30.24,33.12,38.56,15.99,15.5,0.0,2.38,1.49,3,2008,176.20615384615382,978.9230769230769,127.26
2008-06-30,690.3100000000001,90.82000000000001,0.09161958914159941,0.002242508042214601,223.39,116.84,149.96,2.58,573.4699999999999,114.98999999999998,71.96,333.22,432.34,868.56,1055.76,2053.6,0.0,149.34,102.63,394.51,65.55,460.06,1000.0,1593.55,129.04999999999998,-92.39,-142.88,33.12,7.0416163840563755,1.62,0.29,0.22,0.18,0.82,17.690909757887013,22.854922964049894,22.804948642699927,23.40464049889949,28.268807776962582,14.68,14.43,0.0,2.2,1.11,6,2008,2.222937062937092,991.2727272727274,218.08
2008-09-30,474.15999999999985,34.81999999999999,0.03442071965203637,0.15361695244257523,130.51000000000005,42.71999999999997,76.52999999999997,1.93,431.44000000000005,48.860000000000014,45.17,206.17,474.92,747.9,1057.11,1933.03,90.0,154.87,109.59,421.52,33.15,454.67,1000.0,1478.36,94.29000000000002,-33.94999999999999,-87.13999999999999,33.81,14.017719701321083,1.31,0.31,0.25,0.33,1.32,7.203568208778171,9.197216291024118,9.423016211941476,9.423016211941476,11.81869829972321,12.9,12.74,0.0,1.77,0.65,9,2008,155.39890909090911,1011.6,252.9
2008-12-31,557.3700000000001,31.919999999999987,0.03250052664840951,-0.009899304824099427,168.74,46.68000000000001,81.05000000000001,1.9,510.69000000000005,33.18000000000001,43.49,302.11,419.68,799.28,1067.68,1995.38,185.74,102.63,115.4,506.78,6.26,513.04,1000.0,1482.34,-5.899999999999977,-40.34,44.40999999999997,34.36999999999999,14.611301691729329,1.28,0.35,0.29,0.33,1.14,6.397000210659361,8.450136928586472,8.611518854013058,8.405308615967977,11.171215504529174,11.35,11.2,0.0,1.58,0.75,12,2008,-9.722482758620686,982.1379310344828,284.82
2009-03-31,730.06,101.82,0.1,0.1,255.0,132.23,166.5,1.93,597.83,129.09,67.63,363.21,357.96,828.98,1152.48,2108.92,80.0,130.85,121.2,543.82,8.48,552.3,1000.0,1556.63,218.51,-69.22,-125.25,34.27,4.825,1.24,0.35,0.1,0.1,1.0,19.32,24.92,26.16,25.16,33.8,14.04,13.95,0.0,1.52,0.87,3,2009,101.82,1018.1999999999999,101.82
2009-06-30,711.74,105.0,0.10661444734551784,-0.003385552654482142,242.51,123.93000000000004,158.57,2.22,587.8100000000001,135.99999999999997,69.5,318.42,343.13,759.25,1344.25,2141.84,30.0,143.74,126.99,468.84,115.25,584.09,1000.0,1557.75,231.97000000000003,-188.35999999999999,-41.31999999999999,34.63999999999999,5.204969999999999,1.43,0.37,0.21,0.1,0.48,19.617058311575285,24.795474325500436,26.96837829997099,26.663765593269513,31.090803597331018,14.4,14.34,0.0,1.62,0.89,6,2009,-3.3342857142856985,984.8571428571429,206.82
2009-09-30,704.1899999999998,93.75999999999999,0.09357908044447401,0.1517043240211781,233.86,116.46999999999997,152.26999999999998,2.88,587.7199999999998,118.54000000000002,63.26,322.48,362.25,788.88,1426.29,2252.21,100.0,185.18,125.0,568.79,176.3,745.09,1000.0,1507.12,132.26999999999998,-123.11000000000001,-15.330000000000013,35.8,7.694027303754266,1.91,0.49,0.3,0.25,0.83,16.657076319116374,22.221912302881094,24.87955818750416,25.129102402022756,27.62454454720873,14.08,14.01,0.0,1.39,0.75,9,2009,151.99761904761903,1001.9333333333333,300.58
2009-12-31,643.5100000000002,75.72000000000003,0.0764645229869785,-0.002946230844184582,174.36,98.14999999999998,134.62000000000006,3.12,545.3500000000001,104.85000000000002,41.51,356.66,424.77,870.67,1354.19,2347.75,120.61,182.22,125.0,585.82,166.98,752.8,1005.17,1594.95,-8.759999999999991,-32.339999999999975,19.330000000000013,36.47000000000001,10.200155176967773,1.97,0.47,0.38,0.25,0.66,12.902382141908058,17.450009035344145,18.987348392240243,19.687602444857834,21.506653202232265,13.56,13.49,0.0,1.49,0.76,12,2009,-2.9175438596491006,990.2631578947369,376.3
2010-03-31,815.46,112.82,0.12,0.15,270.15,148.98,185.14,3.08,666.48,151.51,43.83,386.28,421.99,880.69,1470.73,2386.52,30.0,170.77,143.75,559.24,117.66,676.9,1005.97,1709.62,176.31,-53.92,-120.0,36.16,6.4175,1.81,0.4,0.12,0.15,1.25,18.92,26.52,26.4,27.64,32.6,13.9,13.84,0.0,1.57,0.82,3,2010,141.02499999999998,940.1666666666666,112.82
2010-06-30,889.1399999999999,140.05,0.14399889271167005,0.004998615889587561,299.1700000000001,186.31000000000003,228.95,3.74,702.8299999999999,196.51999999999998,41.12,418.11,388.55,893.04,1443.32,2370.13,60.0,151.99,123.57,557.74,107.27,665.02,1006.28,1705.12,159.5,-16.409999999999997,-145.81,42.64,6.491022134951803,2.21,0.39,0.26,0.15,0.58,23.63797208051568,32.92036224146795,32.85390121406256,34.338197492782854,40.98430023332148,14.89,14.83,0.0,1.6,0.9,6,2010,4.861538461538487,972.5769230769231,252.87
2010-09-30,838.8600000000001,115.94,0.11945771535478972,0.17968714347391715,269.05999999999995,158.76999999999998,204.77000000000004,4.54,680.0799999999999,160.22000000000003,68.58,400.71,399.31,939.15,1422.85,2394.9,190.0,165.09,111.07,624.84,107.77,732.6,1006.28,1662.3,92.49000000000001,-23.460000000000008,-41.44999999999999,46.0,9.503362730722786,2.75,0.44,0.38,0.33,0.87,19.36472438382907,26.733379246766628,27.902807407608254,29.260853013746914,35.09541932160191,14.58,14.5,0.0,1.5,0.86,9,2010,174.39582995951417,970.5526315789474,368.81
2010-12-31,781.2599999999998,83.96999999999997,0.08716352312381286,-0.0024632562345835263,218.2500000000001,113.57999999999998,162.93999999999994,6.25,667.69,116.55999999999995,56.62,366.73,406.85,863.23,1412.48,2401.1,10.0,143.31,102.63,436.0,106.34,542.34,1014.33,1858.76,164.00999999999993,-75.40999999999998,-100.53000000000003,49.36,17.928944861259982,3.41,0.29,0.47,0.33,0.7,13.990672732894557,18.98310261053933,18.070667432307076,19.45044745792658,22.936988382879097,13.71,13.62,0.0,1.98,1.05,12,2010,-2.3730067189249553,963.3617021276596,452.78
2011-03-31,952.77,129.04,0.13,0.18,304.22,187.99,236.31,5.7,764.78,194.56,89.3,449.51,413.08,998.02,1687.39,2715.46,90.0,124.51,90.17,533.58,236.4,769.98,1016.57,1945.48,125.33,-245.95,153.31,48.32,10.9625,2.98,0.4,0.13,0.18,1.38,19.0,29.48,26.52,28.24,34.48,13.57,13.54,0.0,1.87,1.1,3,2011,178.6707692307692,992.6153846153845,129.04
2011-06-30,946.9200000000001,130.69000000000003,0.13082585762137608,0.0011434951680591708,300.03999999999996,180.45,230.17000000000002,5.8,766.47,191.51999999999998,41.4,448.2,547.25,1077.65,1676.6,2783.13,190.0,139.68,79.16,646.26,228.56,874.82,1019.3,1908.3,65.79,-25.069999999999993,-88.69,49.720000000000006,11.084582408753537,3.1,0.46,0.26,0.18,0.69,18.778542332422134,28.781688676702736,27.39292188041428,28.94270511685212,34.69904285219266,13.7,13.67,0.0,1.67,0.82,6,2011,1.1423076923077247,998.9615384615385,259.73
2011-09-30,941.4699999999998,115.28999999999996,0.11374673350754623,0.1825938924283012,289.87,169.10999999999996,220.51999999999998,5.95,772.3600000000001,171.36000000000007,40.24,451.11,693.32,1211.23,1692.35,2931.16,325.47,161.79,79.23,756.7,230.71,987.41,1019.3,1943.75,10.289999999999992,-67.44,55.849999999999994,51.40999999999998,13.07641946396045,3.12,0.51,0.37,0.36,0.97,15.727791584448823,24.827530265052523,23.720805290384504,25.577643858994183,30.39804597088154,13.25,13.2,0.0,1.6,0.68,9,2011,185.07124740124735,1013.5675675675675,375.02
2011-12-31,865.5900000000001,85.11000000000001,0.08508595396953036,-0.004781233975592081,252.80000000000007,125.84000000000003,177.15999999999997,5.75,739.75,132.14999999999998,22.2,437.54,691.83,1198.4,1582.32,3092.87,177.44,120.93,79.3,613.54,432.56,1046.09,1026.96,2046.78,113.47,-201.42000000000002,69.84,51.32000000000002,16.89468041358242,2.89,0.51,0.46,0.36,0.78,11.009382565796626,17.868050333601378,16.632454306391676,17.431522395844652,19.799131549779414,12.46,12.41,0.0,1.95,0.83,12,2011,-4.782585193889531,1000.2826086956521,460.13
2012-03-31,1113.05,192.25,0.19,0.2,332.99,253.68,304.81,5.85,859.37,199.98,48.42,604.89,596.05,1254.5,1789.18,3322.3,0.0,321.01,68.51,574.83,494.66,1069.49,1029.0,2252.81,258.45,-117.45,-114.72,51.13,7.6975,2.67,0.47,0.19,0.2,1.05,23.16,33.6,34.12,36.64,36.92,18.29,17.27,0.0,2.18,1.15,3,2012,202.3684210526316,1011.8421052631579,192.25
2012-06-30,1013.95,141.2,0.13550457339931024,0.005794287788747613,313.16999999999996,184.98000000000002,236.98999999999995,6.2,828.9699999999999,196.48,31.01,551.9,618.17,1213.66,2124.57,3464.21,50.81,368.66,87.8,659.39,616.26,1275.65,1029.15,2188.56,200.18,-199.04000000000002,-18.80000000000001,52.01,11.4416802407932,2.92,0.58,0.32,0.2,0.63,16.311363022941972,23.781052631578945,25.8136212325686,27.575180686759637,26.49114409956515,16.17,15.68,0.0,1.84,0.9,6,2012,6.037828947368411,1042.03125,333.45
2012-09-30,921.2399999999998,110.13,0.10675842012714731,0.19797401257946706,270.56000000000006,144.61999999999995,197.48000000000002,7.75,776.6200000000001,151.46999999999997,43.78,512.39,589.1,1152.43,2348.65,3575.14,240.0,309.66,132.01,781.53,700.74,1482.27,1029.15,2092.87,92.53999999999996,-187.2,107.46000000000001,52.86,18.145172977390356,3.81,0.71,0.43,0.4,0.93,12.3243906397944,17.80631137562559,21.043822534830245,21.828372785066957,20.73596104423103,14.88,14.55,0.0,1.47,0.72,9,2012,204.22630813953486,1031.581395348837,443.58
2012-12-31,904.94,102.32999999999998,0.09934769467494642,-0.0006067956512126453,256.14999999999986,133.06000000000006,186.82000000000005,7.35,771.8800000000001,143.29000000000008,56.5,498.49,632.43,1193.01,2378.9,3644.66,111.14,280.79,176.14,707.75,722.68,1430.43,1038.1,2214.23,168.9000000000001,-119.68,-36.34,53.75999999999999,18.49841615362064,3.45,0.65,0.53,0.4,0.75,11.231912952684509,15.94061878331593,18.482420179150406,19.209720283563225,18.28747375941089,14.06,13.81,0.0,1.69,0.79,12,2012,-0.6250109697235757,1030.0188679245282,545.91
2013-03-31,1159.05,154.95,0.15,0.2,338.05,199.61,263.49,9.05,959.44,205.6,73.5,669.3,589.28,1337.64,2421.52,3916.78,40.0,378.05,231.1,801.24,721.04,1522.28,1038.61,2394.5,168.4,-124.96,-26.31,63.88,15.082500000000001,3.93,0.64,0.15,0.2,1.33,15.84,22.04,25.880000000000003,26.68,25.639999999999997,13.4,13.37,34.96,1.67,0.93,3,2013,206.60000000000002,1033.0,154.95
2013-06-30,1129.6000000000001,138.2,0.1320006822445847,0.002667576326112859,307.62999999999994,181.58999999999997,250.64999999999998,9.45,948.01,159.73999999999998,123.88,628.88,640.78,1445.1,2658.31,4259.55,470.02,171.19,256.26,1214.7,719.74,1934.44,1038.66,2325.1,93.10999999999999,-280.69,237.7,69.06,17.89763476845152,4.22,0.83,0.28,0.2,0.71,12.973781340610607,18.61209619648644,23.778980044345897,24.495555176530786,23.609264881460003,12.9,12.81,30.16,1.19,0.66,6,2013,2.7928571428570876,1046.9642857142856,293.15
2013-09-30,1098.3600000000001,83.88,0.08009123942391852,0.2000651710170847,263.5300000000001,119.22000000000003,199.25,7.75,979.1400000000001,145.68,86.0,627.57,701.48,1427.49,2669.21,4238.54,720.0,319.18,264.32,1379.29,658.0,2037.29,1038.66,2201.25,88.29000000000002,-98.75,-27.439999999999998,80.03,24.193657308059134,3.66,0.93,0.36,0.4,1.11,7.9201336763652765,11.399653078004404,15.244032570352491,15.626690714266768,15.573296554650824,11.21,11.13,19.22,1.03,0.53,9,2013,209.5293650793651,1047.3055555555554,377.03
2013-12-31,1041.9699999999993,73.89000000000004,0.07046194446908546,0.000513271632317196,262.02,106.75999999999993,187.82000000000005,7.9,935.21,116.11000000000001,58.6,594.59,796.29,1461.17,2637.73,4240.07,420.0,314.89,256.11,1050.92,889.51,1940.43,1047.37,2299.64,108.19999999999999,-65.95000000000005,-70.05999999999999,81.05999999999997,28.026121261334403,3.6,0.84,0.43,0.4,0.93,6.967539253082591,10.094083207664337,12.853569591058287,13.096089772021653,12.479957420384999,10.24,10.18,14.41,1.39,0.63,12,2013,0.5382428940569071,1048.6511627906978,450.92
2014-03-31,1156.89,119.55,0.11,0.18,304.19,163.09,242.87,6.0,993.8,158.46,50.24,587.67,754.39,1432.52,2588.54,4160.69,300.0,152.39,293.4,947.81,792.65,1740.46,1047.81,2420.23,207.38,-20.44,-194.98,79.78,13.6375,2.6,0.72,0.11,0.18,1.64,11.48,16.16,19.76,19.88,20.32,10.38,10.33,11.9,1.51,0.72,3,2014,195.6272727272727,1086.8181818181818,119.55
2014-06-30,1164.05,103.17,0.09727774784482758,-0.0044545944357366335,290.7,142.66,226.06,6.2,1021.3900000000001,160.96,64.1,635.22,756.91,1470.64,2521.94,4131.12,345.0,354.14,330.68,1102.21,693.77,1795.98,1047.96,2335.14,243.60000000000002,-9.639999999999997,-219.97,83.4,15.931701075894155,2.78,0.77,0.21,0.18,0.86,9.987182112068965,13.507710129310343,17.67675646551724,17.713814655172413,18.69585668103448,9.63,9.6,11.71,1.33,0.65,6,2014,-4.724415584415539,1060.5714285714287,222.72
2014-09-30,1003.98,48.78,0.04671381215469613,0.14718326756116812,223.34000000000003,73.75,158.73999999999995,6.2,930.23,81.58999999999997,28.29,551.45,721.56,1314.27,2467.27,3918.31,283.0,255.33,368.86,1093.26,598.33,1691.58,1047.96,2226.73,121.15999999999997,-18.39,-138.57,84.98999999999998,33.18611623616236,2.92,0.76,0.26,0.33,1.27,4.980411049723757,6.690855248618785,8.760636464088398,8.81094364640884,9.65179226519337,8.2,8.17,9.88,1.2,0.54,9,2014,153.6932967032967,1044.2307692307693,271.5
2014-12-31,925.1300000000001,17.79000000000002,0.017218707870994526,-0.003530101548353169,196.97000000000003,35.829999999999984,119.16000000000008,5.1,889.2999999999997,-7.839999999999975,13.52,522.93,674.79,1251.81,2404.43,3791.06,394.2,108.02,406.32,1047.54,499.0,1546.54,1047.96,2244.52,116.31000000000006,-8.939999999999998,-122.28999999999996,83.33000000000001,74.0299451939291,2.38,0.69,0.28,0.33,1.18,1.876839157938403,2.5434491340869054,3.1707020636731342,3.131345017110861,3.724160530955101,6.84,6.81,8.26,1.19,0.55,12,2014,-3.647225274725315,1033.1785714285713,289.29
2015-03-31,1183.54,95.38,0.09,0.12,290.84,130.17,210.85,4.98,1053.37,134.76,30.77,648.27,593.28,1285.52,2329.74,3749.09,213.0,328.86,405.44,1009.7,399.49,1409.19,1047.96,2339.9,313.89,-2.65,-293.69,80.68,13.8325,2.23,0.6,0.09,0.12,1.33,10.16,13.16,16.32,16.04,19.0,8.09,8.06,12.22,1.27,0.69,3,2015,127.17333333333333,1059.7777777777778,95.38
2015-06-30,1137.25,109.23000000000002,0.10676897512340551,-0.004308033168792655,310.21,146.4,226.12000000000003,4.92,990.8500000000001,157.10000000000002,24.29,610.25,542.33,1191.09,2257.95,3582.48,214.0,301.19,367.02,950.53,308.58,1259.11,1047.96,2323.37,263.21000000000004,-4.58,-265.31,79.72,11.520200494369679,2.22,0.54,0.2,0.12,0.6,12.19301695909291,15.31067103269635,18.812693416744054,18.748632031670006,22.44283857093984,8.83,8.82,14.28,1.25,0.68,6,2015,-4.407333333333327,1023.0500000000001,204.61
2015-09-30,942.4200000000001,67.56,0.06453907484292905,0.12272344490575743,240.94000000000005,91.29000000000002,169.99,4.48,851.1299999999999,99.15999999999997,28.82,518.35,669.59,1230.67,2188.26,3551.41,380.0,292.76,328.78,1037.74,248.49,1286.23,1047.96,2265.18,75.93999999999994,-4.35,-67.60000000000002,78.69999999999999,17.353053211959743,2.07,0.57,0.26,0.24,0.92,7.605681743028254,9.780152110813095,11.934764301723186,12.034055186096923,14.526256383877723,8.36,8.34,14.52,1.19,0.54,9,2015,128.46784615384615,1046.8076923076924,272.17
2015-12-31,911.1099999999997,58.81999999999999,0.05686697483307652,-0.0028920232310063214,235.4000000000001,83.19,158.05999999999995,4.14,827.9200000000001,94.50999999999999,28.42,595.69,681.52,1335.34,2143.7,3592.68,450.0,271.85,293.41,1069.15,199.53,1268.68,1047.96,2324.0,47.47000000000003,-7.5600000000000005,-40.25999999999999,74.87000000000003,18.203887283236995,1.87,0.55,0.32,0.24,0.75,6.546810477657935,8.68643040575244,10.12232152028762,10.300030816640986,12.702660503338468,7.95,7.93,13.43,1.25,0.61,12,2015,-2.9913461538461945,1034.34375,330.99
2016-03-31,1144.18,129.31,0.11999999999999998,0.13,288.0,168.69,242.02,4.4,975.49,134.43,46.12,609.52,648.89,1352.0,2077.07,3540.95,278.55,182.02,218.49,914.03,173.61,1087.64,1047.96,2453.3,249.68,46.14,-277.96,73.33,9.1675,1.88,0.44,0.12,0.13,1.08,14.6,18.52,21.08,21.6,25.68,11.65,11.3,36.04,1.48,0.77,3,2016,140.08583333333337,1077.5833333333335,129.31
2016-06-30,1116.1299999999999,116.47,0.10899218813573115,-0.001091796186291303,301.99,149.58999999999997,222.54,5.05,966.54,168.51999999999998,66.69,599.29,583.68,1257.41,2010.93,3378.73,324.0,729.21,180.97,1316.47,149.48,1465.95,1047.96,1912.78,287.06,-2.770000000000003,-263.33,72.95,11.585233965828111,2.77,0.77,0.23,0.13,0.57,13.780403612987223,17.325019122792742,24.357384652941654,21.98798925868663,29.247816746684027,11.05,10.87,40.14,0.96,0.51,6,2016,-1.166702898550767,1068.6086956521738,245.78
2016-09-30,971.9000000000001,77.03999999999999,0.07636701567436961,0.14229440016377418,247.39,102.31,173.22999999999996,4.9,869.5899999999999,107.98000000000002,52.58,550.88,618.39,1227.72,1951.3,3287.98,836.1,291.9,143.28,1314.85,125.5,1440.35,1047.96,1847.63,106.89999999999998,-5.719999999999999,-114.76999999999998,70.91999999999999,16.038337876427832,2.78,0.78,0.32,0.28,0.88,9.374051174028871,11.741428659934328,16.676647047890462,14.987026826095036,20.351809677219503,10.12,9.99,33.54,0.93,0.46,9,2016,143.54836956521743,1008.8125,322.82
2016-12-31,928.6400000000003,69.20999999999998,0.06885161849858429,-0.0010048338137388139,258.17999999999995,93.02000000000004,170.5,5.2,835.6199999999999,105.74999999999994,20.59,591.72,621.86,1238.88,1892.21,3237.51,818.0,226.26,105.63,1212.6,129.19,1341.79,1047.96,1895.72,66.58000000000004,-12.989999999999998,-86.92000000000007,77.48000000000002,18.876462577662192,2.87,0.71,0.39,0.28,0.72,8.551724102747237,10.620803509935461,14.60360482616126,13.120646889268675,17.908482514093304,9.52,9.42,30.14,1.02,0.51,12,2016,-1.0100641025641721,1005.2051282051281,392.03
2017-03-31,1165.27,135.56,0.14,0.15,317.38,172.87,237.57,6.15,992.4,177.33,64.31,671.18,576.7,1319.0,1838.54,3262.86,603.0,325.91,80.28,1101.02,130.55,1231.58,1047.96,2031.29,296.19,-5.28,-245.83,64.7,10.9825,3.17,0.61,0.14,0.15,1.07,16.6,20.32,26.68,24.2,32.0,11.68,11.63,0.0,1.2,0.67,3,2017,145.24285714285713,968.2857142857142,135.56
2017-06-30,1094.73,116.5,0.1247917162580338,-0.00558030400924949,305.46000000000004,149.39,210.95999999999998,6.1,945.34,160.10999999999999,69.2,600.66,537.29,1215.82,1796.92,3117.69,514.0,328.16,55.17,979.47,132.63,1112.09,1047.96,2005.59,278.23999999999995,-11.459999999999997,-260.90999999999997,61.56999999999999,12.21896008583691,3.19,0.55,0.27,0.15,0.56,14.938030627628342,18.339760374514004,23.238990716496073,23.79362056653178,27.860906133460286,11.19,11.15,0.0,1.24,0.69,6,2017,-5.209523809523802,933.5555555555555,252.06
2017-09-30,943.29,76.70999999999998,0.08166347294461171,0.18092415163589542,238.56999999999994,98.15000000000003,159.80000000000007,5.75,845.1400000000001,106.00999999999999,55.96,504.86,599.11,1166.95,1772.3,3046.25,598.0,332.45,30.41,999.03,135.55,1134.58,1047.96,1911.67,136.45000000000005,-33.58,-115.53999999999996,61.64999999999999,17.604259874853348,3.15,0.59,0.35,0.33,0.94,10.07027283511269,12.3848489825714,16.052705538826533,16.323361620585814,19.169916963226566,10.29,10.26,0.0,1.17,0.57,9,2017,169.94980952380953,939.3428571428572,328.77
