,revenue,net_profit,eps,dps,gross_profit,ebit,ebitda,close_price,expense,operating_profit,cash,account_receivable,inventory,current_asset,property_plant_equipment,total_asset,short_term_loan,account_payable,current_portion_long_term_debt,current_liability,non_current_liability,total_liability,paid_in_capital,total_equity,cash_flow_operation,cash_flow_investment,cash_flow_financing,depreciation,P/E,P/BV,D/E,EPS,DPS,DPR%,ROA%,ROAA%,ROE%,ROAE%,ROCE%,NPM%,NPMA%,TIE,CurrentRatio,QuickRatio,month,year,dividend,number_of_shares,return_old
2000-03-31,122.17,0.68,0.06,0.0,38.06,9.08,20.98,6.1,113.1,6.44,23.16,64.59,158.43,267.63,256.67,534.87,49.71,27.25,5.37,170.82,76.14,246.96,100.0,287.62,9.1,-11.95,2.58,11.9,25.4175,2.12,0.86,0.06,0.0,0.0,0.52,0.0,0.96,0.0,9.96,0.57,0.56,0.0,1.57,0.64,3,2000,0.0,11.333333333333334,0.68
2000-06-30,170.52999999999997,17.79,1.7818895506226313,0.0,44.86,22.200000000000003,34.41,6.4,148.33,-2.2600000000000007,25.49,78.56,146.85,277.05,274.49,555.74,52.7,27.98,5.41,176.14,75.34,251.49,100.0,303.82,25.43,-24.05,0.96,12.209999999999999,0.8980635188308038,2.11,0.83,1.85,0.0,0.0,12.79107742284786,0.0,23.424623714131027,0.0,31.746529507309152,6.97,6.31,0.0,1.57,0.74,6,2000,0.0,9.983783783783784,18.47
2000-09-30,130.82,6.440000000000001,0.6437414692894421,0.0,47.63000000000001,13.649999999999999,15.319999999999993,6.8,117.17000000000002,23.22,29.17,83.69,158.21,292.97,274.36,569.25,62.88,42.75,5.82,182.47,76.28,258.75,100.0,310.06,-0.9500000000000028,0.5300000000000011,4.08,1.6700000000000017,2.639918478260869,2.19,0.83,2.49,0.0,0.0,4.529458048976315,0.0,8.304006423123244,0.0,12.016507426736252,6.26,5.88,0.0,1.61,0.74,9,2000,0.0,10.004016064257028,24.91
2000-12-31,127.14999999999998,-8.18,-0.8165331739390317,0.0,34.89999999999998,-5.200000000000003,3.700000000000003,8.2,132.33999999999997,-9.25,18.37,77.65,161.26,281.2,261.18,547.64,66.45,27.98,7.46,167.74,77.73,245.46,100.0,301.81,-8.389999999999997,1.740000000000002,-4.140000000000001,8.899999999999999,-2.5105226161369196,2.72,0.81,1.67,0.0,0.0,-5.965092647937835,-0.0,-10.834955170352659,-0.0,-20.457334130304844,3.21,3.04,0.0,1.68,0.72,12,2000,0.0,10.017964071856287,16.73
2001-03-31,106.16,2.77,0.28,0.0,42.26,8.16,19.88,8.5,98.01,6.16,16.24,71.88,209.82,306.01,252.47,563.82,64.14,26.22,7.21,182.73,76.04,258.77,100.0,304.73,-2.81,-2.94,3.62,11.72,7.59,2.79,0.85,0.28,0.0,0.0,1.96,5.96,3.64,3.76,8.56,2.67,2.61,0.0,1.67,0.53,3,2001,0.0,9.892857142857142,2.77
2001-06-30,145.39000000000001,2.18,0.21579797979797982,1.0,44.52,7.539999999999999,15.879999999999999,13.75,137.85000000000002,6.82,16.3,94.07,157.89,304.47,246.89,556.6,27.32,26.73,6.76,187.0,74.58,261.58,100.0,294.74,8.46,-2.6199999999999997,-5.78,8.339999999999998,15.928555045871558,4.67,0.89,0.49,1.0,2.04,1.5678383838383838,4.967757575757576,2.959515151515151,2.9066666666666667,7.486868686868688,2.0,1.97,0.0,1.63,0.78,6,2001,10.10204081632653,10.10204081632653,4.95
2001-09-30,113.55000000000001,-12.030000000000001,-1.2063983050847458,-0.013057765479072881,31.569999999999993,-4.309999999999999,5.859999999999999,12.25,117.84999999999997,-12.58,17.9,69.22,151.98,272.54,239.86,517.36,14.82,30.65,5.81,161.15,73.6,234.76,100.0,282.49,25.15,-3.1100000000000003,-20.43,10.170000000000002,-2.538029925187032,4.34,0.83,-0.71,1.0,-1.41,-9.311355932203393,14.272881355932205,-17.05949152542373,-16.24389830508475,21.749152542372883,-2.01,-1.94,0.0,1.69,0.75,9,2001,-0.13020983041103662,9.971830985915494,-7.08
2001-12-31,122.66999999999996,4.2,0.42291666666666666,-0.004107981220657339,34.24000000000001,2.539999999999999,12.780000000000001,11.8,120.13,-6.03,14.11,66.35,153.95,261.7,257.01,523.39,29.5,31.64,5.24,163.05,73.33,236.38,100.0,286.78,3.349999999999998,-22.729999999999997,15.58,10.239999999999998,6.97542857142857,4.11,0.82,-0.29,1.0,-3.45,3.208333333333334,-15.166666666666668,5.833333333333333,5.716666666666667,-22.575,-0.62,-0.59,0.0,1.61,0.66,12,2001,-0.04079650315687289,9.931034482758621,-2.88
2002-03-31,86.66,-16.41,-1.6399999999999997,0.0,15.23,-12.2,-0.58,10.2,98.86,-13.9,11.74,51.84,160.56,252.41,275.36,529.58,184.04,27.22,4.9,250.76,8.21,258.98,100.0,270.37,4.64,-26.8,19.78,11.62,-1.555,3.77,0.96,-1.64,0.0,0.0,-12.4,-8.92,-24.28,-22.84,-17.52,-19.4,-18.94,0.0,1.01,0.37,3,2002,0.0,10.006097560975611,-16.41
2002-06-30,125.24000000000001,12.79,1.2719337016574586,0.0,51.69,18.259999999999998,32.27,10.9,106.98,17.76,12.34,71.33,166.76,276.96,274.74,553.98,167.63,30.62,5.42,259.81,10.73,270.54,100.0,283.16,28.67,-13.400000000000002,-14.670000000000002,14.01,2.142564503518374,3.85,0.96,-0.36,0.0,0.0,9.186187845303868,-15.404530386740332,18.089723756906075,17.665745856353592,-29.113149171270717,-1.73,-1.71,0.0,1.07,0.42,6,2002,0.0,10.055555555555555,-3.62
2002-09-30,89.47999999999999,-29.66,-2.967782451923077,0.0,1.4299999999999926,-29.119999999999997,-16.42,7.85,118.6,-29.759999999999998,12.63,55.86,172.22,260.65,272.45,536.46,190.47,23.24,6.4,269.8,12.95,282.76,100.0,253.5,-15.420000000000002,-10.399999999999999,26.12,12.7,-0.6620094403236683,3.1,1.12,-3.33,0.0,0.0,-22.102403846153848,-15.614278846153846,-46.8071875,-44.27610576923077,-30.836418269230766,-11.19,-11.04,0.0,0.97,0.33,9,2002,0.0,9.993993993993994,-33.28
2002-12-31,128.23000000000002,12.420000000000002,1.2443815915627996,0.0,24.120000000000005,15.77,27.709999999999997,7.05,112.45999999999998,-11.61,10.42,69.57,176.53,275.81,274.06,551.8,210.47,32.0,6.86,274.21,11.52,285.73,100.0,265.92,-10.93,-9.589999999999996,18.31,11.940000000000005,1.4150201288244764,2.65,1.07,-2.09,0.0,0.0,9.002416107382551,3.2389645254074795,18.671677852348996,17.981016299137107,6.263585810162992,-5.24,-4.86,0.0,1.01,0.36,12,2002,0.0,9.98086124401914,-20.86
2003-03-31,90.38,-17.62,-1.76,0.0,12.97,-14.36,-3.26,6.0,104.74,-19.07,8.97,57.53,187.38,276.64,270.38,548.82,227.36,28.55,6.51,291.31,9.16,300.46,100.0,248.3,-8.61,-7.41,14.58,11.1,-0.8525,2.42,1.21,-1.76,0.0,0.0,-12.84,-10.64,-28.4,-27.16,-22.32,-20.65,-19.5,0.0,0.95,0.31,3,2003,0.0,10.011363636363637,-17.62
2003-06-30,118.30000000000001,5.270000000000001,0.5248663967611337,0.0,36.6,8.61,19.740000000000002,5.7,109.69000000000001,7.390000000000001,6.08,82.59,187.59,294.47,261.4,557.19,238.02,26.52,9.54,296.18,7.42,303.6,100.0,253.57,-10.05,-2.1500000000000004,9.31,11.13,2.7125474383301698,2.25,1.2,-1.23,0.0,0.0,3.789279352226722,1.7580890688259114,8.312518218623485,7.851659919028341,3.7551417004048595,-6.11,-5.92,0.0,0.99,0.36,6,2003,0.0,10.040650406504065,-12.35
2003-09-30,84.44999999999999,-12.450000000000001,-1.245,0.0,10.130000000000003,-9.39,1.6400000000000006,7.5,93.82999999999998,-11.48,9.16,59.76,175.48,263.1,253.72,518.11,223.58,15.74,5.26,267.81,9.18,277.0,100.0,241.12,21.13,-2.99,-15.06,11.029999999999998,-1.5039357429718874,3.11,1.15,-2.48,0.0,0.0,-9.618629032258065,-5.763145161290323,-20.66298387096774,-20.140887096774193,-12.148790322580645,-8.73,-8.46,0.0,0.98,0.33,9,2003,0.0,10.0,-24.8
2003-12-31,88.44999999999999,-5.629999999999999,-0.5624449556358855,0.0,18.769999999999996,-2.719999999999999,8.219999999999999,7.05,91.19,-3.6999999999999993,8.8,63.52,160.79,250.64,243.62,495.56,208.01,14.17,4.2,254.7,5.32,260.02,100.0,235.49,19.32,-1.58,-18.11,10.940000000000005,-3.134884547069272,2.99,1.1,-3.04,0.0,0.0,-4.543963194216233,-2.5236017088399603,-9.561564245810054,-8.98431810713112,-5.491238908971409,-8.2,-7.97,0.0,0.98,0.35,12,2003,0.0,10.009868421052632,-30.43
2004-03-31,84.77,-9.86,-0.9900000000000001,0.0,16.37,-6.76,3.44,5.5,91.53,-8.9,12.62,53.44,156.76,241.24,234.52,477.02,194.54,18.33,2.41,240.91,10.44,251.35,100.0,225.63,20.04,-1.11,-15.12,10.2,-1.39,2.44,1.11,-0.99,0.0,0.0,-8.28,-5.280000000000001,-17.48,-16.64,-11.44,-11.99,-11.63,0.0,1.0,0.35,3,2004,0.0,9.959595959595958,-9.86
2004-06-30,111.05,-2.870000000000001,-0.2863236449332287,0.0,33.05,0.08999999999999986,9.97,5.75,110.97,-2.67,10.9,70.47,146.32,253.78,226.4,481.57,204.89,20.3,2.92,254.6,4.17,258.77,100.0,222.76,-9.469999999999999,-1.76,9.509999999999998,9.879999999999999,-5.0232491289198595,2.58,1.16,-1.27,0.0,0.0,-2.3807698350353506,-1.1543126472898668,-5.149316575019641,-4.824666142969365,-2.651311861743913,-6.69,-6.5,0.0,1.0,0.42,6,2004,0.0,10.023622047244094,-12.73
2004-09-30,97.28000000000003,0.45000000000000107,0.04507328990228024,0.0,22.060000000000002,3.35,13.89,5.0,93.92000000000002,-1.4100000000000001,5.99,62.85,154.87,248.31,217.87,467.99,188.24,27.14,2.52,241.17,3.57,244.74,100.0,223.21,14.559999999999999,-2.0,-17.46,10.540000000000003,27.766444444444378,2.24,1.1,-1.23,0.0,0.0,0.38403908794788366,0.09820846905537484,0.8061889250814351,0.7754071661237804,0.21400651465798096,-4.35,-4.19,0.0,1.03,0.39,9,2004,0.0,9.983739837398373,-12.28
2004-12-31,93.39999999999998,0.2699999999999996,0.02697751873438797,0.0,25.560000000000002,3.03,11.749999999999996,5.0,90.37,2.460000000000001,11.02,67.7,152.5,255.85,217.69,475.24,200.89,20.89,2.52,248.93,2.96,251.89,100.0,223.3,0.5800000000000018,-8.54,12.98,8.720000000000002,46.371944444444516,2.24,1.13,-1.2,0.0,0.0,0.22751040799333852,0.005395503746877593,0.48379683597002426,0.4712073272273099,0.011690258118234787,-3.2,-3.11,0.0,1.03,0.42,12,2004,0.0,10.008333333333333,-12.01
2005-03-31,85.01,-0.14,-0.01,0.0,17.94,2.86,11.27,5.3,82.15,0.24,9.28,58.33,160.89,246.63,215.4,463.65,189.42,25.03,2.84,237.67,2.79,240.46,100.0,223.15,14.84,-5.84,-10.74,8.41,-132.5,2.38,1.08,-0.01,0.0,0.0,-0.12,2.44,-0.24,-0.24,5.08,-0.17,-0.16,0.0,1.04,0.36,3,2005,0.0,14.000000000000002,-0.14
2005-06-30,119.61,3.65,0.36396011396011396,0.0,33.510000000000005,6.540000000000001,14.46,6.1,113.07,1.69,8.43,82.97,145.75,252.7,210.08,464.53,171.8,26.95,4.32,229.46,8.17,237.64,100.0,226.85,15.830000000000002,-5.18,-11.499999999999998,7.919999999999998,4.19036301369863,2.69,1.05,0.35,0.0,0.0,3.1612535612535617,8.277492877492879,6.447293447293448,6.488888888888889,16.63817663817664,1.79,1.72,0.0,1.1,0.47,6,2005,0.0,10.028571428571428,3.51
2005-09-30,74.88999999999999,-4.71,-0.471,0.0,14.289999999999992,-2.1400000000000006,6.169999999999998,5.35,77.03,-3.62,5.26,51.41,145.7,215.44,215.44,432.42,152.99,22.78,2.41,200.59,9.64,210.23,100.0,222.15,30.29,-14.77,-18.680000000000003,8.310000000000002,-2.839490445859872,2.41,0.95,-0.12,0.0,0.0,-4.396000000000001,25.277,-8.478000000000002,-8.478000000000002,49.141,-0.45,-0.43,0.0,1.07,0.35,9,2005,0.0,10.0,-1.2
2005-12-31,85.79000000000002,-0.8800000000000001,-0.08884615384615385,0.0,24.120000000000005,1.7200000000000006,11.0,4.86,84.07,0.98,8.27,60.14,137.82,216.34,208.28,426.29,146.47,24.5,3.69,197.86,7.1,204.96,100.0,221.29,14.589999999999996,-2.789999999999999,-8.799999999999997,9.280000000000001,-13.673636363636362,2.2,0.93,-0.21,0.0,0.0,-0.8292307692307693,3.367692307692308,-1.5907692307692307,-1.5907692307692307,6.650769230769232,-0.59,-0.57,0.0,1.09,0.4,12,2005,0.0,9.904761904761905,-2.08
2006-03-31,80.3,-5.85,-0.58,0.0,15.7,-3.28,4.75,26.25,83.58,-6.5,6.5,46.72,139.33,203.71,200.18,405.58,137.15,19.96,3.11,183.68,6.43,190.11,100.0,215.43,10.95,-2.48,-10.24,8.03,-11.315,12.18,0.88,-0.58,0.0,0.0,-5.76,-3.0,-10.88,-10.68,-5.919999999999999,-7.62,-7.29,0.0,1.11,0.35,3,2006,0.0,10.086206896551724,-5.85
2006-06-30,110.23,13.629999999999999,1.366503856041131,0.0,41.519999999999996,16.59,24.65,8.7,93.64999999999999,15.24,22.28,68.09,138.76,239.34,193.58,434.54,144.25,19.63,2.65,199.74,5.8,205.54,100.0,228.96,9.379999999999999,0.8,5.59,8.06,1.5911041819515774,3.8,0.9,0.78,0.0,0.0,12.543804627249356,20.74282776349614,23.826221079691514,23.89629820051414,39.73372750642673,4.2,4.08,0.0,1.2,0.5,6,2006,0.0,9.974358974358974,7.78
2006-09-30,77.35999999999999,-2.8100000000000005,-0.2826961770623743,0.0,17.269999999999996,-0.11000000000000121,8.620000000000005,8.0,77.46000000000001,-2.67,19.53,55.57,123.47,216.28,188.19,405.74,126.5,18.42,2.61,174.75,4.83,179.58,100.0,226.11,19.190000000000005,-2.6800000000000006,-19.25,8.73,-7.074733096085407,3.54,0.79,0.5,0.0,0.0,-2.759114688128773,-7.123943661971833,-4.975452716297788,-5.020684104627768,-12.913561368209258,1.92,1.86,0.0,1.24,0.53,9,2006,0.0,9.94,4.97
2006-12-31,89.75,-0.02999999999999936,-0.002975708502024228,0.0,16.66000000000001,2.4300000000000015,9.689999999999998,6.8,87.32,-0.6800000000000006,20.0,64.33,113.43,210.14,181.16,392.41,115.76,15.93,2.46,162.04,4.28,166.32,100.0,226.04,12.959999999999994,-0.8899999999999997,-11.61,7.259999999999998,-571.3933333333456,3.01,0.74,0.49,0.0,0.0,-0.030607287449392055,-0.09279352226720448,-0.05319838056680048,-0.05368421052631464,-0.16469635627530013,1.42,1.38,0.0,1.3,0.6,12,2006,0.0,10.081632653061225,4.94
2007-03-31,84.93,5.89,0.59,0.0,30.82,8.0,15.57,6.15,76.92,7.46,15.16,49.53,124.38,198.85,174.5,374.34,80.2,27.62,2.31,138.7,3.76,142.46,100.0,231.83,32.64,-0.98,-36.5,7.57,2.605,2.65,0.61,0.59,0.0,0.0,6.28,8.2,10.16,10.52,13.6,6.98,6.94,0.0,1.43,0.54,3,2007,0.0,9.983050847457626,5.89
2007-06-30,114.94999999999999,6.070000000000001,0.6090301003344482,0.0,24.259999999999998,9.579999999999998,17.130000000000003,10.5,105.38000000000001,7.2,14.2,75.47,103.08,202.89,169.05,373.21,74.32,24.81,2.23,131.98,3.22,135.2,100.0,237.95,7.519999999999996,-1.88,-6.600000000000001,7.549999999999999,4.3101317957166385,4.41,0.57,1.2,0.0,0.0,6.4963210702341145,8.830936454849498,10.21140468227425,10.394113712374583,14.799431438127092,6.07,5.98,0.0,1.54,0.76,6,2007,0.0,9.966666666666669,11.96
2007-09-30,86.0,1.3399999999999999,0.13399999999999998,0.0,22.22,3.460000000000001,10.5,9.0,82.55000000000001,-0.5500000000000007,11.23,69.2,107.12,195.49,164.07,360.55,57.09,27.0,2.18,118.56,2.66,121.22,100.0,239.27,17.980000000000004,-3.0100000000000002,-17.939999999999998,7.040000000000001,16.798694029850747,3.76,0.51,1.33,0.0,0.0,1.4870977443609021,2.2125112781954885,2.240721804511278,2.3052030075187964,3.502135338345864,4.77,4.65,0.0,1.65,0.75,9,2007,0.0,10.0,13.3
2007-12-31,98.45999999999998,7.099999999999998,0.7099999999999997,0.0,27.99000000000001,10.420000000000002,17.159999999999997,7.5,88.02999999999997,6.039999999999999,17.94,74.87,119.87,221.72,159.28,381.89,52.64,40.97,2.23,133.6,1.92,135.52,100.0,246.31,13.679999999999993,-1.8899999999999997,-5.080000000000005,6.739999999999998,2.643380281690142,3.04,0.55,2.04,0.0,0.0,7.434117647058821,11.318235294117645,11.527058823529408,12.028235294117644,17.638627450980387,5.47,5.31,0.0,1.66,0.76,12,2007,0.0,10.0,20.4
2008-03-31,81.73,-1.5,-0.15,0.0,20.55,-0.56,5.62,11.2,82.29,-1.19,13.31,62.43,119.43,203.79,155.59,360.37,49.35,29.31,2.45,114.15,1.35,115.5,100.0,244.8,0.69,-1.32,-4.73,6.18,-18.6675,4.58,0.47,-0.15,0.0,0.0,-1.6799999999999997,-0.6,-2.44,-2.52,-0.9200000000000002,-1.86,-1.84,0.0,1.79,0.74,3,2008,0.0,10.0,-1.5
2008-06-30,103.90999999999998,5.4399999999999995,0.538477157360406,0.0,28.62,6.41,12.66,9.2,97.49,4.4,11.84,83.73,98.36,205.77,150.62,357.58,54.01,20.7,2.08,106.13,1.14,107.26,100.0,250.22,-3.51,-1.1500000000000001,3.1900000000000004,6.25,4.271351102941177,3.68,0.43,0.39,0.0,0.0,6.075126903553299,8.836548223350254,8.670862944162437,8.891776649746193,12.868223350253807,2.16,2.12,0.0,1.94,1.01,6,2008,0.0,10.102564102564102,3.94
2008-09-30,74.55000000000001,1.0900000000000003,0.1083499005964215,0.0,19.64,1.7400000000000002,7.890000000000001,9.15,72.82,1.7700000000000005,13.68,62.66,96.05,178.58,146.23,325.67,29.77,17.69,1.47,73.12,1.14,74.26,100.0,251.29,29.17,-1.7099999999999995,-25.61,6.149999999999999,21.112155963302747,3.64,0.3,0.5,0.0,0.0,1.3348707753479128,1.915626242544732,1.733598409542744,1.7769383697813124,2.60906560636183,1.96,1.93,0.0,2.44,1.13,9,2008,0.0,10.06,5.03
2008-12-31,82.57,3.6100000000000003,0.35932870370370373,0.0,17.97,4.210000000000001,10.269999999999996,7.15,78.35999999999999,0.39999999999999947,9.98,67.24,102.58,184.78,140.91,330.47,32.23,19.71,0.85,74.33,1.14,75.47,100.0,254.86,-0.2900000000000027,-4.74,1.3200000000000003,6.060000000000002,4.97218836565097,2.81,0.3,0.86,0.0,0.0,4.3620833333333335,5.531990740740741,5.665694444444445,5.7659722222222225,7.704675925925926,2.58,2.52,0.0,2.49,1.11,12,2008,0.0,10.046511627906977,8.64
2009-03-31,63.83,-3.35,-0.33,0.0,16.04,-2.84,2.94,5.05,66.67,-2.42,9.51,48.31,111.25,174.57,135.59,316.47,28.89,13.94,0.22,63.67,1.15,64.82,100.0,251.49,4.64,-0.71,-4.46,5.78,-3.825,2.01,0.26,-0.33,0.0,0.0,-4.24,-3.36,-5.32,-5.4,-4.48,-5.33,-5.25,0.0,2.74,0.99,3,2009,0.0,10.15151515151515,-3.35
2009-06-30,97.61999999999999,10.25,1.025,0.0,32.19,13.69,19.439999999999998,6.25,83.92999999999999,14.09,10.91,62.08,99.1,175.2,130.36,310.26,8.39,14.95,0.0,47.12,1.16,48.28,100.0,261.79,23.29,-0.51,-21.07,5.749999999999999,1.5247317073170734,2.39,0.18,0.69,0.0,0.0,13.191304347826089,19.31159420289855,15.68695652173913,16.043478260869566,24.481159420289856,4.33,4.27,13.07,3.72,1.62,6,2009,0.0,10.000000000000002,6.9
2009-09-30,67.03,-4.99,-0.49638743455497386,0.0,21.660000000000004,-3.5,2.0400000000000027,8.0,70.53,-3.84,25.55,47.2,104.68,181.12,126.6,312.67,12.12,19.54,0.0,54.46,1.16,55.62,100.0,256.84,12.380000000000003,-1.59,3.66,5.540000000000001,-4.029564128256513,3.11,0.22,0.19,0.0,0.0,-6.374659685863874,-24.03560209424084,-7.733193717277488,-7.837696335078535,-29.783246073298436,0.85,0.84,8.08,3.33,1.4,9,2009,0.0,10.052631578947368,1.91
2009-12-31,73.6,2.25,0.22716346153846154,0.0,18.980000000000004,3.4700000000000006,8.949999999999996,9.95,70.13,3.7699999999999996,26.14,48.12,99.62,175.82,122.42,303.02,3.57,14.05,0.0,42.52,1.16,43.69,100.0,259.09,10.119999999999997,-0.9100000000000001,-8.649999999999999,5.48,10.950044444444446,3.84,0.17,0.42,0.0,0.0,2.9639423076923075,7.399038461538462,3.483173076923077,3.5048076923076925,8.978365384615385,1.4,1.38,10.82,4.13,1.79,12,2009,0.0,9.904761904761905,4.16
2010-03-31,71.5,-2.45,-0.25,0.0,16.96,-2.16,3.96,10.1,73.66,-1.12,48.82,47.6,95.23,194.17,116.68,317.05,7.47,28.13,0.0,58.98,1.16,60.15,100.0,256.66,20.79,-1.71,3.86,6.12,-10.1,3.94,0.23,-0.25,0.0,0.0,-3.08,-2.72,-3.7999999999999994,-3.8400000000000003,-3.36,-3.46,-3.43,-54.0,3.29,1.68,3,2010,0.0,9.8,-2.45
2010-06-30,78.58000000000001,8.07,0.8041281138790036,0.35,23.33,10.4,15.369999999999997,9.0,68.19,10.649999999999999,42.35,54.58,82.57,182.62,112.26,305.12,0.1,17.99,0.0,42.46,1.17,43.63,100.0,261.23,8.7,-4.55,-10.89,4.97,2.797812887236679,3.45,0.17,0.56,0.35,0.63,10.568540925266904,15.393309608540926,12.349110320284698,12.349110320284698,18.03544483985765,3.8,3.74,137.33,4.3,2.36,6,2010,3.5124999999999993,10.035714285714285,5.62
2010-09-30,72.41,-1.7000000000000002,-0.16913265306122452,0.000542091836734714,15.46,0.6799999999999997,6.090000000000003,11.3,71.72,-3.9799999999999995,57.48,46.71,83.68,189.75,108.34,308.41,6.53,20.5,0.0,47.31,1.16,48.47,100.0,259.65,10.970000000000002,-1.5,6.42,5.41,-16.70035294117647,4.35,0.19,0.39,0.35,0.9,-2.203061224489796,-4.9785714285714295,-2.619387755102041,-2.636734693877551,-5.9326530612244905,1.83,1.76,127.43,4.01,2.24,9,2010,0.005448717948718151,10.051282051282051,3.92
2010-12-31,71.81,8.08,0.808,-0.0017948717948717441,29.22,10.450000000000001,14.82,10.6,61.360000000000014,11.719999999999999,55.36,48.86,77.2,183.63,105.0,298.99,0.1,9.57,0.0,29.8,1.16,30.96,100.0,267.72,4.710000000000001,-1.0299999999999994,-6.4399999999999995,4.370000000000001,3.2784653465346536,3.96,0.12,1.2,0.35,0.29,10.800266666666667,17.345066666666668,12.066133333333333,12.2816,19.392,4.21,4.08,215.22,6.16,3.57,12,2010,-0.01794871794871744,10.0,12.0
2011-03-31,69.63,-3.53,-0.35,0.0,19.37,-2.98,1.21,12.1,72.61,-1.76,67.95,45.69,66.64,185.42,103.37,299.16,0.0,13.44,0.0,33.64,11.72,45.36,100.0,253.48,15.21,-2.51,-0.1,4.19,-8.6425,4.77,0.18,-0.35,0.0,0.0,-4.72,-3.88,-5.56,-5.52,-4.48,-5.1,-5.07,0.0,5.51,3.53,3,2011,0.0,10.085714285714285,-3.53
2011-06-30,83.57,13.79,1.3843762183235866,0.5,31.99,18.07,19.759999999999998,11.3,65.50000000000001,15.31,62.4,54.9,83.83,203.72,104.55,319.38,0.0,28.49,0.0,47.4,9.42,56.82,100.0,262.23,2.6400000000000006,-3.3900000000000006,-5.0200000000000005,1.6899999999999995,2.040467730239304,4.31,0.22,1.03,0.5,0.49,17.25766081871345,25.967134502923976,21.02101364522417,21.074775828460037,29.838011695906427,6.77,6.7,754.5,4.3,2.53,6,2011,4.980582524271845,9.96116504854369,10.26
2011-09-30,65.54000000000002,0.5600000000000005,0.05589648798521263,0.0028623728083555532,17.349999999999994,-1.129999999999999,1.7000000000000028,11.6,66.66999999999999,-2.59,55.56,44.26,75.61,182.45,104.55,298.05,0.0,11.82,0.0,25.53,9.45,34.98,100.0,262.72,-4.270000000000001,-2.7699999999999996,-0.019999999999999574,2.830000000000001,51.878035714285666,4.42,0.13,1.08,0.5,0.46,0.7514972273567474,0.952310536044363,0.8529390018484295,0.8570794824399267,1.059963031423291,5.02,4.95,349.0,7.15,4.18,9,2011,0.028676734987413965,10.018518518518517,10.82
2011-12-31,65.94999999999999,4.029999999999999,0.4043569023569023,-0.002612545205137716,21.870000000000005,4.93,7.629999999999999,11.9,61.01000000000002,3.8199999999999985,60.18,57.25,69.13,189.72,102.94,303.53,0.0,20.25,2.93,28.24,8.15,36.39,100.0,266.77,6.970000000000001,-0.6999999999999993,0.0,2.6999999999999993,7.3605148883374705,4.46,0.14,1.49,0.5,0.34,5.308202020202019,6.806222222222221,6.046356902356902,6.035501683501683,7.446680134680134,5.29,5.22,472.25,6.72,4.27,12,2011,-0.02603778274919133,9.966442953020135,14.85
2012-03-31,60.91,3.84,0.38,0.0,23.07,4.92,7.61,16.0,55.99,4.25,60.92,50.6,82.83,198.48,105.76,315.63,0.0,28.72,0.0,37.06,7.56,44.62,100.0,270.63,6.61,-5.54,0.0,2.69,10.5275,5.91,0.16,0.38,0.0,0.0,4.88,6.4,5.68,5.88,7.08,6.37,6.3,0.0,5.36,3.12,3,2012,0.0,10.105263157894736,3.84
2012-06-30,77.99000000000001,6.98,0.6967097966728282,0.5,25.619999999999997,9.78,12.45,14.5,68.21000000000001,9.3,41.36,65.93,81.61,192.07,107.66,310.39,0.0,19.15,0.0,29.7,7.72,37.41,100.0,272.58,-10.38,-4.54,-5.02,2.6700000000000004,5.204606017191977,5.32,0.14,1.08,0.5,0.46,9.00561922365989,12.050499075785583,10.244214417744917,10.450646950092422,13.521330868761554,7.85,7.79,735.0,6.47,3.72,6,2012,5.009259259259259,10.018518518518517,10.82
2012-09-30,60.329999999999984,0.5800000000000001,0.057999999999999996,-0.0009259259259257744,16.39,0.5300000000000011,3.240000000000002,16.0,59.8,-2.0200000000000014,44.65,50.98,81.94,181.2,113.04,304.92,1.39,15.25,0.0,23.4,7.91,31.31,100.0,273.19,10.19,-8.06,1.3899999999999997,2.71,68.98965517241378,5.86,0.11,1.14,0.5,0.44,0.761122807017544,1.027719298245614,0.8486315789473684,0.8649122807017545,1.100982456140351,5.83,5.72,761.5,7.74,4.24,9,2012,-0.009259259259257746,10.000000000000002,11.4
2012-12-31,70.00000000000003,1.5199999999999996,0.15176470588235288,0.0007739938080494483,23.150000000000006,1.6799999999999997,4.379999999999999,16.2,68.32,0.45000000000000107,46.92,57.22,80.0,193.39,116.58,321.63,4.9,23.66,7.49,40.03,10.86,50.89,100.0,270.31,8.09,-4.489999999999998,-1.4800000000000004,2.6999999999999993,26.69000000000001,5.99,0.19,1.29,0.5,0.39,1.8917647058823523,2.5458823529411756,2.2494117647058816,2.263529411764705,2.8235294117647047,4.89,4.8,153.73,4.83,2.83,12,2012,0.00775193798449525,10.015503875968992,12.92
2013-03-31,56.58,0.11,0.01,0.0,17.64,0.59,3.16,15.8,55.99,0.32,36.4,50.46,84.36,178.89,125.48,331.53,5.8,16.69,7.58,34.31,11.06,45.37,100.0,285.69,-0.09,-11.44,1.05,2.57,395.0,5.53,0.16,0.01,0.0,0.0,0.12,0.72,0.16,0.16,0.8,0.2,0.19,3.93,5.21,2.76,3,2013,0.0,11.0,0.11
2013-06-30,72.92,7.87,0.7889724310776943,0.5,25.839999999999996,10.24,12.96,16.1,62.690000000000005,9.01,19.81,58.21,93.16,176.3,136.67,340.02,9.59,18.41,7.58,40.64,10.37,51.01,100.0,288.53,-0.9400000000000001,-13.889999999999999,-1.85,2.72,5.102839898348158,5.58,0.18,0.8,0.5,0.63,9.270426065162908,13.13639097744361,10.927268170426066,11.203408521303258,14.280401002506265,6.23,6.16,31.85,4.34,2.05,6,2013,4.9875,9.975,7.98
2013-09-30,59.150000000000006,0.10999999999999943,0.01101359703337448,0.000633498145859056,15.050000000000004,0.41000000000000014,3.4599999999999973,14.6,58.72999999999999,0.07000000000000028,36.3,48.14,86.79,175.57,134.8,337.28,11.81,14.25,7.68,37.65,10.46,48.11,100.0,288.66,16.0,-1.110000000000003,1.53,3.05,331.3222727272744,5.06,0.17,0.81,0.5,0.62,0.13053152039554938,0.19035846724350952,0.1522867737948076,0.15663782447465927,0.20395550061804593,4.33,4.29,19.05,4.66,2.36,9,2013,0.006327160493826867,9.987654320987653,8.09
2013-12-31,67.57000000000002,4.16,0.41430204081632654,0.0026555807508189117,20.400000000000006,5.42,8.46,14.6,62.150000000000006,4.27,33.56,53.65,78.4,169.7,133.44,329.69,0.32,14.5,7.66,25.83,10.56,36.39,100.0,292.78,10.040000000000001,-1.6499999999999986,-11.33,3.040000000000001,8.812049278846155,4.99,0.12,1.22,0.5,0.41,5.0531265306122455,6.954840816326531,5.677975510204082,5.908897959183673,7.44385306122449,4.84,4.78,22.51,6.57,3.53,12,2013,0.026664642784862025,10.040983606557377,12.25
2014-03-31,47.36,-2.13,-0.21,0.0,12.95,-2.62,0.42,14.5,49.98,-2.91,45.55,38.21,83.8,171.64,131.14,329.98,2.68,14.03,7.37,27.75,9.81,37.56,100.0,291.88,10.33,-0.55,2.23,3.04,-17.2625,4.97,0.13,-0.21,0.0,0.0,-2.6,-3.16,-2.92,-2.96,-3.48,-4.53,-4.5,-52.4,6.19,3.17,3,2014,0.0,10.142857142857142,-2.13
2014-06-30,67.98,3.53,0.35300000000000004,0.5,19.349999999999998,4.95,7.949999999999999,14.8,63.03000000000001,4.73,29.51,56.5,77.63,166.5,143.59,336.38,0.47,18.15,7.57,34.93,10.49,45.42,100.0,290.41,1.1300000000000008,-9.85,-7.33,3.0,10.481161473087818,5.1,0.16,0.14,0.5,3.57,4.236,6.959142857142856,4.841142857142857,4.841142857142857,7.766,1.22,1.21,21.18,4.77,2.54,6,2014,4.999999999999999,9.999999999999998,1.4
2014-09-30,56.79999999999998,-1.0799999999999998,-0.10124999999999998,0.03125000000000013,14.740000000000002,-1.07,1.8900000000000006,39.5,57.86999999999999,-1.27,39.82,44.2,72.66,159.47,155.96,342.31,3.66,20.65,7.89,41.27,11.07,52.34,100.0,289.39,18.99,-11.72,3.0399999999999996,2.96,-97.53111111111113,13.65,0.18,0.03,0.5,16.67,-1.2149999999999999,-4.994999999999999,-1.4849999999999999,-1.4849999999999999,-5.669999999999999,0.19,0.19,6.63,3.86,2.1,9,2014,0.3333333333333348,10.666666666666668,0.32
2014-12-31,66.28,3.0700000000000003,0.307905604719764,-0.03490658800393319,22.199999999999996,4.37,7.26,28.25,61.91,1.9999999999999998,33.28,52.79,60.87,150.72,168.19,344.75,2.9,18.39,8.27,40.08,11.62,51.71,100.0,292.44,12.77,-18.37,-0.9499999999999997,2.8900000000000006,22.937711726384368,9.66,0.18,0.34,0.5,1.47,3.549970501474926,6.049439528023599,4.202005899705014,4.202005899705014,6.701474926253688,1.44,1.42,20.11,3.76,2.24,12,2014,-0.34803921568627505,9.970588235294118,3.39
2015-03-31,49.76,-2.52,-0.25,0.0,11.07,-3.3,-0.44,35.75,53.06,-3.53,38.81,45.85,57.06,144.68,174.26,346.49,6.02,16.85,8.56,43.64,13.77,57.41,100.0,288.47,10.95,-8.29,2.89,2.86,-35.75,12.39,0.2,-0.25,0.0,0.0,-2.92,-3.92,-3.48,-3.48,-4.36,-5.09,-5.06,-22.0,3.32,2.01,3,2015,0.0,10.08,-2.52
2015-06-30,66.75,9.15,0.9108597285067874,0.20000000000000004,24.11,11.7,14.549999999999999,39.0,55.05,11.16,24.69,56.12,57.4,140.94,190.8,358.94,10.15,15.6,8.56,48.34,14.4,62.74,100.0,295.56,3.7700000000000014,-19.73,1.8199999999999998,2.85,10.704008196721311,13.2,0.21,0.66,0.2,0.3,10.21266968325792,13.359276018099548,12.365610859728507,12.47601809954751,14.904977375565613,5.73,5.69,22.7,2.92,1.73,6,2015,2.0090909090909093,10.045454545454545,6.63
2015-09-30,64.83,3.580000000000001,0.3576493633692459,-0.0007123141305315821,20.04,4.83,7.629999999999999,30.0,60.000000000000014,3.7700000000000005,23.89,50.0,52.75,129.42,205.24,362.28,12.84,13.28,0.36,47.18,15.3,62.48,100.0,299.15,13.06,-16.27,2.38,2.8,20.969001396648043,10.03,0.21,1.02,0.2,0.2,3.955181194906954,5.273574926542606,4.782683643486778,4.8668364348677775,5.8906953966699325,5.69,5.63,22.81,2.74,1.63,9,2015,-0.007130124777183777,10.009803921568627,10.21
2015-12-31,66.16999999999999,7.489999999999998,0.7489999999999999,-0.00019607843137254833,24.549999999999997,10.45,13.210000000000004,26.25,55.72,8.479999999999999,23.92,53.9,50.58,128.64,214.58,369.88,10.39,15.33,0.03,48.52,13.35,61.87,100.0,307.35,16.740000000000002,-12.270000000000003,-4.41,2.76,8.76138184245661,8.54,0.2,1.77,0.2,0.11,8.107819209039548,11.222305084745761,9.749694915254235,9.986666666666666,12.474870056497172,7.26,7.15,29.97,2.65,1.61,12,2015,-0.0019607843137254832,10.0,17.7
2016-03-31,51.47,6.69,0.67,0.6,21.99,9.05,11.78,27.0,42.42,8.76,40.5,41.99,60.89,143.63,212.54,382.2,8.26,20.43,0.03,53.43,12.44,65.87,100.0,315.66,19.56,-0.64,-2.33,2.73,10.074999999999998,8.55,0.21,0.67,0.6,0.9,7.0,9.92,8.48,8.84,11.0,13.07,13.0,47.63,2.69,1.55,3,2016,5.991044776119403,9.985074626865671,6.69
2016-06-30,72.42,7.05,0.7029475982532751,0.002639640226813447,21.74,9.120000000000001,11.860000000000001,27.0,63.3,8.959999999999999,33.09,52.89,54.55,140.7,212.06,379.15,9.71,16.93,0.03,49.61,12.19,61.8,100.0,316.68,-0.46999999999999886,-2.1999999999999997,-4.75,2.7399999999999998,9.603382978723404,8.53,0.2,1.37,0.6,0.44,7.429694323144104,10.097816593886463,8.907423580786025,9.21528384279476,11.308733624454147,11.13,11.09,47.82,2.84,1.74,6,2016,0.026473472055778657,10.02919708029197,13.74
2016-09-30,55.47000000000001,6.589999999999998,0.658027545499262,-0.0008638486864544037,23.440000000000005,8.619999999999997,11.32,28.0,46.849999999999994,8.380000000000003,46.08,43.46,54.9,144.48,106.68,382.93,7.91,16.05,0.03,46.2,12.78,58.98,100.0,323.27,15.690000000000001,-0.6800000000000002,-2.0,2.7,10.635459028831564,8.66,0.18,2.03,0.6,0.3,6.884977865223805,9.322597147073289,8.155651746187898,8.466837186424003,10.32098376783079,11.38,11.33,47.0,3.13,1.94,9,2016,-0.008651253101289669,10.014778325123153,20.33
2016-12-31,63.079999999999984,9.700000000000003,0.9690309690309693,-0.00028641309429497033,21.179999999999993,11.660000000000004,15.18,28.5,51.420000000000016,8.259999999999998,36.92,51.77,59.91,148.68,105.1,385.71,9.12,14.91,0.03,42.47,9.58,52.05,100.0,332.97,-6.280000000000001,-3.9499999999999997,1.040000000000001,3.5199999999999996,7.352706185567008,8.56,0.16,3.0,0.6,0.2,10.065001665001667,13.152980352980356,11.654212454212457,12.119347319347323,14.470862470862475,12.6,12.39,52.67,3.5,2.09,12,2016,-0.002866995073892653,10.01,30.03
2017-03-31,52.74,5.2,0.52,0.7,18.93,6.35,9.66,29.0,46.39,5.29,49.66,41.26,70.76,161.83,102.78,395.76,9.05,17.94,0.03,46.33,10.48,56.81,100.0,338.25,13.69,-0.7,-0.25,3.31,13.9425,8.57,0.17,0.52,0.7,1.35,5.24,6.519999999999999,6.16,6.36,7.279999999999999,10.06,9.86,35.28,3.49,1.97,3,2017,7.0,10.0,5.2
2017-06-30,66.10999999999999,7.6000000000000005,0.76,0.0,24.990000000000002,9.56,12.899999999999999,28.25,56.55,9.850000000000001,41.18,47.88,63.79,156.93,100.49,387.48,6.11,13.17,0.03,37.12,10.81,47.93,100.0,338.83,5.65,-4.09,-10.03,3.3400000000000003,9.292631578947368,8.34,0.14,1.28,0.7,0.55,7.837499999999999,9.856250000000001,8.9775,9.28625,10.7825,10.84,10.77,63.64,4.23,2.51,6,2017,0.0,10.0,12.8
2017-09-30,61.420000000000016,5.689999999999998,0.5693077339102216,-0.00037858301784759237,19.33,7.5,10.790000000000003,28.25,53.920000000000016,4.140000000000001,49.81,48.21,63.62,165.87,97.9,392.87,5.16,14.21,0.02,36.47,11.14,47.61,100.0,344.54,9.780000000000001,-0.009999999999999787,-1.1300000000000008,3.289999999999999,12.405197715289987,8.2,0.14,1.85,0.7,0.38,5.797706868577608,7.434851270957272,6.610124391563004,6.819383450513789,8.087247160627363,10.5,10.26,54.44,4.55,2.8,9,2017,-0.0037837837837848554,9.994594594594593,18.49
