,revenue,net_profit,eps,dps,gross_profit,ebit,ebitda,close_price,allowance_doubtful_accounts,expense,operating_profit,cash,account_receivable,inventory,current_asset,property_plant_equipment,total_asset,short_term_loan,account_payable,current_portion_long_term_debt,current_liability,non_current_liability,total_liability,paid_in_capital,total_equity,cash_flow_operation,cash_flow_investment,cash_flow_financing,depreciation,P/E,P/BV,D/E,EPS,DPS,DPR%,ROA%,ROAA%,ROE%,ROAE%,ROCE%,NPM%,NPMA%,TIE,CurrentRatio,QuickRatio,month,year,dividend,number_of_shares,return_old
1999-12-31,,,,,,,,2.8,0.0,,,54.3,59.56,0.0,3802.88,1770.53,5745.29,0.0,88.38,0.0,339.79,2564.97,2904.76,1000.0,2840.53,,,,,,0.99,1.02,0.55,0.0,0.0,,,,,,34.59,26.98,0.0,11.19,11.19,12,1999,,100.16363636363636,55.09
2000-03-31,414.44,96.1,0.9599999999999999,1.4000000000000001,234.38,243.59,273.65,2.65,0.0,170.86,169.54,7.45,68.38,0.0,3458.97,1889.52,5493.7,0.0,93.79,0.0,223.04,2539.76,2762.8,1000.0,2730.9,44.63,-1.94,-140.0,30.06,0.6900000000000001,0.97,1.01,0.96,1.4,1.46,7.0,0.0,14.08,0.0,18.48,28.58,23.19,0.0,15.51,15.51,3,2000,140.14583333333334,100.10416666666667,96.1
2000-06-30,225.61999999999995,70.34,0.7015404950732996,0.002246555315228655,137.39999999999998,146.70000000000002,166.66000000000003,2.85,0.0,78.91,118.68000000000004,72.84,70.7,0.0,3322.0,2208.02,5624.93,0.0,105.36,0.0,296.87,2526.62,2823.49,1000.0,2801.44,149.37,-83.98,0.0,19.960000000000004,1.0174751208416262,1.02,1.01,1.66,1.4,0.84,5.003758711848113,0.0,10.04132660418169,0.0,12.391064647921175,31.28,26.0,0.0,11.19,11.19,6,2000,0.2252510040160587,100.26506024096386,166.44
2000-09-30,228.8800000000001,63.370000000000005,0.6342239241112223,-0.004871389303788496,128.20000000000005,134.10999999999996,155.51000000000005,2.9,0.0,94.77000000000001,111.0,9.84,72.56,0.0,3217.28,2262.96,5659.09,0.0,90.02,0.0,266.08,2526.83,2792.91,1000.0,2866.18,67.81,-130.81,0.0,21.4,1.1423410130976803,1.01,0.97,2.3,1.4,0.61,4.478172403289674,0.0,8.84604499369044,0.0,10.721141812801882,31.22,26.45,0.0,12.09,12.09,9,2000,-0.48673651126244977,99.91739130434783,229.81
2000-12-31,-617.07,-156.03,-1.5649525616698292,1.3969853972444517,-360.5,-377.51,-428.01000000000005,2.95,0.0,-239.56,-276.79,78.45,67.27,0.0,3037.02,2401.15,5806.81,0.0,103.86,0.0,349.71,2518.31,2868.02,1000.0,2938.78,-307.42,330.95,140.0,-50.5,-0.4716756393001346,1.0,0.98,0.74,2.8,3.78,-10.743187855787477,-21.486375711574954,-21.232599620493353,-21.570967741935483,-22.75525616698292,32.7,29.29,0.0,8.68,8.68,12,2000,139.28321974148062,99.70270270270271,73.78
2001-03-31,499.28,147.37,1.47,0.0,292.63,293.51,338.1,2.68,0.0,205.77,245.25,283.06,82.61,0.0,2721.06,2514.78,5611.28,0.0,49.13,0.0,225.81,2515.08,2740.89,1000.0,2866.78,113.82,295.5,-136.1,44.59,0.45500000000000007,0.93,0.96,1.47,0.0,0.0,10.52,21.16,20.560000000000002,21.08,21.800000000000004,32.94,29.52,0.0,12.05,12.05,3,2001,0.0,100.25170068027211,147.37
2001-06-30,253.36,74.72999999999999,0.7469635299414679,0.0,147.07,142.37,166.19,2.75,0.0,110.98999999999998,130.57,1522.79,97.3,0.0,2656.28,2718.61,5809.64,0.0,27.62,0.0,323.77,2531.67,2855.43,1000.0,2940.33,146.72000000000003,1082.71,10.299999999999997,23.819999999999993,0.9213301217717116,0.94,0.97,2.22,0.0,0.0,5.141262494371904,10.255607384061232,10.161395767672218,10.417113012156685,10.699747861323727,32.32,29.51,0.0,8.2,8.2,6,2001,0.0,100.04504504504503,222.1
2001-09-30,246.69000000000005,56.67999999999998,0.567247291771289,0.0,132.64000000000004,116.57000000000005,142.66000000000003,2.78,0.0,130.12,107.99000000000001,234.64,95.79,0.0,2430.46,2884.31,5734.51,0.0,11.28,0.0,194.72,2526.11,2720.83,1000.0,3000.06,35.60999999999996,-1323.76,0.0,26.090000000000003,1.2173262173606214,0.92,0.91,2.79,0.0,0.0,3.9524327426644663,7.888600330009324,7.555164645957383,7.725948776813255,8.108179926824016,30.19,27.9,0.0,12.48,12.48,9,2001,0.0,99.92114695340501,278.78
2001-12-31,-745.11,-196.92999999999998,-1.9729089798411727,0.0,-429.15000000000003,-412.56000000000006,-482.72,2.78,0.0,-332.55,-361.7,306.12,97.4,0.0,2445.88,3053.08,5918.96,0.0,10.3,0.0,295.29,2529.09,2824.38,1000.0,3081.01,-100.32999999999998,-178.79000000000002,125.8,-70.16,-0.35120728177525007,0.9,0.92,0.82,0.0,0.0,-13.281045815516187,-23.001231521075137,-25.599697006719605,-26.17713378130727,-23.963626145387906,34.9,32.2,0.0,8.28,8.28,12,2001,0.0,99.8170731707317,81.85
2002-03-31,532.42,179.77,1.8,1.6,316.47,296.37,344.78,2.75,0.0,236.04,271.48,143.56,116.3,0.0,2053.29,3268.6,5789.79,0.0,21.4,0.0,220.21,2535.74,2755.95,1000.0,3020.31,230.27,-161.34,-160.0,48.41,0.3825,0.91,0.91,1.8,1.6,0.89,12.400000000000002,20.8,23.799999999999997,24.44,21.28,35.72,33.76,0.0,9.32,9.32,3,2002,159.79555555555555,99.87222222222222,179.77
2002-06-30,314.35,107.52000000000001,1.0741146576629885,0.003657473478212293,181.64,174.64,200.91000000000008,3.03,0.0,139.72,155.37,178.96,115.92,0.0,2091.96,3338.78,5891.12,0.0,13.91,0.0,221.67,2528.99,2750.66,1000.0,3127.02,129.83,-94.44,0.0,26.27000000000001,0.7013916015625,0.97,0.88,2.87,1.6,0.56,7.305476696021442,12.051042500609142,13.757649761564968,14.176816457238333,12.44026871802012,36.05,33.93,0.0,9.44,9.44,6,2002,0.36611691831205917,100.10104529616726,287.29
2002-09-30,312.8900000000001,38.539999999999964,0.38560108031795687,-0.0024523594046230723,171.89999999999998,137.98000000000002,176.02999999999997,3.0,0.0,174.90999999999997,126.67999999999995,151.12,131.65,0.0,2129.16,3616.73,6243.54,0.0,32.11,0.0,314.54,2689.51,3004.06,1000.0,3190.2,108.97999999999996,-349.33000000000004,212.5,38.05,1.9444966268811643,0.94,0.94,3.26,1.6,0.49,2.4697394346745214,4.8117337261762225,4.830658932572197,4.982060583739982,4.859046742166155,29.72,28.1,0.0,6.77,6.77,9,2002,-0.2451080566896735,99.9478527607362,325.83
2002-12-31,-827.5400000000001,-234.32999999999998,-2.330495081967213,0.00957296590566201,-497.36,-447.93,-523.44,3.25,0.0,-379.60999999999996,-422.22999999999996,179.28,111.38,0.0,2111.1,3722.29,6312.76,0.0,29.95,0.0,310.27,2695.53,3005.8,1000.0,3270.16,-361.37,533.04,-52.5,-75.51,-0.3484989117910639,0.99,0.92,0.91,1.6,1.76,-14.853704918032786,-26.941547540983606,-28.683016393442617,-29.50253114754098,-27.453744262295082,30.48,27.55,0.0,6.8,6.8,12,2002,0.9625564619429383,100.54945054945054,91.5
2003-03-31,672.44,178.35,1.7800000000000002,1.8,335.49,320.39,394.35,3.3,0.0,352.05,289.4,55.98,126.04,0.0,1800.84,3889.01,6199.06,0.0,31.42,0.0,211.1,2727.4,2938.49,1000.0,3187.51,116.63,-91.78,-112.5,73.96,0.4625,1.04,0.92,1.78,1.8,1.01,11.52,21.36,22.4,23.0,21.4,28.16,26.52,0.0,8.53,8.53,3,2003,180.35393258426964,100.19662921348313,178.35
2003-06-30,377.47,114.69000000000003,1.1467434479934482,-0.003293142478535246,197.26999999999998,195.56000000000006,253.34000000000003,3.95,0.0,181.91000000000003,169.70000000000005,196.21,120.47,0.0,1918.88,3953.07,6395.95,0.0,26.05,0.0,258.22,2758.37,3016.59,1000.0,3308.22,147.19,-41.97,35.0,57.780000000000015,0.8623332461417734,1.19,0.91,2.93,1.8,0.61,7.170081900081901,13.150368550368553,13.870507780507781,14.261887796887798,13.166023751023754,29.88,27.91,0.0,7.43,7.43,6,2003,-0.3293592054300234,100.01365187713311,293.04
2003-09-30,365.9399999999998,59.46999999999997,0.5955266517261918,-0.002748132045342959,196.09000000000003,140.3599999999999,164.3699999999999,4.88,0.0,225.57999999999993,151.39999999999998,106.92,149.44,38.06,1972.56,4042.88,6538.94,5.0,101.05,2212.5,2542.53,586.69,3129.22,1000.0,3346.92,141.56,-277.04,46.19,24.00999999999999,2.0449966369598123,1.46,0.93,3.53,1.8,0.51,3.637267595245523,6.930378145300839,7.105830756574278,7.274535190491046,11.08050721965334,26.11,24.9,0.0,0.78,0.76,9,2003,-0.2744317357801265,99.86118980169972,352.51
2003-12-31,-1004.7499999999999,-253.89,-2.5486828229568035,-0.004427501791004816,-522.1,-472.36999999999995,-577.3499999999999,5.5,0.0,-532.38,-434.61,66.2,170.13,71.75,2183.69,4040.6,6800.12,10.0,103.92,2212.5,2606.22,635.34,3241.56,1000.0,3501.31,-314.45,218.39000000000001,92.06,-104.97999999999999,-0.5399259521840167,1.57,0.93,0.99,1.8,1.82,-14.931677144595415,-28.936560535388356,-29.039537619144188,-29.966331372946662,-45.20693976880957,24.8,23.99,0.0,0.84,0.81,12,2003,-0.44105073396858074,99.61616161616162,98.62
2004-03-31,940.45,252.25,2.52,2.0,426.69,438.74,541.25,4.8,2.35,501.71,363.63,85.62,174.92,31.56,2109.52,4041.88,6570.69,40.0,81.38,2225.0,2548.37,618.48,3166.85,1000.0,3352.53,195.93,-102.84,-114.39,102.51,0.475,1.43,0.94,2.52,2.0,0.79,15.36,27.48,30.08,30.84,43.64,29.71,26.82,0.0,0.83,0.82,3,2004,200.1984126984127,100.09920634920636,252.25
2004-06-30,439.5999999999999,92.92000000000002,0.9287423588376744,-0.0009981279066079594,231.81,190.81999999999994,243.02999999999997,4.8,0.0,248.78000000000003,195.76999999999998,160.52,185.07,51.55,2216.39,4050.7,6688.7,45.0,87.89,2559.69,2901.86,295.14,3197.0,1000.0,3445.0,43.370000000000005,13.780000000000001,17.75,52.209999999999994,1.2908585342229872,1.39,0.93,3.45,2.0,0.58,5.556302112002783,10.358842309586581,10.789563403540285,11.004923950517139,17.896461453776404,26.83,25.01,0.0,0.76,0.75,6,2004,-0.09986197377503458,100.04927536231884,345.17
2004-09-30,519.3,100.38999999999999,1.0048913726546367,-0.002961523098761038,240.17999999999995,191.81000000000006,244.01,3.78,0.0,327.48,197.09000000000003,152.91,190.24,88.28,2621.76,4054.44,7095.45,60.0,100.26,353.0,718.79,2783.43,3502.22,1000.0,3550.52,254.15999999999997,-564.8599999999999,303.09,52.19999999999999,0.9431367666102203,1.06,0.99,4.46,2.0,0.45,5.659836610108627,10.860036807612891,11.310660741538737,11.644122452643861,11.608072537929795,24.72,23.46,0.0,3.65,3.52,9,2004,-0.2958601416780198,99.90134529147983,445.56
2004-12-31,-1254.5,-326.22,-2.7882051282051283,0.2922846958721397,-641.0899999999999,-638.23,-791.13,3.33,0.0,-616.26,-562.51,681.57,400.06,110.75,3103.24,4097.11,7798.01,60.0,141.28,350.0,862.58,2785.91,3648.5,1296.94,4124.48,-354.43999999999994,601.75,235.36,-152.89999999999998,-0.298148795291521,1.05,0.88,1.02,2.0,1.96,-16.72923076923077,-27.444685771744595,-31.599658119658123,-34.22385118149824,-28.86612368024133,18.67,18.51,0.0,3.6,3.47,12,2004,34.197309417040344,117.0,119.34
2005-03-31,1124.74,256.52,2.08,2.5,501.84,406.25,513.45,3.63,0.0,718.48,394.54,232.63,208.74,117.25,2690.68,4180.72,7466.24,60.0,63.0,356.0,739.39,2768.58,3507.96,1299.28,3940.36,357.25,-384.44,106.91,107.2,0.435,1.2,0.89,2.08,2.5,1.2,13.76,23.16,26.04,28.12,24.16,23.65,22.81,0.0,3.64,3.48,3,2005,308.3173076923077,123.32692307692307,256.52
2005-06-30,474.8699999999999,120.07,0.09565044212538835,2.3843875506314762,250.37000000000006,206.74,261.40999999999997,3.54,0.0,268.14,204.85999999999996,222.3,226.79,169.38,2398.68,4299.82,7287.65,60.0,100.44,31.0,440.43,2772.81,3213.24,1299.6,4062.61,171.61,153.19,-335.13,54.67,9.252440243191472,1.13,0.79,0.3,2.63,8.75,6.593503810510104,11.184725032528744,11.822394646698001,12.79165246023527,11.414286093629675,24.33,23.54,0.0,5.45,5.06,6,2005,2993.1216923076922,1255.3,376.59
2005-09-30,493.96000000000026,123.46000000000004,0.09628917108289174,0.05513506649335035,267.99,214.5,273.5099999999999,3.64,0.0,279.4599999999999,217.14,335.76,351.39,149.34,1717.4,5631.04,8108.9,50.0,151.4,32.5,1327.16,2764.82,4091.98,1299.69,3996.71,200.63,100.66,-187.82000000000002,59.00999999999999,9.447324032075164,1.18,1.02,0.39,2.63,6.73,6.093376262373764,10.744883911608841,12.354641335866416,13.085451454854518,12.048491150884914,24.62,23.89,0.0,1.29,1.18,9,2005,70.69305128205087,1282.179487179487,500.05
2005-12-31,-1614.2700000000002,-376.23,-0.303852366338233,-0.09341467556295534,-773.96,-649.64,-810.5199999999999,4.08,0.0,-964.6299999999999,-631.78,249.3,297.8,168.18,966.55,6812.33,8718.48,60.0,87.11,32.5,857.24,3660.26,4517.51,1299.69,4140.24,-461.61,-1184.3400000000001,1376.6200000000001,-160.88,-3.356893389681843,1.28,1.09,0.1,2.63,26.25,-17.25881440801163,-26.131303505088034,-36.34074301405266,-36.46228396058795,-27.468253916976256,26.19,25.83,0.0,1.13,0.93,12,2005,-115.66605128205128,1238.1999999999998,123.82
2006-03-31,1011.99,265.82,0.2,0.13,513.41,390.92,512.42,4.58,0.0,621.07,398.47,199.92,327.68,228.21,1032.97,7398.46,9306.34,60.0,120.34,55.75,774.12,4359.62,5133.74,1320.27,4119.37,123.05,-1777.06,1518.16,121.5,5.725,1.47,1.25,0.2,0.13,0.63,11.44,18.64,25.8,26.4,18.32,26.76,26.27,0.0,1.33,1.04,3,2006,172.783,1329.1,265.82
2006-06-30,626.4300000000001,124.45999999999998,0.095669775545762,-0.002814645895254663,258.85,197.90000000000003,264.49,5.05,0.0,428.52999999999986,198.05999999999995,186.33,329.96,216.7,946.94,7709.44,9472.33,60.0,220.2,140.25,906.54,4284.68,5191.22,1322.78,4244.26,422.28000000000003,-451.65999999999985,15.799999999999955,66.59,13.193822111521774,1.57,1.22,0.3,0.13,0.42,5.255459669980527,8.967446961156092,11.735492466946805,11.990611868402173,8.7633514399918,24.28,23.82,0.0,1.04,0.81,6,2006,-3.6616666666666333,1300.9333333333334,390.28
2006-09-30,762.52,117.53000000000003,0.09026348437407694,0.00011417656209999022,250.63,194.37,262.47000000000014,5.2,0.0,568.1500000000001,206.58000000000004,271.52,449.28,124.65,950.04,7693.24,9654.29,60.0,244.6,165.0,986.99,4281.14,5268.14,1323.5,4361.51,180.12,-137.51999999999998,42.58999999999992,68.1,14.398679698800303,1.58,1.21,0.39,0.13,0.32,4.869599259565587,8.165373663378038,10.776071365274417,11.248218822000357,8.36904511529903,21.47,21.15,0.0,0.96,0.84,9,2006,0.1486666666666565,1302.076923076923,507.81
2006-12-31,-1817.6,-387.24,-0.28905697934809654,0.003647673550634499,-734.38,-592.1300000000001,-779.5400000000002,5.5,0.0,-1225.47,-599.12,253.87,438.98,126.15,904.76,7834.38,9750.14,60.0,241.58,303.8,1236.63,4027.35,5263.98,1324.07,4484.1,-275.49000000000007,2023.4199999999998,-1701.35,-187.41,-4.7567611171366595,1.62,1.17,0.09,0.13,1.39,-15.930251306295098,-26.59324210002488,-34.55836775317243,-35.971535207763125,-28.777228166210506,20.78,20.67,0.0,0.73,0.63,12,2006,4.8866666666666845,1339.6666666666667,120.57
2007-03-31,1204.68,248.45,0.19,0.25,591.64,403.81,547.79,5.2,0.0,800.87,426.23,86.32,453.26,112.7,766.2,7268.18,9741.28,183.0,266.62,299.4,1143.84,4229.88,5373.71,1325.2,4280.27,334.71,-484.61,-35.3,143.98,6.8425,1.61,1.26,0.19,0.25,1.32,10.2,16.96,23.2,23.68,18.8,20.72,20.62,0.0,0.67,0.57,3,2007,326.9078947368421,1307.6315789473683,248.45
2007-06-30,720.01,132.37,0.10080169108765295,0.0010548566942802354,308.28,242.10999999999996,322.51,5.2,0.0,477.9,238.24,211.7,428.93,99.08,864.99,7307.49,9857.31,180.0,258.11,410.83,1201.52,4088.92,5290.45,1325.6,4494.67,193.08999999999997,-120.60000000000002,52.879999999999995,80.4,12.89586499962227,1.53,1.18,0.29,0.25,0.86,5.366821070321937,9.287659261593404,11.776418255343733,12.124010293577019,10.372146420881258,20.0,19.79,0.0,0.72,0.64,6,2007,1.3852087114337905,1313.1724137931035,380.82
2007-09-30,505.44000000000005,59.860000000000014,0.044825723881274405,0.0041601067942020325,293.17999999999995,108.61000000000001,193.44000000000005,5.0,0.0,396.8299999999999,123.5,337.44,315.04,55.2,809.39,7313.73,9822.96,160.0,142.6,2922.22,3637.58,1475.52,5113.11,1346.39,4667.06,254.82000000000005,-130.98000000000002,1.9000000000000021,84.82999999999998,27.88298529903107,1.44,1.1,0.33,0.25,0.76,2.4396060633566314,4.210901334301535,5.1291494962330955,5.303018970681674,6.628773713352094,18.35,18.13,0.0,0.22,0.21,9,2007,5.555381400208944,1335.3939393939393,440.68
2007-12-31,-1860.17,-328.89,-0.23536273369711064,0.011088838108249528,-892.2499999999999,-554.0799999999999,-776.81,4.74,0.0,-1306.08,-574.4100000000001,219.24,317.75,54.07,905.15,7248.03,9866.4,60.0,127.59,533.66,1091.9,2816.33,3908.23,1663.72,5933.1,-659.34,489.62000000000006,-14.38,-222.72999999999996,-5.0347817659399805,1.33,0.66,0.08,0.25,3.13,-13.29799445388675,-24.006998837105286,-22.1240969675284,-25.301493872439394,-26.83135164147061,19.76,19.61,0.0,0.83,0.78,12,2007,15.495265151515184,1397.375,111.79
2008-03-31,1182.47,305.06,0.19,0.25,646.18,452.28,622.54,4.48,0.0,730.19,473.67,165.97,283.37,40.78,575.76,6845.44,9203.28,33.5,90.53,376.68,728.38,2763.2,3491.59,1663.72,5709.61,401.55,-214.35,-345.89,170.26,5.895,1.31,0.61,0.19,0.25,1.32,13.24,19.08,21.36,24.44,21.36,26.06,25.8,0.0,0.79,0.73,3,2008,401.39473684210526,1605.578947368421,305.06
2008-06-30,652.6700000000001,183.82999999999998,0.11280451635337191,0.0036901530965420233,335.9000000000001,277.96000000000004,355.4200000000001,4.4,0.0,374.71000000000004,238.48999999999995,142.67,271.87,27.53,589.1,6795.36,9192.33,26.0,74.3,421.7,814.05,2483.52,3297.57,1663.72,5892.6,266.48999999999995,-44.54999999999998,-245.23000000000002,77.46000000000001,9.753598841320786,1.24,0.56,0.3,0.25,0.83,8.001600359999182,11.536141872404833,12.48369980977316,14.153206651803062,13.11540510135204,27.46,26.64,0.0,0.72,0.69,6,2008,6.0135964912281,1629.6333333333334,488.89
2008-09-30,-1200.8300000000002,-342.78999999999996,-0.2111642710472279,-0.0009702258726899664,-686.8800000000001,-496.06,-743.78,3.78,0.0,-704.7700000000001,-474.26,102.07,174.08,10.47,793.15,6712.68,9342.14,7.5,67.52,499.28,928.32,2292.02,3220.34,1663.72,6119.59,,,,,-4.475188891157852,1.03,0.53,0.09,0.25,2.78,-14.640722792607802,-22.899592060232713,-22.430338124572213,-25.43356331279945,-26.090518822724157,23.89,23.03,,0.85,0.84,9,2008,-1.5750000000000455,1623.3333333333333,146.1
2008-12-31,-634.31,,,,-295.2,-234.18,-148.97000000000003,2.88,,-400.13,-237.9,,0.0,,,,,,0.0,,,,,,,,,,,,,,,0.25,0.0,,,,,,,,0.0,,,12,2008,,,
2009-03-31,697.68,213.68,0.13,0.25,391.82,333.75,408.73,2.66,0.0,363.94,336.72,79.89,219.89,19.14,532.32,6741.23,9141.76,8.0,89.29,499.11,897.76,2325.31,3223.07,1663.72,5916.51,228.36,180.08,-430.62,74.98,5.115,0.75,0.54,0.13,0.25,1.92,9.36,14.56,14.440000000000001,14.719999999999999,16.2,31.25,30.63,0.0,0.59,0.57,3,2009,410.9230769230769,1643.6923076923076,213.68
2009-06-30,716.7300000000001,222.3,0.13257030138997203,0.004942887288407731,381.21999999999997,340.79999999999995,417.63,3.48,0.0,375.92,340.51,88.63,240.94,19.15,509.89,6789.78,9146.59,102.0,58.2,507.71,992.87,2013.39,3006.26,1663.72,6137.97,321.71000000000004,-67.77000000000001,-245.20000000000005,76.83,6.560292847503374,0.94,0.49,0.26,0.25,0.96,9.728620578925637,15.011037203541449,14.480755997981559,14.786687462727649,16.867021423001056,31.67,30.82,9.22,0.51,0.49,6,2009,8.288461538461547,1676.8461538461538,435.98
2009-09-30,726.9999999999998,226.18999999999994,0.1366356071703641,0.0967650068945808,411.6600000000001,331.45000000000005,414.83000000000004,3.78,0.0,395.55000000000007,346.8799999999999,129.97,222.9,14.53,510.59,6800.78,9156.26,135.0,65.37,515.95,1000.28,1956.6,2956.89,1663.72,6196.93,325.13,-68.97,-214.80999999999995,83.38,6.916205955170433,1.01,0.48,0.4,0.35,0.88,9.878754398417323,14.865954060135614,14.606346406511921,14.688327770814137,16.847170364105892,31.58,30.92,9.9,0.51,0.5,9,2009,160.18721153846138,1655.4249999999997,662.17
2009-12-31,737.0900000000001,145.10000000000002,0.08807338313079889,-0.001685789760550931,381.46000000000004,244.4000000000001,346.29999999999995,4.52,17.72,492.6899999999998,283.26,124.57,238.09,9.28,1164.88,6775.47,9147.78,369.0,65.59,190.7,1033.76,1770.31,2804.06,1663.73,6341.18,346.0,-57.85,-293.56000000000006,101.89999999999998,12.823965196416264,1.19,0.44,0.49,0.35,0.71,6.34128358541752,0.0,9.15244218167404,0.0,11.079272114658048,28.57,28.04,9.77,1.13,1.12,12,2009,-2.7773214285713266,1647.4897959183672,807.27
2010-03-31,768.24,241.73,0.15,0.25,439.09,366.32,464.4,4.5,0.0,401.92,379.77,718.62,310.06,7.82,1809.96,7074.62,10101.37,479.0,79.16,483.56,2043.26,1889.32,3932.58,1663.72,6166.15,360.19,-270.62,504.49,98.08,7.5,1.21,0.64,0.15,0.25,1.67,9.56,15.240000000000002,15.68,16.0,18.2,31.71,31.47,0.0,0.89,0.88,3,2010,402.8833333333333,1611.5333333333333,241.73
2010-06-30,2379.55,296.61,0.1763108815989895,0.010518135998315815,511.6000000000001,446.68,548.72,5.05,0.0,1932.87,455.22,182.26,327.15,8.28,642.62,7549.96,9414.5,0.0,75.69,483.62,1097.88,1852.1,2949.99,1663.72,6461.91,1062.56,-590.76,-1008.1700000000001,102.04,7.160079902902801,1.3,0.46,0.32,0.25,0.78,12.606228034327748,19.30604153508935,18.35837054649478,18.843225470892,21.554005275476463,17.21,17.1,16.81,0.59,0.58,6,2010,17.694791666666674,1682.3125,538.34
2010-09-30,754.52,194.33999999999992,0.11670797619697545,0.1274281064038871,394.6299999999999,302.5799999999999,404.9599999999999,5.7,0.0,451.94000000000005,325.8699999999999,187.58,290.86,8.98,596.23,7719.55,9500.95,31.0,82.22,731.91,1164.83,1894.32,3059.15,1663.72,6439.12,269.8900000000001,-327.93999999999994,63.360000000000014,102.38,12.205678192857881,1.47,0.48,0.44,0.38,0.86,8.180168149806189,12.689339957416605,12.073970628378007,12.307386580771954,14.195933831959378,18.91,18.78,15.63,0.51,0.5,9,2010,212.1909659090909,1665.181818181818,732.68
2010-12-31,772.4900000000002,175.87,0.10646469649441419,-0.0030532166639150745,358.21000000000004,264.9100000000001,367.23,6.65,0.0,507.5799999999999,284.3100000000002,442.88,310.76,9.56,874.82,7790.93,9870.6,552.59,100.91,376.23,1511.99,1741.69,3253.68,1663.73,6614.14,385.4999999999998,-109.27999999999997,-20.900000000000034,102.32,15.614330897822253,1.67,0.49,0.55,0.38,0.69,7.123456056353531,11.242671949810136,10.638726762423644,10.863270485939134,12.791249353365252,19.61,19.44,13.88,0.58,0.57,12,2010,-5.043636363636438,1651.9090909090908,908.55
2011-03-31,820.13,235.93,0.14,0.25,463.97,362.4,448.5,5.9,0.0,457.73,387.01,626.84,336.38,9.44,1084.11,7844.69,10441.7,809.8,113.06,419.81,2174.51,1900.77,4075.28,1663.72,6363.67,373.09,-519.51,330.37,86.1,10.535,1.54,0.64,0.14,0.25,1.79,9.04,14.12,14.839999999999998,15.080000000000002,17.52,28.96,28.77,0.0,0.5,0.49,3,2011,421.3035714285714,1685.2142857142856,235.93
2011-06-30,832.33,256.38,0.1562308301679836,-0.006730660414315002,467.31999999999994,382.53,472.78,6.05,0.0,449.79999999999995,391.32000000000005,386.36,321.04,9.12,888.24,7888.56,10278.14,717.3,97.72,570.47,1745.5,1910.57,3656.07,1663.72,6619.2,332.53000000000003,-166.75,-406.25,90.25,9.682787951478275,1.52,0.55,0.3,0.25,0.83,9.977942353395218,15.768898458288477,15.498098352663972,15.685575348865552,18.185268631553292,30.19,29.79,21.72,0.51,0.5,6,2011,-11.045238095238062,1641.0333333333333,492.31
2011-09-30,816.9000000000001,241.36999999999995,0.14475357103914513,0.12396130919928758,443.03,374.9,463.95000000000005,5.55,0.0,442.01,378.57000000000005,245.91,320.97,8.49,797.2,8036.68,10359.56,19.0,132.49,624.43,1025.98,2670.52,3696.5,1663.72,6660.07,279.5,-287.24,-132.72,89.04999999999998,9.582492438994077,1.39,0.56,0.44,0.37,0.84,9.31686620870134,14.84382073928688,14.501675935012537,14.738545414894773,15.791298658815832,30.26,29.71,20.05,0.78,0.77,9,2011,206.69984848484842,1667.4545454545453,733.68
2011-12-31,840.6799999999998,273.87,0.16580884323358644,-0.0035243818263023248,478.83000000000015,391.3600000000001,481.97,6.2,0.0,449.29999999999995,328.1899999999998,128.69,417.58,7.88,733.78,8372.71,10784.47,33.0,105.66,623.38,1266.61,2581.66,3848.27,1663.73,6933.08,267.65,-284.3699999999999,-100.48999999999998,90.61000000000001,9.344495563588564,1.49,0.56,0.61,0.37,0.61,10.155112103617686,15.906776239392588,15.79804912907548,16.16772130415364,17.265865118356412,31.0,30.44,13.51,0.58,0.57,12,2011,-5.8212965722801755,1651.7213114754097,1007.55
2012-03-31,891.84,324.26,0.19,0.0,534.16,438.17,521.56,7.5,0.0,453.67,453.76,336.62,414.7,8.31,893.47,8454.18,11310.46,8.0,92.68,729.54,1787.11,2762.85,4549.96,1663.72,6757.38,484.33,-504.01,227.61,83.39,9.8675,1.85,0.67,0.19,0.0,0.0,11.48,16.12,19.2,19.76,18.4,36.47,36.36,31.66,0.5,0.5,3,2012,0.0,1706.6315789473683,324.26
2012-06-30,963.9699999999999,379.03999999999996,0.22635688895208303,0.3,587.84,502.67,590.24,10.6,0.0,461.31,487.6,77.71,450.65,8.6,630.83,8661.16,11291.98,271.0,110.74,712.98,1419.05,2734.08,4153.13,1663.72,7135.58,363.84999999999997,-336.61,-286.15000000000003,87.57000000000001,11.708059835373575,2.47,0.58,0.42,0.3,0.71,13.430508744490261,18.7984006824968,21.255989762547987,22.053628323617236,20.54458239727001,38.38,37.9,31.87,0.44,0.44,6,2012,502.3571428571428,1674.5238095238094,703.3
2012-09-30,956.79,300.6600000000001,0.17968444957966456,0.1997746068426176,521.8399999999999,414.81000000000006,501.78,13.4,0.0,541.96,415.32000000000005,246.47,448.9,8.02,806.63,9255.8,12210.7,144.0,137.83,739.94,1443.9,3660.72,5104.62,1663.72,7102.66,353.91999999999996,-646.64,461.48,86.97,18.64101210669859,3.14,0.72,0.6,0.5,0.83,9.846707836965619,14.386734929678477,16.926275150404404,17.477307462448707,15.081514801386511,36.11,35.7,28.91,0.56,0.55,9,2012,334.27619047619066,1673.2666666666669,1003.96
2012-12-31,913.3499999999999,235.77999999999997,0.1426387790988433,-0.006134350750963973,494.3900000000001,339.06999999999994,434.57000000000016,12.9,0.0,574.29,351.72,238.47,473.96,7.75,848.03,9542.77,12440.09,111.0,157.56,739.71,1358.25,3761.38,5119.62,1663.73,7316.94,433.1100000000001,-469.76,28.649999999999977,95.5,22.609559759097465,2.93,0.7,0.75,0.5,0.67,7.584579347282494,11.099198864277993,12.886938228983496,13.236878700372655,11.631716972913674,33.71,33.27,28.12,0.62,0.62,12,2012,-10.1400000000001,1652.9866666666667,1239.74
2013-03-31,991.98,370.42,0.22,0.0,584.68,490.77,583.84,15.1,0.0,501.21,497.7,635.98,532.51,8.29,1306.52,9742.72,13066.25,60.0,148.1,739.38,1470.28,3879.22,5349.5,1663.72,7686.51,453.44,-128.34,72.41,93.07,17.16,3.27,0.7,0.22,0.0,0.0,11.32,16.12,19.28,20.52,16.92,37.52,37.34,31.91,0.89,0.88,3,2013,0.0,1683.7272727272727,370.42
2013-06-30,1014.3399999999999,391.35999999999996,0.23632229777626085,0.24,593.2700000000001,529.47,624.92,12.3,0.0,484.87000000000006,516.77,221.18,499.42,8.49,828.81,9852.42,12719.91,27.0,121.59,638.89,1198.15,3814.38,5012.53,1663.72,7677.73,401.17,-200.32000000000002,-615.65,95.45000000000002,13.012314237530662,2.67,0.65,0.46,0.24,0.52,12.309309249389589,17.46730027041928,20.3853669038305,21.145708209719338,18.186542046260072,38.41,37.97,31.41,0.69,0.68,6,2013,397.4504347826087,1656.0434782608695,761.78
2013-09-30,953.5200000000002,345.72,0.2091488939051919,0.1995559446461871,537.77,465.76,565.4300000000001,12.8,0.0,487.7599999999999,459.6700000000001,347.79,520.27,9.61,997.28,10246.44,13232.76,133.5,127.01,669.25,1398.14,4115.15,5513.29,1663.72,7689.87,353.30000000000007,-527.6299999999999,300.94,99.66999999999999,15.296518859192409,2.77,0.72,0.67,0.44,0.66,10.45120144469526,14.584233318284426,17.98056162528217,18.692292189616253,15.683045417607225,37.95,37.42,0.0,0.71,0.71,9,2013,329.8629980532122,1652.9850746268655,1107.5
2013-12-31,856.2999999999997,208.55999999999995,0.12519368417853285,0.0034107776694843155,398.6400000000001,294.06999999999994,407.0999999999999,12.2,0.0,562.23,249.99,243.31,410.18,10.54,800.64,10621.9,13485.21,156.0,144.15,568.91,1455.24,4102.59,5557.83,1663.73,7897.58,426.65999999999985,-327.35000000000014,-203.8,113.03000000000003,24.357458764863832,2.57,0.7,0.79,0.44,0.56,6.186786620670789,8.703338145677247,10.560641916022064,10.966332841967688,9.38160266249259,35.0,34.49,0.0,0.55,0.54,12,2013,5.682010202153833,1665.8987341772151,1316.06
2014-03-31,978.51,371.86,0.22,0.0,564.1,488.01,593.64,11.4,0.0,490.51,482.22,255.42,472.01,10.15,788.46,10304.64,13678.28,245.0,141.63,613.36,1401.8,4004.71,5406.51,1663.72,8242.0,467.91,-459.56,3.77,105.63,12.955,2.3,0.66,0.22,0.0,0.0,10.88,14.6,18.04,18.68,15.920000000000002,38.23,38.0,0.0,0.56,0.56,3,2014,0.0,1690.2727272727273,371.86
2014-06-30,1271.7700000000002,370.66999999999996,0.2246394085087471,0.22,602.7199999999999,500.32000000000005,609.93,11.2,0.0,771.44,479.98,113.36,461.32,10.61,669.76,10449.58,13946.44,575.0,197.16,515.16,1652.05,4018.05,5670.11,1663.72,8246.95,525.72,-519.54,-148.24,109.61000000000001,12.464976731324361,2.26,0.69,0.45,0.22,0.49,10.622948029035863,14.79624904044281,17.97115268069977,18.63009494565876,16.05422972809179,33.39,33.0,0.0,0.41,0.4,6,2014,363.01466666666664,1650.0666666666666,742.53
2014-09-30,1039.1099999999997,315.24,0.19073484784026773,0.2103592589441309,514.6600000000001,420.76999999999987,536.26,10.9,0.0,618.3399999999999,407.70000000000005,118.87,393.34,10.24,616.76,11057.96,14430.13,988.0,199.92,515.22,2029.34,4159.42,6188.76,1663.72,8211.97,443.4,-626.65,188.76,115.49000000000001,14.285800580510088,2.21,0.75,0.64,0.43,0.67,8.738040216682265,12.14742562182705,15.354155251141554,15.854834226722257,13.542174196659008,32.54,32.16,0.0,0.3,0.3,9,2014,347.67455208333337,1652.765625,1057.77
2014-12-31,1015.3700000000003,276.44000000000005,0.16575501607692944,0.0038666514266869527,463.1100000000001,385.77,545.6500000000001,10.8,0.0,629.5999999999999,362.4599999999998,112.86,420.59,9.23,716.49,11747.78,15243.45,233.0,130.0,565.29,1741.34,4985.03,6726.37,1663.73,8487.56,396.3600000000001,-519.1599999999999,116.78,159.88,16.289099804659234,2.12,0.79,0.8,0.43,0.54,7.251781953365664,10.35968850480809,13.028344263646655,13.500746059465902,11.014420818311962,31.45,30.99,0.0,0.41,0.41,12,2014,6.448656249999999,1667.7625,1334.21
2015-03-31,1089.32,408.94,0.25,0.0,612.08,539.9,663.81,10.9,0.0,549.41,529.39,386.89,480.93,8.83,1042.04,12282.0,15959.3,1055.0,150.16,662.08,2236.49,4797.6,7034.08,1663.72,8895.65,537.38,-954.18,690.83,123.91,10.9,2.04,0.79,0.25,0.0,0.0,10.24,14.559999999999999,18.4,19.08,15.72,37.91,37.54,12.67,0.47,0.46,3,2015,0.0,1635.76,408.94
2015-06-30,1162.7100000000003,353.07,0.21313657301085287,0.24,601.2299999999999,519.2900000000001,646.27,11.7,0.0,643.43,498.44999999999993,1039.7,489.1,8.91,1673.72,12559.02,16821.62,855.0,108.39,754.35,2179.61,5766.6,7946.21,1663.72,8849.63,576.84,-336.0400000000001,412.0099999999999,126.97999999999999,13.721014458889172,2.2,0.9,0.46,0.24,0.52,8.395727615123162,12.75112715056233,15.957442553247331,16.513451004579995,13.399803677117099,34.31,33.84,17.13,0.77,0.76,6,2015,397.5704347826087,1656.5434782608695,762.01
2015-09-30,1357.5699999999997,542.3800000000001,0.3243327532409786,0.2222605669083367,546.03,648.06,789.5999999999999,11.2,0.0,709.5,398.9000000000001,687.24,445.31,9.42,1543.51,13071.02,19318.56,1600.0,139.26,754.42,2919.68,7172.24,10091.92,1663.72,9025.31,417.3899999999999,-2166.2200000000003,1396.3799999999999,141.54000000000002,8.633725616726279,2.06,1.12,0.78,0.46,0.59,11.226902996803105,16.83203827076258,24.03388863760072,25.16489516172311,17.31437928840301,39.18,36.14,27.47,0.53,0.53,9,2015,371.68520624303244,1672.2948717948718,1304.39
2015-12-31,1049.23,280.54999999999995,0.16815936249952673,-0.0010855041669456777,498.45000000000005,383.9499999999998,545.5700000000002,11.6,0.0,665.2900000000002,372.44000000000005,311.22,447.16,9.38,1664.21,13265.98,19627.46,1600.0,133.93,755.06,2938.21,7189.69,10127.9,1663.73,9294.69,583.5600000000002,-860.52,-99.05999999999995,161.61999999999995,17.24480253074319,2.08,1.09,0.95,0.46,0.48,5.720958522089163,8.489392658397161,12.072072128913396,12.624342877332891,8.871733945764506,36.3,34.02,17.9,0.57,0.56,12,2015,-1.8110094466935607,1668.3578947368424,1584.94
2016-03-31,1111.04,378.58,0.23,0.0,585.28,506.01,665.71,12.9,0.0,605.02,498.21,430.2,481.68,10.0,1539.63,13506.12,19657.7,1600.0,105.95,755.14,3146.79,6628.82,9775.61,1663.72,9672.44,561.1,148.97,-591.09,159.7,14.022500000000003,2.22,1.01,0.23,0.0,0.0,7.720000000000001,11.36,15.64,16.32,12.240000000000002,34.32,34.07,16.65,0.49,0.49,3,2016,0.0,1645.9999999999998,378.58
2016-06-30,1144.73,356.86000000000007,0.2135026650712499,0.25,580.6300000000001,487.73,648.49,12.9,0.0,657.02,472.46,278.22,466.3,9.89,1100.72,13725.56,19335.35,1625.0,143.4,810.79,3119.92,6398.47,9518.4,1663.72,9611.4,586.5199999999999,-108.19,-630.3100000000001,160.76,15.106134618617942,2.23,0.99,0.44,0.25,0.57,7.375546611552269,10.675133253562494,14.848139889046015,15.469238551071468,11.897921244425106,32.94,32.6,14.56,0.35,0.35,6,2016,417.8636363636364,1671.4545454545455,735.44
2016-09-30,1105.6,324.91999999999985,0.19611150929872867,0.1977906302833686,521.9299999999998,428.70000000000005,590.25,11.7,0.0,676.9000000000001,423.37,86.49,410.98,10.0,958.28,13947.03,19365.9,1655.0,191.22,810.21,3147.83,6408.95,9556.78,1663.72,9602.72,507.46000000000004,-376.27,-322.91999999999985,161.55,14.913964052689899,2.03,1.0,0.64,0.45,0.7,6.716819193481457,9.008872458410346,13.531694141612277,13.948431098872076,10.749362103436564,31.81,31.55,17.25,0.3,0.3,9,2016,327.7019886363636,1656.8124999999998,1060.36
2016-12-31,1052.62,239.35000000000014,0.1436420432250272,0.0025608116425972502,457.10000000000014,342.3799999999999,503.1899999999998,11.8,0.0,710.23,333.75,185.53,420.75,10.59,1384.4,14062.21,19860.4,1600.0,133.25,809.61,3026.52,6785.57,9812.09,1663.73,9841.76,454.1800000000003,-262.53999999999996,-92.60000000000014,160.81000000000006,20.539599227073314,1.99,1.0,0.78,0.45,0.58,4.817533142008605,6.585435212470478,9.730827646167228,10.003379215363433,7.719839041016846,29.69,29.45,14.8,0.46,0.45,12,2016,4.2670673076924,1666.2948717948718,1299.71
2017-03-31,1183.72,361.58,0.22,0.0,559.94,484.21,648.02,11.7,0.0,699.52,463.73,140.2,475.42,10.7,1145.09,14118.52,19684.25,1600.0,152.4,808.98,3043.18,6227.52,9270.7,1663.72,10201.96,554.74,-11.03,-581.48,163.81,13.294999999999998,1.91,0.91,0.22,0.0,0.0,7.359999999999999,9.84,14.16,14.559999999999999,11.640000000000002,31.08,30.55,29.74,0.38,0.37,3,2017,0.0,1643.5454545454545,361.58
2017-06-30,1095.18,344.61000000000007,0.2049536243787083,0.27,565.74,470.62000000000006,637.19,12.9,0.0,624.55,461.27,134.2,421.28,11.62,991.98,14205.21,19580.89,1930.0,188.68,808.78,3331.36,5944.32,9275.68,1663.72,10096.52,578.4100000000001,-150.33,-434.0799999999999,166.57,15.733071370534807,2.13,0.92,0.42,0.27,0.64,7.046500800067972,9.58402186380436,13.644055565782581,13.995404636146082,11.477402965207665,31.4,30.99,12.81,0.3,0.29,6,2017,453.9792857142858,1681.4047619047622,706.19
2017-09-30,1029.1,285.3499999999999,0.172670794925066,0.2252883681661138,502.5799999999999,412.15,583.45,12.3,0.0,616.95,402.1300000000001,120.3,391.06,11.4,903.61,14256.55,19506.81,380.0,142.63,809.84,1744.18,7552.22,9296.4,1663.72,10001.06,471.5799999999999,-137.93,-347.54999999999995,171.3,17.80845452952515,2.05,0.93,0.6,0.5,0.83,5.8477842547955685,8.092504588821427,11.407783851382694,11.649522964277788,8.863767472820056,30.34,29.97,16.13,0.52,0.51,9,2017,372.3040476190475,1652.5666666666666,991.54
