,revenue,net_profit,eps,dps,gross_profit,ebit,ebitda,close_price,expense,operating_profit,cash,account_receivable,inventory,current_asset,property_plant_equipment,total_asset,short_term_loan,account_payable,current_portion_long_term_debt,current_liability,non_current_liability,total_liability,paid_in_capital,total_equity,cash_flow_operation,cash_flow_investment,cash_flow_financing,depreciation,P/E,P/BV,D/E,EPS,DPS,DPR%,ROA%,ROAA%,ROE%,ROAE%,ROCE%,NPM%,NPMA%,TIE,CurrentRatio,QuickRatio,month,year,dividend,number_of_shares,return_old
2012-12-31,,,,,,,,,,,1.63,110.46,211.22,345.37,624.85,985.22,393.92,166.6,63.63,686.33,91.35,777.67,100.0,207.55,,,,,,0.0,3.75,0.09,0.0,0.0,,,,,,3.35,3.29,2.19,0.5,0.2,12,2012,,396.0,35.64
2013-03-31,288.57,10.61,0.029999999999999995,0.0,59.73,19.7,36.96,2.4,268.87,14.86,110.68,120.56,226.7,473.37,615.21,1103.99,364.75,154.11,62.35,664.17,94.27,758.44,130.0,345.55,11.27,-2.53,100.32,17.26,20.0,0.9,2.19,0.03,0.0,0.0,3.84,0.0,12.28,0.0,17.92,3.74,3.68,2.4,0.71,0.37,3,2013,0.0,353.6666666666667,10.61
2013-06-30,285.39000000000004,4.210000000000001,0.008522267206477734,0.06,69.23000000000002,13.91,31.15,1.83,271.47,18.880000000000003,46.7,144.04,254.07,462.24,603.18,1081.09,359.24,147.92,59.75,676.38,85.85,762.22,130.0,318.87,-15.67,-5.65,-42.669999999999995,17.24,53.682897862232764,0.75,2.39,0.03,0.06,1.98,1.556734143049933,0.0,5.283805668016195,0.0,9.43130904183536,2.63,2.58,2.07,0.68,0.31,6,2013,29.64,494.0,14.82
2013-09-30,292.86,19.36,0.039648917495611474,-0.0007021650087770748,71.62,29.700000000000003,47.45,1.91,263.16999999999996,22.759999999999998,33.25,142.89,281.46,474.41,392.11,1094.22,361.28,156.62,63.16,674.09,81.9,755.99,130.0,338.24,12.190000000000001,-11.71,-13.93,17.75,12.04509555785124,0.73,2.24,0.07,0.06,0.85,7.068835576360445,0.0,22.905746050321824,0.0,34.14338209479227,4.01,3.94,2.58,0.7,0.29,9,2013,-0.34285714285714874,488.2857142857142,34.18
2013-12-31,326.4899999999999,6.609999999999999,0.012963961755332189,0.0025405386474275965,66.25999999999996,16.069999999999993,34.349999999999994,1.93,310.4200000000001,14.709999999999994,3.47,168.38,288.55,480.32,388.5,1091.91,352.63,146.08,61.9,673.9,73.17,747.07,130.0,344.84,9.05,-5.149999999999999,-33.68,18.28,37.22627458396369,0.73,2.17,0.08,0.06,0.74,2.424260848247119,4.952233390536896,7.668183378278989,9.573885756312821,12.309281686687912,3.48,3.42,2.43,0.71,0.28,12,2013,1.2953571428571458,509.875,40.79
2014-03-31,334.82,22.6,0.04,0.03,87.85,34.55,52.05,2.04,300.27,29.31,33.98,167.84,312.03,531.66,383.52,1132.67,299.04,145.73,51.28,591.85,173.38,765.23,130.0,367.44,26.26,-3.46,7.71,17.5,12.75,0.72,2.08,0.04,0.03,0.75,8.0,12.359999999999998,24.599999999999998,25.360000000000003,25.56,6.9,6.75,3.73,0.9,0.37,3,2014,16.95,565.0,22.6
2014-06-30,307.04,13.549999999999997,0.02623789764868603,-0.0028215767634854816,74.34,23.870000000000005,41.33,2.72,283.1700000000001,21.710000000000004,19.54,177.28,343.78,563.49,382.01,1158.5,298.93,159.53,52.14,622.8,170.3,793.1,130.0,365.4,-2.3500000000000014,-13.7,1.6100000000000003,17.46,25.918616236162368,0.97,2.17,0.07,0.03,0.43,4.677842323651452,7.826390041493774,14.828160442600275,15.84769017980636,16.357455048409403,5.75,5.63,3.6,0.9,0.35,6,2014,-1.457142857142859,516.4285714285713,36.15
2014-09-30,303.03,21.79,0.041368657231618915,0.000586567384979542,75.87,33.81,50.640000000000015,4.44,269.2199999999999,27.18999999999999,13.5,186.04,373.83,593.74,374.8,1176.1,350.51,130.97,51.84,630.57,158.34,788.91,130.0,387.18,-28.810000000000002,-2.1499999999999986,24.92,16.83,26.829490592014686,1.49,2.04,0.11,0.03,0.27,7.416272005522955,12.215036244390747,22.504549534000688,24.023907490507426,25.43796341042458,6.27,6.13,3.76,0.94,0.35,9,2014,0.30896103896104243,526.7272727272727,57.94
2014-12-31,290.42999999999995,11.939999999999998,0.022212364052661707,0.0006033720143622719,83.74000000000001,21.569999999999993,38.849999999999994,4.64,268.86,16.67,32.02,155.5,419.99,631.47,373.0,1238.67,330.98,135.18,77.65,644.58,194.97,839.55,130.0,399.12,24.83,-38.69,32.38,17.279999999999994,52.2197906197655,1.51,2.1,0.13,0.03,0.23,3.8546994848311384,6.677378362907841,11.96733829421866,12.842163709215795,13.095042930738407,5.78,5.66,3.59,0.98,0.33,12,2014,0.3243356643356581,537.5384615384614,69.88
2015-03-31,336.39,18.45,0.04,0.0,83.07,29.72,46.63,4.78,306.67,25.61,62.63,181.01,458.41,732.77,365.55,1383.32,436.85,172.07,72.44,784.3,182.19,966.49,130.0,417.35,11.7,-61.54,80.45,16.91,29.875000000000004,1.49,2.32,0.04,0.0,0.0,5.32,9.44,17.68,18.8,19.84,5.6,5.48,2.61,0.93,0.35,3,2015,0.0,461.25,18.45
2015-06-30,308.05000000000007,16.180000000000003,0.032705746462604685,0.07,78.19,27.759999999999998,45.18,4.78,280.3,20.79,71.99,207.83,494.93,803.34,370.19,1454.88,540.64,158.19,71.89,888.36,169.24,1057.61,130.0,398.17,-34.629999999999995,-13.830000000000005,57.82000000000001,17.419999999999998,36.540214771322624,1.56,2.66,0.07,0.07,0.99,4.447981518914236,8.223159110597749,16.259428241409182,16.950921166618542,18.969332948310715,5.48,5.37,2.69,0.9,0.35,6,2015,34.63,494.7142857142857,34.63
2015-09-30,337.3299999999999,22.33,0.04312324438202247,0.003123244382022485,95.18,36.67000000000001,54.22999999999999,4.78,300.65999999999997,30.43,31.6,196.92,557.0,814.71,366.76,1462.91,532.53,169.12,73.84,884.42,153.46,1037.88,130.0,423.43,-0.75,-3.25,-36.400000000000006,17.560000000000002,27.708374384236457,1.47,2.45,0.11,0.07,0.63,6.0999789325842695,11.196362359550559,21.091186797752805,22.032057584269662,25.528960674157304,5.91,5.8,2.88,0.92,0.29,9,2015,1.6172727272727343,517.8181818181819,56.96
2015-12-31,376.53,18.470000000000006,0.03428079013655045,0.0027241391778048294,95.92000000000002,28.739999999999995,46.30000000000001,3.72,347.7800000000001,22.710000000000008,61.1,197.69,578.63,861.96,360.46,1506.2,540.24,180.09,74.74,918.11,134.44,1052.54,137.55,456.14,35.84,-5.089999999999989,-1.25,17.560000000000002,27.127437736870593,1.12,2.31,0.14,0.07,0.49,4.907050245260507,8.76608776348933,16.200121967386984,17.277518228821428,20.470528967254413,5.65,5.55,3.0,0.94,0.31,12,2015,1.4677272727272737,538.7857142857143,75.43
2016-03-31,384.54,24.98,0.04,0.0,103.81,36.04,53.61,3.66,348.5,27.21,93.85,190.85,615.93,930.31,357.16,1585.3,602.93,181.34,82.76,973.33,128.18,1101.52,137.55,481.97,21.62,-18.66,29.8,17.57,22.875,1.04,2.29,0.04,0.0,0.0,6.32,9.72,20.72,22.24,23.56,6.65,6.5,3.11,0.96,0.32,3,2016,0.0,624.5,24.98
2016-06-30,308.85999999999996,3.9800000000000004,0.0068715469613259686,0.06,90.31,18.47,35.769999999999996,3.66,290.39,16.47,409.96,196.75,677.43,1338.71,348.62,1987.35,530.61,164.49,86.44,920.44,607.7,1528.14,141.26,461.05,-57.7,-31.860000000000003,405.65999999999997,17.299999999999997,133.15778894472362,1.12,3.31,0.05,0.06,1.17,0.802596685082873,1.7426243093922653,3.4522651933701662,3.7051381215469616,2.8090883977900556,4.24,4.18,2.67,1.45,0.72,6,2016,34.751999999999995,579.1999999999999,28.96
2016-09-30,347.31000000000006,28.08,0.049228611500701264,-0.000925666199158483,92.61000000000001,52.800000000000004,68.32,3.4,294.52,15.630000000000003,428.83,176.13,733.93,1423.24,350.74,2012.15,564.04,164.27,92.0,938.74,585.07,1523.81,141.26,484.53,-16.810000000000002,51.61000000000001,-15.930000000000007,15.520000000000003,17.266381766381766,0.99,3.14,0.1,0.06,0.59,5.572678821879383,12.16931276297335,23.176830294530152,24.732454417952315,19.6914446002805,5.75,5.48,2.85,1.52,0.73,9,2016,-0.5279999999999987,570.4,57.04
2016-12-31,387.03,5.399999999999999,0.009513132607303009,-0.00029212043561819314,100.77999999999997,22.840000000000003,43.910000000000025,3.22,364.17999999999995,13.870000000000005,408.67,203.1,756.8,1532.73,351.77,2357.28,672.87,177.83,96.81,1076.24,621.95,1698.19,142.21,656.71,-47.959999999999994,-69.38000000000001,97.18000000000006,21.069999999999993,84.61198148148151,0.7,2.59,0.11,0.06,0.53,0.9167200512491991,2.3315823190262646,3.289814221652786,3.8813581037796276,3.514670083279948,4.56,4.37,2.4,1.42,0.72,12,2016,-0.16581818181818164,567.6363636363636,62.44
2017-03-31,409.74,18.63,0.03,0.0,114.14,35.92,57.94,3.08,373.82,29.92,307.49,248.63,790.07,1433.69,342.15,2246.3,551.04,178.6,588.6,1464.14,105.83,1569.98,142.21,675.33,-28.6,67.35,-139.93,22.02,25.6675,0.65,2.32,0.03,0.0,0.0,3.3200000000000003,7.48,11.04,12.88,18.36,4.63,4.55,2.81,0.98,0.44,3,2017,0.0,621.0,18.63
2017-06-30,317.45000000000005,4.900000000000002,0.008329791755206123,0.05,94.41000000000001,20.909999999999997,42.760000000000005,4.06,296.54,16.0,101.65,208.73,902.08,1305.97,334.24,2366.31,655.58,189.45,587.04,1627.12,86.17,1713.29,144.07,653.53,10.530000000000001,-317.26,100.9,21.849999999999998,121.85178571428567,0.9,2.62,0.04,0.05,1.34,0.8246493837654062,2.174075648108798,2.9987250318742045,3.5151721206969837,6.4056098597535085,3.3,3.24,1.97,0.8,0.25,6,2017,29.4125,588.25,23.53
2017-09-30,355.42999999999984,17.990000000000002,0.030329961464354533,0.0004124518304431596,103.95999999999998,43.59,63.89,9.2,311.84000000000003,29.010000000000005,418.54,237.55,928.45,1664.22,343.52,2890.03,467.51,147.33,582.34,2040.0,78.92,2118.92,194.94,773.26,-37.73,-173.53,528.15,20.300000000000004,75.8334296831573,2.32,2.74,0.07,0.05,0.76,2.4957225433526014,7.105876685934489,9.306965317919076,11.438728323699422,20.468391136801543,3.93,3.84,1.93,0.82,0.36,9,2017,0.24464285714285694,593.1428571428571,41.52
