,revenue,net_profit,eps,dps,gross_profit,ebit,ebitda,close_price,expense,operating_profit,cash,account_receivable,inventory,current_asset,property_plant_equipment,total_asset,short_term_loan,account_payable,current_portion_long_term_debt,current_liability,non_current_liability,total_liability,paid_in_capital,total_equity,cash_flow_operation,cash_flow_investment,cash_flow_financing,depreciation,P/E,P/BV,D/E,EPS,DPS,DPR%,ROA%,ROAA%,ROE%,ROAE%,ROCE%,NPM%,NPMA%,TIE,CurrentRatio,QuickRatio,month,year,dividend,number_of_shares,return_old
2000-03-31,616.45,-5.94,-0.05,0.0,359.85,165.21,245.91,1.65,451.24,160.13,342.36,129.51,46.31,760.99,9544.12,10685.52,851.99,204.83,932.9,2460.46,5748.75,8209.2,1111.34,1564.83,111.86,-25.63,6.15,80.7,-8.25,1.17,5.25,-0.05,0.0,0.0,-0.24,0.0,-1.52,0.0,8.04,-0.97,-0.96,0.0,0.31,0.29,3,2000,0.0,118.8,-5.94
2000-06-30,565.72,-32.02,-0.261491043203372,0.0,320.22,125.99999999999997,207.73999999999998,0.98,439.72,129.91000000000003,483.3,112.23,42.69,843.53,9277.17,10674.82,905.29,190.02,894.28,2430.24,5785.05,8215.29,1325.25,1558.71,141.19,-13.489999999999998,19.1,81.74,-0.9395159275452841,0.84,5.27,-0.31,0.0,0.0,-1.214668071654373,0.0,-8.232750263435195,0.0,11.91049525816649,-3.25,-3.21,0.0,0.35,0.33,6,2000,0.0,122.45161290322581,-37.96
2000-09-30,597.71,123.22999999999999,0.9827184238301866,0.0,330.5899999999999,142.36,225.39,0.92,455.3499999999999,130.13,382.04,126.69,29.23,921.53,9193.16,10639.42,698.46,162.48,226.26,1254.79,5698.0,6952.79,2411.75,3096.75,-217.58,-325.19,603.4,83.03,0.2335358678893127,0.71,2.25,0.68,0.0,0.0,4.624557288612642,0.0,15.896915679605955,0.0,26.706818341738007,4.87,4.79,0.0,0.73,0.71,9,2000,0.0,125.39705882352939,85.27
2000-12-31,758.5,-55.66,-0.4323471800067545,0.0,399.9,37.69999999999999,265.34000000000003,0.97,720.8000000000002,12.689999999999998,511.63,202.27,62.95,957.33,9118.14,10644.64,8.02,153.33,44.0,389.36,6561.89,6951.24,2411.75,3094.79,184.88,-185.36999999999995,-19.970000000000027,227.64000000000001,-0.5585788717211643,0.75,2.25,0.23,0.0,0.0,-2.105342789598109,-0.0,-7.218318135764944,-0.0,-34.587774400540354,1.19,1.17,0.0,2.46,2.3,12,2000,0.0,128.7391304347826,29.61
2001-03-31,638.92,33.57,0.14,0.0,384.51,144.61,267.16,0.75,494.31,130.31,424.65,126.39,61.43,916.95,9032.05,10536.17,8.22,153.01,113.82,495.69,6363.97,6859.66,2411.75,3127.35,223.53,-103.83,-106.83,122.55,1.34,0.58,2.19,0.14,0.0,0.0,1.28,5.44,4.28,5.72,5.76,5.38,5.25,0.0,1.85,1.73,3,2001,0.0,239.78571428571428,33.57
2001-06-30,723.7900000000001,20.79,0.0879635761589404,0.0,360.18000000000006,121.75999999999999,250.07999999999998,1.25,602.03,77.0,344.72,123.4,209.67,883.24,9300.33,10556.78,17.08,320.14,193.53,740.8,6108.1,6848.9,2411.75,3149.42,56.29999999999998,-196.10000000000002,-30.08,128.32,3.54948051948052,0.96,2.17,0.23,0.0,0.0,0.7801986754966888,3.839801324503311,2.6465562913907283,3.533841059602649,4.145761589403973,4.17,3.99,0.0,1.19,0.91,6,2001,0.0,236.3478260869565,54.36
2001-09-30,756.5900000000001,-3.8399999999999963,-0.01596199524940616,0.0,358.40999999999985,104.69,238.72000000000003,1.02,651.9000000000001,95.35000000000002,199.03,115.98,183.62,833.54,9012.57,10507.94,3.87,300.47,266.68,761.72,6033.48,6795.2,2411.75,3145.24,121.54000000000002,-73.75999999999999,-23.289999999999992,134.02999999999997,-15.919062500000017,0.78,2.16,0.21,0.0,0.0,-0.14593824228028487,-1.0671733966745833,-0.48950118764845557,-0.4925415676959616,-1.1583847980997615,2.47,2.38,0.0,1.09,0.85,9,2001,0.0,240.57142857142858,50.52
2001-12-31,770.75,-333.31,-1.3790187064606243,0.0,381.96000000000004,-172.74,55.57999999999993,1.42,943.49,-51.650000000000034,331.05,116.84,405.96,933.38,8659.88,10199.38,273.77,341.33,308.78,1108.95,5827.61,6936.56,2411.75,2736.59,-16.310000000000002,90.31,-157.48000000000002,228.32000000000005,-0.2566498904923345,1.25,2.53,-1.17,0.0,0.0,-13.05942501502882,8.957728349658757,-48.70175465893419,-45.73156052194207,10.277814632766363,-10.09,-9.78,0.0,0.84,0.48,12,2001,0.0,241.70085470085473,-282.79
2002-03-31,809.15,93.45,0.39,0.0,425.27,192.79,277.34,1.46,616.36,181.27,283.14,112.25,178.6,656.77,8564.8,9498.98,113.75,292.44,224.24,904.54,5242.04,6146.58,2411.75,2818.62,201.87,-2.08,-258.04,84.55,0.935,1.25,2.18,0.39,0.0,0.0,3.92,7.680000000000001,13.279999999999998,12.56,8.96,11.87,11.55,0.0,0.73,0.53,3,2002,0.0,239.6153846153846,93.45
2002-06-30,714.12,31.03,0.12962403598971722,0.0,363.72,147.01000000000002,232.03000000000003,2.33,567.11,118.55999999999997,301.08,100.68,175.3,652.15,8513.53,9442.04,193.27,278.72,250.49,940.2,5121.18,6061.38,2411.75,2836.86,94.96999999999997,4.300000000000001,-35.93000000000001,85.02,4.503022881082823,1.98,2.14,0.52,0.0,0.0,1.3161825192802057,3.3901670951156815,4.3773039845758355,4.147969151670951,3.9884318766066835,8.4,8.17,0.0,0.69,0.51,6,2002,0.0,239.3846153846154,124.48
2002-09-30,763.4299999999998,-28.430000000000007,-0.11839666840187407,0.0,373.52,82.46999999999997,157.34000000000003,1.7,680.96,138.94,286.91,102.33,172.9,643.66,7374.55,9274.17,264.51,277.49,229.81,1065.74,4860.66,5926.4,1447.05,2791.94,231.37000000000006,-31.34,-214.2,74.87,-3.5896280337671462,0.88,2.12,0.4,0.0,0.0,-1.2313253513794902,-5.055537740760022,-4.072845393024467,-3.83605205622072,-6.085588755856326,4.33,4.2,0.0,0.6,0.44,9,2002,0.0,240.12499999999997,96.05
2002-12-31,797.8300000000004,-28.42,-0.11766375868697326,0.0,402.71000000000004,126.93000000000006,185.26999999999998,1.85,670.8999999999999,113.63,250.01,107.12,168.84,618.39,5975.37,8568.09,491.69,302.47,210.92,1285.3,3792.12,5077.42,1449.03,2738.55,14.819999999999936,765.27,-816.79,58.339999999999975,-3.932391801548205,0.98,1.85,0.28,0.0,0.0,-1.3279195623244124,-9.833328404554193,-4.15184977081177,-4.15184977081177,-12.674067721425406,2.25,2.19,0.0,0.48,0.35,12,2002,0.0,241.53571428571425,67.63
2003-03-31,743.52,73.56,0.3,0.0,386.81,167.86,234.84,1.6,575.67,210.69,207.64,86.04,88.31,471.2,7097.21,8482.46,1549.2,189.12,210.92,2305.97,2876.64,5182.61,1449.03,2797.9,217.88,-154.23,-106.03,66.98,1.3325,0.83,1.85,0.3,0.0,0.0,3.48,7.48,10.52,10.48,10.88,10.24,9.89,0.0,0.2,0.17,3,2003,0.0,245.20000000000002,73.56
2003-06-30,523.51,16.33,0.0672165980643008,0.0,263.88000000000005,72.63999999999999,141.28,1.9,450.86,133.68,221.41,80.1,32.12,410.01,7065.22,8406.39,1776.16,126.84,219.63,2342.64,2760.1,5102.74,1449.03,2799.19,-30.129999999999995,-62.380000000000024,106.28,68.64,7.07340171463564,0.98,1.82,0.37,0.0,0.0,0.7775325397708309,1.9547313383023694,2.3325976193124927,2.3180643008121034,2.884863722327289,7.3,7.09,0.0,0.18,0.16,6,2003,0.0,242.94594594594594,89.89
2003-09-30,642.95,84.45,0.3487667775610875,0.0,336.28,169.08999999999997,226.01,2.68,473.8600000000001,183.52999999999997,448.62,83.08,37.35,660.35,7051.99,8458.47,584.26,155.31,119.59,1136.12,3983.3,5119.42,1449.03,2869.02,206.22000000000003,12.0,9.0,56.91999999999999,1.9250686796921253,1.36,1.78,0.72,0.0,0.0,3.9914420098657795,8.951680624067913,11.780566708730069,11.935574165423885,10.83114603648044,9.59,9.13,0.0,0.58,0.55,9,2003,0.0,242.1388888888889,174.34
2003-12-31,682.4200000000001,141.17,0.5861389496370955,0.0,374.3499999999999,173.42000000000002,236.5,3.0,509.0,195.55000000000007,364.71,87.6,56.45,583.18,7030.38,8194.08,479.19,127.26,124.93,958.33,3345.7,4304.02,1453.05,3432.09,100.0,-69.0,-114.91,63.08000000000001,1.2795174257986826,1.27,1.25,1.31,0.0,0.0,6.890488415581122,12.45657126557003,16.44768533485468,18.309012075686983,14.42528224145035,12.84,12.17,0.0,0.61,0.55,12,2003,0.0,240.8473282442748,315.51
2004-03-31,641.12,120.65,0.5,0.0,379.55,185.28,252.18,2.07,455.84,235.73,320.7,90.11,31.71,538.16,7019.01,8136.81,325.21,109.73,193.95,881.95,3276.1,4158.06,1453.05,3532.15,221.75,-85.82,-179.94,66.9,1.0325,0.85,1.18,0.5,0.0,0.0,5.92,8.92,13.68,15.240000000000002,10.2,19.34,18.82,0.0,0.61,0.57,3,2004,0.0,241.3,120.65
2004-06-30,595.7499999999999,88.81,0.05935930487921322,0.65,341.95,143.69000000000003,210.29000000000002,2.7,452.07,195.66,233.26,91.32,29.17,461.68,7032.64,8047.05,406.61,113.84,194.93,932.28,3218.92,4151.2,1453.05,3442.51,153.13,-108.31,-132.26,66.6,11.373953946627632,1.14,1.21,0.14,0.65,4.64,4.409548362455839,6.783920557624367,10.311559247589038,11.380026735414877,7.8354282440561445,17.39,16.93,0.0,0.5,0.46,6,2004,972.4928571428571,1496.142857142857,209.46
2004-09-30,614.6000000000001,84.64000000000001,0.05755865351921116,-0.01133482294651961,355.28999999999996,142.90999999999997,211.33999999999992,2.72,471.67999999999995,204.64999999999998,195.36,99.0,27.74,396.96,7164.27,8115.32,424.61,119.75,265.82,994.63,3153.28,4147.91,1453.05,3506.38,179.94000000000005,-228.60000000000002,10.759999999999991,68.43,11.814035916824196,1.13,1.18,0.2,0.65,3.25,4.167246514790888,6.55017477048623,9.658342060523633,10.62532743964638,7.6322774566474,16.29,15.88,0.0,0.4,0.37,9,2004,-16.667857142857088,1470.5,294.1
2004-12-31,688.3999999999999,45.099999999999966,0.030580778301886772,0.0018875294811320214,350.73,108.12,183.79000000000008,2.52,580.28,179.48000000000002,239.46,98.57,32.88,417.3,7501.05,8499.77,744.62,191.22,264.57,1413.94,3087.27,4501.21,1453.05,3529.88,183.54999999999995,-407.22,267.77,75.67000000000002,20.607716186252787,1.04,1.28,0.23,0.65,2.83,2.122040094339621,3.696285377358488,5.110978773584901,5.1801179245282984,4.355766509433959,13.63,13.36,0.0,0.3,0.27,12,2004,2.783695652173833,1474.782608695652,339.2
2005-03-31,691.7,91.07,0.06,0.06,392.46,163.12,247.42,2.48,528.58,236.12,163.25,100.62,28.24,361.88,7543.03,8486.4,729.96,158.0,260.6,1524.06,3015.84,4539.9,1453.05,3600.01,179.78,-160.77,-95.23,84.3,10.3325,1.0,1.26,0.06,0.06,1.0,4.28,7.84,10.12,10.2,9.36,13.3,13.17,0.0,0.24,0.22,3,2005,91.07,1517.8333333333333,91.07
2005-06-30,639.99,39.03,0.027,-0.0029999999999999944,346.99000000000007,115.0,188.14000000000001,1.8,524.9899999999999,190.44,174.43,86.74,32.1,471.76,7590.35,8641.62,392.08,127.88,324.54,1102.6,3656.59,4759.19,1453.05,3530.5,26.75,-180.35,164.79000000000002,73.14,16.666666666666668,0.74,1.35,0.09,0.06,0.67,1.812,3.9960000000000004,4.428,4.476,4.428,9.86,9.77,0.0,0.43,0.4,6,2005,-4.336666666666659,1445.5555555555557,130.1
2005-09-30,733.1300000000001,46.06999999999999,0.031381052392575354,0.0009207015950502307,383.15999999999985,129.95999999999998,221.92000000000002,1.93,603.1700000000001,212.92000000000002,156.25,132.2,40.95,546.04,8389.6,9522.08,785.38,139.34,354.78,1622.09,3982.87,5604.96,1453.05,3555.97,105.11999999999998,-389.29999999999995,266.0,91.96000000000001,15.372333405686998,0.79,1.58,0.12,0.06,0.5,1.9351648975421467,4.843142419254129,5.177873644774933,5.219715047965034,5.408001362320485,8.63,8.53,0.0,0.34,0.31,9,2005,1.3516666666666595,1468.0833333333333,176.17
2005-12-31,836.3799999999997,81.62000000000003,0.056990573722797644,-0.0015047131386011778,466.34000000000015,173.36000000000007,284.76,1.81,663.0200000000002,251.88,89.32,120.03,49.89,494.01,8488.72,9561.21,149.1,194.09,1186.89,1980.12,3590.96,5571.09,1453.05,3615.29,299.39,-210.54000000000008,-155.77,111.4,7.927626807155106,0.73,1.54,0.18,0.06,0.33,3.419434423367859,8.155984328329264,9.029839792078826,9.143820939524423,9.713726676752398,9.02,8.89,0.0,0.25,0.22,12,2005,-2.154999999999987,1432.1666666666667,257.79
2006-03-31,897.34,142.49,0.1,0.0,520.07,246.02,338.1,3.09,651.32,307.42,73.13,148.9,40.42,531.75,8544.66,9413.86,37.0,138.57,1174.69,1808.13,3519.19,5327.32,1453.3,3741.96,153.46,24.02,-193.67,92.08,7.719999999999999,1.2,1.42,0.1,0.0,0.0,6.040000000000001,11.0,15.24,15.519999999999998,12.92,16.47,15.88,0.0,0.29,0.27,3,2006,0.0,1424.9,142.49
2006-06-30,793.2399999999999,82.41999999999999,0.05496865412831798,0.04,451.87,167.68999999999997,262.63,3.7,625.5499999999998,257.43,90.98,142.67,39.66,573.72,8670.94,9605.75,210.21,145.14,1420.12,2005.5,3536.98,5542.48,1460.86,3764.76,200.64000000000001,-322.58,139.79999999999998,94.94000000000001,16.809580198980832,1.43,1.47,0.15,0.04,0.27,3.430044017607042,6.640213418700814,8.751009737228223,9.044175892579252,7.974119425547996,13.62,13.3,0.0,0.29,0.27,6,2006,59.976000000000006,1499.4,224.91
2006-09-30,818.3000000000002,94.89000000000001,0.06231050656660413,0.0006161350844277659,465.3299999999999,187.04000000000002,288.91999999999996,3.88,631.2600000000002,282.93999999999994,99.98,133.99,39.13,455.74,9429.87,10247.01,278.88,171.9,1398.34,1949.59,3647.54,5597.13,1951.06,4334.54,163.27999999999997,-697.4000000000001,543.11,101.87999999999997,15.570407840657602,1.75,1.29,0.21,0.04,0.19,3.703024390243903,7.216150093808632,8.759076923076924,9.625489681050658,8.592915572232647,12.98,12.75,0.0,0.23,0.21,9,2006,0.938285714285712,1522.857142857143,319.8
2006-12-31,876.0799999999999,90.03999999999996,0.05492387273082176,0.002842642424918431,491.48,205.29999999999995,317.33000000000004,4.16,670.7799999999997,305.1500000000001,116.23,146.7,43.77,536.36,7850.45,8720.77,312.4,212.67,695.86,1220.93,4593.36,5814.29,1959.08,2797.55,379.70000000000005,-491.3899999999999,127.93999999999994,112.03000000000003,18.935299866725906,2.91,2.08,0.25,0.04,0.16,4.130275229357797,7.750856919773568,12.874155768104623,11.230833495998434,9.446906109701343,12.3,12.11,0.0,0.44,0.4,12,2006,4.660114285714279,1639.36,409.84
2007-03-31,971.69,229.29,0.12,0.05,478.72,331.26,429.42,3.4,640.43,295.23,102.46,133.12,41.41,717.04,7643.96,8684.08,109.9,182.7,654.56,1291.5,4235.32,5526.82,1963.11,3035.21,129.43,-65.04,-78.16,98.16,7.0825,2.2,1.82,0.12,0.05,0.42,10.56,14.64,30.199999999999996,27.08,17.92,27.58,23.6,0.0,0.56,0.52,3,2007,95.53750000000001,1910.75,229.29
2007-06-30,733.6799999999998,66.43000000000004,0.033695725686460176,0.0015398857026917403,382.81999999999994,145.3,244.90000000000003,4.02,588.39,204.34999999999997,80.94,121.12,41.68,492.51,7959.28,8754.96,226.35,168.32,971.93,1366.61,4312.72,5679.33,1966.57,3010.25,69.57,-133.39,42.3,99.6,29.825741381905754,2.63,1.89,0.15,0.05,0.33,3.0371080752062776,4.663488435006089,8.823787366427705,7.84436493980793,5.795664818071151,19.32,17.34,0.0,0.36,0.33,6,2007,3.0358333333333434,1971.466666666667,295.72
2007-09-30,792.0900000000001,77.97999999999996,0.039647310677013624,-0.00011756310766212206,444.8700000000001,160.78000000000003,257.18999999999994,4.14,631.3,237.42000000000002,125.04,145.42,38.82,612.96,8553.25,9482.06,448.35,241.0,2406.82,3096.17,3204.47,6300.64,1973.48,3102.98,90.31,-596.5899999999999,550.38,96.41000000000003,26.105805975891265,2.63,2.03,0.19,0.05,0.26,3.288640085630183,5.392034252073853,10.04954990634198,8.388536259031305,8.330108643296759,16.23,14.96,0.0,0.2,0.19,9,2007,-0.23122807017544744,1966.842105263158,373.7
2007-12-31,893.94,28.220000000000027,0.014042595541401288,0.0010638409319477008,527.5799999999999,143.82999999999993,276.3599999999999,4.04,750.1100000000001,273.82000000000005,167.38,169.96,42.16,751.48,7389.85,10255.35,420.45,497.12,2115.22,3410.97,3093.84,6504.82,2214.58,3649.39,210.7,-577.4000000000001,409.03999999999996,132.52999999999997,71.92402551381991,2.45,1.78,0.2,0.05,0.25,1.100939490445861,2.311411226114652,3.092179538216563,3.502223328025481,3.2045203025477735,12.58,11.85,0.0,0.22,0.21,12,2007,2.1378947368420995,2009.6,401.92
2008-03-31,939.78,112.31,0.05,0.06,561.68,225.48,335.72,4.3,714.3,321.93,245.77,165.04,38.85,891.97,9749.85,10921.0,794.25,336.89,1761.24,3316.66,3704.59,7021.25,2221.55,3776.68,168.98,-730.56,639.97,110.24,21.5,2.53,1.86,0.05,0.06,1.2,4.12,9.2,11.88,13.2,11.88,12.13,11.95,0.0,0.27,0.26,3,2008,134.772,2246.2,112.31
2008-06-30,833.44,12.629999999999995,0.006065311349447732,-0.0047216263806627145,478.5400000000001,113.34,227.13,4.0,720.1000000000001,220.24999999999994,141.97,143.83,43.51,743.06,10402.02,11437.89,555.05,372.33,1786.79,3119.64,4574.44,7694.08,2226.19,3666.08,154.20000000000002,-722.1100000000001,464.1099999999999,113.79,164.88024148851946,2.43,2.1,0.06,0.06,1.0,0.4407459580598686,1.358629742276292,1.3788474467744514,1.5122842964623013,1.6457211461501515,7.13,7.05,0.0,0.24,0.22,6,2008,-9.831999999999994,2082.3333333333335,124.94
2008-09-30,838.7499999999998,2.1599999999999966,0.0010196695515342234,0.0010196695515342301,459.52,106.51999999999998,239.77999999999997,3.14,732.23,233.0300000000001,119.85,121.45,45.58,689.76,10968.56,11969.53,648.05,285.17,502.71,1820.36,6382.73,8203.09,2229.88,3677.0,119.63,-773.54,631.8000000000002,133.26000000000002,769.8082175925937,1.9,2.23,0.06,0.06,1.0,0.07205664830841846,0.2821085759244685,0.2352037765538942,0.2549173878835559,0.298423288749016,4.92,4.87,0.0,0.38,0.35,9,2008,2.160000000000011,2118.3333333333335,127.1
2008-12-31,800.9900000000002,-48.769999999999996,-0.024904889569768926,-0.004904889569768936,421.55999999999995,61.05000000000001,208.38,1.43,739.94,198.93999999999994,416.08,102.42,47.99,908.8,11407.73,12630.1,1030.05,279.92,542.46,2226.42,6645.27,8871.68,2244.78,3657.97,480.32,-571.5999999999999,387.5,147.32999999999998,-14.354610928849704,0.88,2.43,0.04,0.06,1.5,-1.5441031533256735,-11.032866079407633,-5.32964636793055,-5.32964636793055,-12.128681220477468,2.32,2.3,0.0,0.41,0.39,12,2008,-9.605000000000018,1958.25,78.33
2009-03-31,790.91,-30.98,-0.01,0.0,424.8,71.13,218.81,1.27,719.78,208.7,142.15,127.52,42.98,667.4,9883.56,12619.96,375.0,277.66,178.88,1209.79,7672.62,8882.41,2244.78,3627.08,198.0,-391.55,-80.38,147.68,-31.75,0.79,2.45,-0.01,0.0,0.0,-1.0,2.4,-3.4,-3.36,2.48,-3.97,-3.92,0.0,0.55,0.52,3,2009,0.0,3098.0,-30.98
2009-06-30,647.65,-114.71,-0.047241402978927864,0.01,308.17,-38.01,115.43,1.7,685.6500000000001,108.88999999999999,131.28,96.73,45.13,614.03,10099.2,12765.15,469.7,137.96,336.8,1304.87,7857.54,9162.4,2244.78,3489.97,46.599999999999994,-394.34,336.86,153.44,-8.995287464039752,1.09,2.63,-0.06,0.01,-0.17,-3.590346626398517,0.8503452536207015,-13.133110028141944,-12.81816734161576,0.9133337909259386,-10.25,-10.13,0.19,0.47,0.44,6,2009,24.281666666666666,2428.1666666666665,-145.69
2009-09-30,761.1599999999999,-68.99000000000001,-0.03213620272032794,-0.0013106328799453466,382.96000000000004,15.96,171.38,2.46,745.2099999999998,154.07000000000005,175.76,111.56,41.38,675.09,10315.07,13023.3,488.2,127.3,518.06,1579.71,7904.4,9484.12,2244.78,3421.2,147.72,-263.19999999999993,159.97999999999996,155.42000000000002,-19.137295260182636,1.61,2.77,-0.1,0.01,-0.1,-2.1209893795416437,0.5013247624371158,-8.059759642258244,-7.776961058319359,0.5527426867896404,-9.91,-9.76,0.19,0.43,0.4,9,2009,-2.81366666666667,2146.7999999999997,-214.68
2009-12-31,991.9000000000001,-14.72999999999999,-0.006420818621681701,0.0006420818621681717,542.2,106.13000000000001,277.37,2.36,885.77,308.97999999999996,277.49,148.5,78.25,825.77,10406.64,13288.82,207.2,230.68,697.8,1602.24,8147.62,9749.86,2244.78,3406.4,339.77000000000004,-295.34000000000015,57.28000000000003,171.23999999999995,-91.88859470468438,1.56,2.86,-0.1,0.01,-0.1,-0.4443206486203737,0.30819929384072164,-1.728484372956714,-1.6668445141885695,0.3415875506734665,-7.29,-7.19,0.46,0.52,0.47,12,2009,1.4730000000000025,2294.1,-229.41
2010-03-31,1041.52,58.54,0.03,0.0,564.59,175.87,342.76,2.38,865.65,329.92,164.55,163.79,66.98,631.58,10389.52,13169.72,201.2,149.23,516.82,1296.16,8263.57,9559.73,2244.78,3465.14,352.8,-301.87,-163.87,166.89,19.8325,1.54,2.76,0.03,0.0,0.0,1.76,5.44,6.76,6.6,5.92,5.75,5.62,2.0,0.49,0.44,3,2010,0.0,1951.3333333333335,58.54
2010-06-30,501.0799999999999,-192.17999999999998,-0.08628255013469022,0.0,186.14,-133.1,35.94999999999999,2.0,634.17,38.66999999999996,160.32,108.73,63.91,577.9,10378.71,13086.83,381.7,124.65,270.06,1130.78,8558.48,9689.26,2244.78,3272.96,-3.8500000000000227,-135.11,134.74,169.05,-5.794334998438963,1.37,2.96,-0.06,0.0,0.0,-5.867213409158934,1.8982161029631848,-23.468853636635735,-22.721071535468425,2.0707812032325648,-8.83,-8.66,0.25,0.51,0.45,6,2010,0.0,2227.333333333333,-133.64
2010-09-30,822.2000000000003,-97.22000000000003,-0.042112102572987975,0.0,399.1199999999999,2.789999999999999,174.89000000000004,2.38,819.4199999999998,177.2,188.47,129.63,63.7,579.39,10347.87,13034.89,408.5,153.77,434.81,1338.84,8391.11,9729.94,2244.78,3174.88,220.16000000000003,-126.75,-65.26,172.10000000000002,-14.128954947541656,1.68,3.06,-0.1,0.0,0.0,-2.981536862167548,0.5895694360218315,-12.246199428224902,-11.79138872043663,0.6569488001386122,-9.91,-9.76,0.17,0.43,0.39,9,2010,0.0,2308.6,-230.86
2010-12-31,999.5299999999997,-44.15999999999997,-0.019268416842411446,0.0,528.0600000000002,75.75999999999999,251.22000000000003,2.5,923.7600000000002,251.11,220.38,148.05,72.9,602.16,10255.82,12950.43,195.7,211.9,574.57,1371.34,8306.14,9677.48,2244.78,3130.98,365.27,-84.00999999999999,-249.36,175.45999999999998,-32.431310009057995,1.79,3.09,-0.12,0.0,0.0,-1.3616347901970758,0.5908981165006177,-5.639223329212417,-5.401579521489342,0.6743945894844007,-8.28,-8.17,0.33,0.44,0.39,12,2010,0.0,2291.8333333333335,-275.02
2011-03-31,1131.68,78.25,0.03,0.0,659.02,224.4,398.82,2.32,907.28,404.66,354.16,185.45,64.77,1768.84,9484.24,13091.33,384.7,179.7,1024.48,2254.72,7506.87,9761.59,2244.78,3170.47,242.63,-59.78,-49.07,174.42,19.3325,1.64,3.08,0.03,0.0,0.0,2.4,6.84,9.88,9.44,8.28,6.96,6.91,2.22,0.78,0.76,3,2011,0.0,2608.3333333333335,78.25
2011-06-30,1555.59,581.75,0.25561742424242423,0.0,401.54999999999995,696.25,852.04,2.46,859.3399999999999,154.82,882.79,137.05,46.04,1296.55,9443.66,12584.2,140.8,154.02,574.84,1289.89,7374.62,8664.5,2244.78,3752.91,192.51999999999998,1269.44,-933.3399999999999,155.79,2.4051568543188657,1.47,2.31,0.29,0.0,0.0,18.4749696969697,25.279681818181817,62.01807575757576,66.24898484848484,28.734924242424242,33.42,24.56,4.57,1.01,0.97,6,2011,0.0,2275.862068965517,660.0
2011-09-30,935.94,-68.01999999999998,-0.02987465792763268,0.0,488.8700000000001,67.89999999999998,226.08000000000015,2.26,868.04,226.72000000000003,745.08,142.08,46.02,1164.17,9473.13,12463.65,140.8,162.06,548.29,1335.48,7261.01,8596.48,2244.78,3687.38,264.63,-155.99,-246.34000000000003,158.18,-18.90732946192297,1.38,2.33,0.26,0.0,0.0,-2.1831480793270037,-3.561978445217743,-7.376742457515455,-7.92827460387175,-4.081337883036588,20.4,16.34,3.23,0.87,0.84,9,2011,0.0,2276.846153846154,591.98
2011-12-31,864.0199999999995,-100.66000000000003,-0.045072864935276416,0.0,416.29999999999995,1.82000000000005,158.94000000000005,2.34,862.21,117.99000000000001,450.2,134.39,52.82,771.31,9493.56,12237.87,76.1,175.34,696.97,1445.29,7023.1,8468.39,2244.78,3588.61,228.18000000000006,-238.1400000000001,-284.93000000000006,157.12,-12.983421418636993,1.46,2.36,0.22,0.0,0.0,-3.2862216070992436,-6.441322152568593,-11.219045835707892,-11.981187006431655,-7.523070911015226,13.08,10.95,2.42,0.53,0.5,12,2011,0.0,2233.272727272727,491.32
2012-03-31,1174.72,98.98,0.04,0.08,678.3,241.77,399.94,2.7,932.95,392.86,575.87,183.12,44.64,952.42,9515.86,12433.81,207.1,252.31,741.13,1732.45,6810.78,8543.23,2244.78,3689.17,433.79,-160.29,-147.83,158.17,16.875,1.64,2.32,0.04,0.08,2.0,3.2,7.559999999999999,10.72,11.56,9.04,8.48,8.43,2.43,0.55,0.52,3,2012,197.96,2474.5,98.98
2012-06-30,1036.1899999999998,3.8900000000000006,0.0018907358802371928,-0.01621852823952561,533.51,142.20000000000002,301.21,2.58,893.99,262.83000000000004,363.26,143.51,46.34,676.59,9501.93,12123.91,162.1,188.6,762.84,1569.89,6855.98,8425.87,2244.78,3514.73,207.06,-132.08,-287.59000000000003,159.01000000000002,341.1370179948586,1.65,2.4,0.05,0.08,1.6,0.1285700398561291,0.47041508700301354,0.443188490327598,0.42806260328570045,0.5505822883250706,4.75,4.65,1.95,0.43,0.4,6,2012,-33.367999999999995,2057.4,102.87
2012-09-30,946.5100000000002,-53.980000000000004,-0.022082225403968092,0.01266843935365105,463.34000000000015,51.00999999999999,210.64,3.04,895.5,203.19999999999993,294.58,148.69,44.14,651.99,9735.3,12328.52,340.1,190.28,791.61,1879.45,6799.92,8679.38,2244.78,3462.35,163.68999999999994,-289.09000000000003,56.72000000000003,159.63,-34.416821044831416,1.97,2.51,0.02,0.08,4.0,-1.7665780323174476,-15.5017222335856,-6.227187563919002,-6.050529760687258,-18.372411536101453,1.57,1.55,1.48,0.35,0.32,9,2012,30.96799999999999,2444.5,48.89
2012-12-31,1206.3400000000001,56.989999999999995,0.026912542500944464,-0.012349829996222146,661.3299999999999,187.84000000000003,352.05999999999995,4.44,1018.5,343.44999999999993,410.3,194.61,49.1,818.74,10122.12,12834.05,262.1,228.36,820.39,2020.38,7099.51,9119.89,2245.44,3511.26,430.9200000000001,-458.78999999999996,143.58999999999997,164.21999999999997,41.24470959817511,2.84,2.6,0.05,0.08,1.6,1.7654627880619567,10.70042689837552,6.502070268228183,6.41595013222516,12.401299584435208,2.46,2.43,1.59,0.41,0.38,12,2012,-26.152000000000015,2117.6,105.88
2013-03-31,1305.24,148.16,0.07,0.02,758.84,279.88,443.87,5.8,1025.36,438.41,428.69,201.1,43.65,1587.98,9511.8,13356.77,880.0,220.62,1268.84,3023.92,6464.94,9488.86,2249.89,3656.16,352.46,-643.16,309.09,163.99,20.715,3.57,2.6,0.07,0.02,0.27,4.44,8.68,16.2,16.12,10.84,11.4,11.35,2.83,0.53,0.51,3,2013,42.33142857142857,2116.5714285714284,148.16
2013-06-30,1918.1000000000001,731.07,0.3242806774109164,0.0012230506888332507,506.0099999999999,856.4399999999999,1028.2800000000002,3.74,1061.66,151.07999999999998,731.05,158.97,42.85,1121.82,9772.44,12858.15,207.0,194.7,861.79,1947.73,6378.42,8326.16,2251.24,4349.74,289.34,1340.13,-1327.11,171.83999999999997,2.8833817897054996,1.94,1.91,0.39,0.02,0.05,22.74953675375044,30.266196558352195,67.21756400486791,74.36836868623682,34.62319848048861,37.56,27.28,6.02,0.58,0.55,6,2013,2.757289377289382,2254.4358974358975,879.23
2013-09-30,1113.5199999999995,-5.9500000000000455,-0.0026572233418834944,-0.0001362678636863355,551.7,105.99000000000001,270.02,4.4,1007.5300000000002,255.10000000000002,345.25,160.4,44.52,742.99,10097.71,12810.33,145.0,202.38,961.0,2044.55,6234.07,8278.62,2251.24,4344.82,276.0,-460.97,-200.82999999999993,164.03000000000003,-413.89068907562705,2.28,1.91,0.39,0.02,0.05,-0.18586936606815826,-0.26926529864419413,-0.5477968120190588,-0.609662422132654,-0.3145062293880566,25.39,20.14,4.42,0.36,0.34,9,2013,-0.3051282051282129,2239.179487179487,873.28
2013-12-31,1275.8600000000006,63.49000000000001,0.028465685280271574,-7.868280613991619e-05,670.78,182.95000000000005,348.4000000000001,3.28,1092.9099999999999,335.63,827.45,208.52,51.61,1227.03,10557.67,13715.3,0.0,243.52,1004.45,2116.04,6370.36,8486.4,2474.63,5035.31,426.83000000000015,-518.6600000000001,574.0199999999999,165.44999999999993,28.808370215782006,1.61,1.69,0.42,0.02,0.05,1.8516250520405226,2.911632951524921,5.04249282107668,5.94255067946241,3.3318406866146444,19.92,16.69,3.88,0.58,0.56,12,2013,-0.1754945054944983,2230.404761904762,936.77
2014-03-31,1014.88,3.08,0.0,,504.22,89.94,248.8,3.88,924.94,234.34,343.43,148.17,44.06,681.56,10872.77,13471.35,0.0,187.48,909.76,1779.47,6470.31,8249.78,2474.88,5038.47,115.99,-514.46,-85.55,158.86,0.0,1.91,1.64,0.0,0.15,0.0,0.08,2.68,0.24,0.28,3.08,0.31,0.3,1.0,0.38,0.36,3,2014,inf,inf,3.08
2014-06-30,948.0600000000001,-83.11,-0.031154567037360987,-inf,374.02,-8.439999999999998,153.01999999999998,4.4,956.5,101.79999999999998,268.1,91.11,52.24,524.76,11139.34,13564.48,120.0,158.03,937.92,1711.72,7107.24,8818.95,2475.26,4582.69,80.2,-467.79999999999995,312.27,161.45999999999998,-35.30862742148959,2.38,1.92,-0.03,0.15,-5.05,-2.4508259402723978,2.5754442084218416,-7.269398975384231,-7.435556666250156,2.8662201674372105,-4.22,-4.08,0.47,0.31,0.28,6,2014,-inf,2667.666666666667,-80.03
2014-09-30,1035.9099999999999,-82.97999999999999,-0.03563339672412735,-0.021833016379363288,459.9200000000001,8.349999999999994,182.27000000000004,4.96,1027.56,169.32,413.42,132.49,47.83,718.33,11448.06,14057.01,552.0,172.31,937.66,2298.52,7095.52,9394.04,2477.09,4498.72,236.32999999999998,-425.79999999999995,334.79999999999995,173.92000000000002,-34.80021872740419,2.73,2.09,-0.07,0.15,-2.16,-2.361985154285013,1.364250046009447,-7.371022636648058,-7.513556223544568,1.5475075148763877,-5.58,-5.44,0.34,0.31,0.29,9,2014,-50.84285714285727,2328.7142857142853,-163.01
2014-12-31,1376.1,51.42999999999999,0.023046244846746725,-0.00652766752874297,716.8299999999997,178.54999999999998,355.98,4.64,1197.5500000000002,344.17,675.99,212.15,55.34,1046.7,11603.42,14516.62,689.0,253.95,1032.46,2716.24,7066.43,9782.67,2478.78,4554.15,493.43000000000006,-338.28999999999996,107.42000000000007,177.42999999999995,50.333579622788264,2.53,2.15,-0.05,0.15,-3.03,1.4196486825595982,-3.5030292167055017,4.517063989962359,4.29582003943359,-4.185198064169205,-2.6,-2.55,0.74,0.39,0.36,12,2014,-14.567142857142812,2231.6,-111.58
2015-03-31,1463.12,139.63,0.060000000000000005,0.04,810.4,292.56,469.86,4.66,1170.55,454.01,762.34,229.04,51.3,1188.11,11574.2,14604.15,896.0,220.26,1053.15,2864.78,6849.56,9714.33,2481.85,4694.86,335.01,-167.53,-81.13,177.3,19.4175,2.46,2.07,0.06,0.04,0.67,3.84,8.32,11.88,11.48,9.960000000000003,9.65,9.54,2.92,0.41,0.4,3,2015,93.08666666666666,2327.1666666666665,139.63
2015-06-30,1221.8400000000001,-24.769999999999996,-0.010782691972836496,-0.0005217946485576649,595.39,91.00999999999999,270.90999999999997,4.28,1130.84,255.14999999999998,738.1,170.52,51.18,1090.35,11599.94,14497.41,1054.0,207.93,1142.6,3142.24,6579.18,9721.42,2481.98,4575.15,318.08000000000004,-125.28,-217.04000000000002,179.89999999999998,-99.23310456197014,2.32,2.12,0.05,0.04,0.8,-0.6814661326832665,-2.3549399268674907,-2.1651645481455684,-2.1651645481455684,-2.915639909454988,4.33,4.28,1.95,0.35,0.33,6,2015,-1.1986666666666679,2297.2,114.86
2015-09-30,1227.3200000000002,-19.950000000000003,-0.008407965440944054,0.0012736276472447604,590.6000000000001,91.5,272.37,3.7,1135.8200000000002,261.0,915.84,159.83,51.72,1210.67,11629.19,14634.91,1482.0,216.44,1206.25,3470.43,6401.57,9872.0,2483.09,4559.81,221.14,-257.86999999999995,214.47000000000003,180.87000000000006,-110.01472431077691,2.01,2.17,0.04,0.04,1.0,-0.5465177536613635,-2.783036560952482,-1.7488568117163634,-1.7656727425982515,-3.5817932778421664,2.45,2.43,1.62,0.35,0.33,9,2015,3.0220000000000056,2372.75,94.91
2015-12-31,1407.8299999999995,102.96000000000001,0.041627331075958965,0.0016273310759589653,748.0599999999997,243.25000000000006,422.65999999999997,4.28,1164.5699999999997,400.4599999999999,1011.25,202.08,61.52,1408.62,11632.32,14820.05,1337.0,261.41,1281.18,3558.31,6345.0,9903.32,2498.17,4702.57,430.69000000000005,-156.20000000000005,-179.07,179.40999999999997,25.704266219891217,2.27,2.11,0.08,0.04,0.5,2.789031182089251,10.198696113609948,8.762553191489362,8.90824885025522,13.279118613230908,3.77,3.72,1.88,0.4,0.38,12,2015,4.025000000000006,2473.375,197.87
2016-03-31,1551.22,191.07,0.08,0.04,877.49,335.5,515.17,4.42,1215.72,498.15,992.19,214.52,81.35,1474.04,11511.7,14827.59,1487.0,232.17,1266.22,3631.6,6083.03,9714.63,2498.17,4891.33,363.54,-153.94,-228.66,179.67,13.8125,2.26,1.99,0.08,0.04,0.5,5.16,9.12,15.64,15.959999999999999,12.0,12.39,12.32,3.38,0.41,0.38,3,2016,95.535,2388.375,191.07
2016-06-30,1304.2,16.960000000000008,0.006522136230351395,0.0032610681151756973,645.98,127.42000000000002,307.99,4.52,1176.78,288.88,866.06,159.24,56.94,1267.74,11492.72,14601.4,1679.0,192.28,1304.76,3799.1,5805.62,9604.72,2498.17,4804.15,278.69,-139.82,-263.72,180.57000000000002,173.25611733490558,2.35,2.0,0.08,0.04,0.5,0.46307167235494895,1.0370196606258717,1.412042493871077,1.4479142431380099,1.3989982214103742,7.38,7.29,2.46,0.33,0.32,6,2016,8.480000000000004,2600.375,208.03
2016-09-30,1378.1099999999997,55.78,0.023258405670747884,-0.003370797164626054,737.6200000000001,188.06,372.87,4.54,1190.0500000000002,369.6400000000001,934.12,178.12,51.89,1367.68,11508.05,14814.3,1567.0,228.2,1333.89,3832.03,5994.31,9826.34,2498.17,4845.44,314.77,-250.97000000000003,11.279999999999973,184.80999999999995,48.796336948727145,2.34,2.03,0.11,0.04,0.36,1.505453167052045,3.7382601114438425,4.6009355217770365,4.744714756832569,5.015358022819453,6.29,6.23,2.33,0.36,0.34,9,2016,-8.084090909090904,2398.2727272727275,263.81
2016-12-31,1430.42,103.07999999999998,0.042143421734034715,0.0007794260851035337,787.5799999999999,240.54999999999995,425.3399999999999,4.5,1189.87,410.31999999999994,795.43,202.33,53.23,1278.16,11707.47,14911.12,1182.0,252.27,1376.44,3606.1,6232.46,9838.56,2498.17,4917.92,458.75,-339.59000000000003,-262.30999999999995,184.79000000000008,26.69455762514552,2.29,2.0,0.15,0.04,0.27,2.7646084657526777,6.742947477445556,8.383731363623975,8.574781542151598,8.866975932840903,6.52,6.48,2.41,0.35,0.34,12,2016,1.9064242424242366,2445.9333333333334,366.89
2017-03-31,1635.27,207.65,0.08,0.05999999999999999,942.28,369.83,549.75,4.56,1265.44,541.75,1039.67,198.64,47.83,1495.19,11810.75,15229.28,1430.0,229.16,954.56,3427.19,6518.82,9946.0,2499.92,5109.58,484.24,-265.36,36.06,179.92,14.250000000000002,2.23,1.95,0.08,0.06,0.75,5.44,9.84,16.24,16.6,12.52,12.82,12.7,3.83,0.44,0.42,3,2017,155.73749999999998,2595.625,207.65
2017-06-30,1354.4299999999998,57.43999999999997,0.02383492398807951,-0.0046238070089403656,728.45,176.15000000000003,359.01,5.3,1178.27,342.51,961.7,163.54,46.7,1384.47,11969.62,15250.5,1252.0,212.8,980.73,3171.45,6936.54,10107.99,2500.17,5006.94,289.62,-345.53999999999996,-12.510000000000002,182.85999999999999,55.58859766713094,2.65,2.02,0.11,0.06,0.55,1.5081006450639398,3.1722117016862184,4.58497265079784,4.680312346750159,3.9175947791316132,8.94,8.87,2.98,0.44,0.42,6,2017,-11.142954545454558,2409.9090909090905,265.09
2017-09-30,1435.7799999999997,79.35000000000002,0.03225235164324702,0.001228555441771106,792.5099999999998,212.93999999999994,400.4100000000001,6.65,1222.85,412.3399999999999,969.1,184.65,51.34,1455.28,12163.11,15523.93,1512.0,239.84,886.47,3405.78,6895.4,10301.18,2500.42,5075.93,331.58000000000004,-365.9,41.09,187.47000000000003,51.546628859483285,3.28,2.03,0.14,0.06,0.43,2.045720589943097,4.607478806178146,6.256956218789922,6.395180582975266,5.768563465335038,7.81,7.78,2.8,0.43,0.41,9,2017,3.0225974025974267,2460.285714285714,344.44
