,revenue,net_profit,eps,dps,gross_profit,ebit,ebitda,close_price,expense,operating_profit,cash,account_receivable,inventory,current_asset,property_plant_equipment,total_asset,short_term_loan,account_payable,current_portion_long_term_debt,current_liability,non_current_liability,total_liability,paid_in_capital,total_equity,cash_flow_operation,cash_flow_investment,cash_flow_financing,depreciation,P/E,P/BV,D/E,EPS,ROA%,ROAA%,ROE%,ROAE%,ROCE%,NPM%,NPMA%,CurrentRatio,QuickRatio,month,year,dividend,number_of_shares,return_old
2011-03-31,140.88,12.0,0.8,0.0,20.71,16.74,27.15,25.5,124.14,9.11,14.62,65.1,84.05,181.94,333.04,762.36,25.0,44.79,25.94,117.83,117.85,235.68,150.0,526.68,10.28,-4.22,-5.55,10.41,7.97,7.26,0.45,0.8,6.279999999999999,0.0,9.12,0.0,10.4,9.0,8.52,1.54,0.83,3,2011,0.0,15.0,12.0
2011-06-30,123.07999999999998,-4.97,-0.332275960170697,0.0,3.3000000000000007,-5.039999999999999,5.440000000000005,25.0,128.12,-8.27,12.19,46.68,81.44,148.79,323.5,721.77,30.0,30.51,28.95,106.63,110.08,216.71,150.0,505.06,7.42,7.05,-16.91,10.48,-18.809139839034206,7.42,0.43,0.47,-2.743044096728307,-0.0,-3.930753911806543,-0.0,-5.372972972972972,2.78,2.66,1.4,0.63,6,2011,0.0,14.957446808510639,7.03
2011-09-30,137.37,8.36,0.5595061728395061,0.0,18.599999999999998,12.73,23.949999999999996,22.0,124.63999999999999,21.21,5.99,60.75,83.4,159.33,330.5,739.99,43.85,29.41,33.08,125.24,101.32,226.56,150.0,513.42,1.2100000000000009,-8.98,1.5800000000000018,11.219999999999999,9.830454545454547,6.43,0.44,1.03,4.519506172839505,0.0,6.518518518518518,0.0,8.626172839506172,4.0,3.83,1.27,0.61,9,2011,0.0,14.941747572815535,15.39
2011-12-31,147.7,10.469999999999999,0.6963805104408353,0.0,15.410000000000004,12.11,23.050000000000004,23.0,135.59000000000003,-12.13,17.36,73.2,102.46,200.98,440.88,782.47,25.89,93.12,35.62,157.47,101.11,258.58,150.0,523.89,31.889999999999997,-11.58,-8.940000000000001,10.939999999999998,8.255687679083096,6.59,0.49,1.72,5.344315545243619,0.0,8.000278422273782,0.0,9.474013921113688,4.95,4.71,1.28,0.63,12,2011,0.0,15.034883720930232,25.86
2012-03-31,181.54,11.19,0.75,0.0,12.63,13.86,24.56,21.0,167.67,0.71,26.88,81.83,122.04,239.19,432.83,815.09,49.86,98.75,35.88,187.24,92.77,280.01,150.0,535.09,-2.88,-2.93,15.33,10.7,7.0,5.89,0.52,0.75,5.48,7.04,8.36,8.44,8.84,6.65,6.16,1.28,0.63,3,2012,0.0,14.92,11.19
2012-06-30,232.09,14.320000000000002,0.9542924343394747,0.0,19.689999999999998,21.22,31.91,21.2,210.88000000000002,7.62,16.64,108.31,150.2,284.28,423.46,860.13,78.84,112.58,36.32,234.24,84.43,318.67,150.0,541.46,-27.990000000000002,5.1,12.65,10.690000000000001,5.553591131284916,5.87,0.59,1.7,6.668820070560565,9.969549196393572,10.575805566444531,10.957522540180323,12.57420619364955,6.59,6.17,1.21,0.57,6,2012,0.0,15.005882352941178,25.51
2012-09-30,178.29999999999995,18.499999999999996,1.231651897296069,0.0,26.67,21.78,32.46000000000001,31.0,156.53000000000003,15.889999999999999,5.13,74.9,116.6,205.69,415.8,786.14,57.47,52.85,35.6,150.05,76.14,226.18,150.0,559.96,30.400000000000002,-10.73,-31.19,10.68,6.292240540540542,8.3,0.4,2.93,9.416041808679845,12.526698477618723,13.216087252897069,13.787775505566913,15.032038173142464,7.88,7.44,1.37,0.59,9,2012,0.0,15.020477815699657,44.01
2012-12-31,131.73000000000002,1.9500000000000028,0.12983028720626652,0.0,12.46,4.130000000000003,14.429999999999993,61.5,127.58999999999992,-3.4399999999999977,8.51,48.78,83.03,147.66,424.51,744.81,26.72,33.47,35.48,98.01,67.89,165.9,150.0,578.91,49.39,-6.51,-39.5,10.299999999999997,118.43538461538445,15.94,0.29,3.06,1.047127937336816,1.3560052219321168,1.347519582245433,1.4154046997389054,1.6003916449086184,6.72,6.35,1.51,0.66,12,2012,0.0,15.019607843137255,45.96
2013-03-31,102.17,5.23,0.35,0.0,12.9,7.24,17.14,49.0,94.93,0.45,9.35,52.12,93.15,162.06,416.14,747.92,20.42,39.3,35.36,98.74,94.41,193.14,150.0,554.78,18.69,-2.63,-15.21,9.9,35.0,13.25,0.35,0.35,2.8,3.72,3.76,3.84,4.48,5.48,5.12,1.64,0.7,3,2013,0.0,14.942857142857145,5.23
2013-06-30,150.96999999999997,17.5,1.1702595688517377,0.0,26.630000000000003,21.36,31.519999999999996,43.75,129.60999999999999,8.260000000000002,8.17,63.84,104.41,184.09,412.86,770.17,40.86,46.93,36.02,130.65,83.0,213.64,150.0,556.52,-8.090000000000002,11.79,-4.890000000000001,10.159999999999998,9.345277142857142,11.79,0.38,1.52,9.084909810822701,10.809502859656842,12.564892212934447,12.749670039595248,13.76594808622965,9.74,8.98,1.41,0.61,6,2013,0.0,14.953947368421053,22.73
2013-09-30,151.27000000000004,12.499999999999996,0.8338064149872266,0.0,28.590000000000003,15.57,25.61,33.25,135.71,4.159999999999998,6.12,63.7,112.38,189.8,406.83,779.29,52.06,44.15,36.23,135.02,75.25,210.27,150.0,569.02,0.40000000000000036,-4.5,2.0400000000000027,10.040000000000003,9.970090000000003,8.77,0.37,2.35,6.414987226795343,8.004541583877376,8.785126312801587,8.856088560885608,9.736020437127447,9.44,8.71,1.41,0.57,9,2013,0.0,14.991489361702126,35.23
2013-12-31,105.35999999999996,-23.11,-1.5444801980198022,0.0,1.4599999999999937,-27.700000000000003,-17.749999999999993,33.0,133.05,-25.259999999999998,8.18,37.89,95.44,151.51,405.8,744.55,54.55,40.6,34.71,132.23,66.41,198.63,150.0,545.91,17.16,-8.49,-6.600000000000001,9.949999999999996,-5.341505841627002,9.07,0.36,0.81,-12.43211221122112,-16.85580858085809,-16.932079207920793,-16.474455445544557,-20.51679867986799,2.54,2.38,1.15,0.42,12,2013,0.0,14.96296296296296,12.12
2014-03-31,94.59,-7.34,-0.49,0.0,-0.63,-9.17,0.66,28.5,103.76,-17.0,3.22,45.77,99.71,160.65,399.37,753.11,86.36,36.92,30.69,155.18,59.35,214.54,150.0,538.57,-24.88,-2.77,22.7,9.83,-14.54,7.94,0.4,-0.49,-3.8800000000000003,-4.88,-5.44,-5.36,-6.12,-8.46,-7.76,1.04,0.39,3,2014,0.0,14.979591836734693,-7.34
2014-06-30,131.87,4.42,0.2876027397260274,0.0,18.63,7.67,17.59,36.0,124.2,-0.9200000000000017,2.72,65.93,126.26,209.52,403.48,799.35,112.85,60.94,27.12,202.8,56.1,258.91,150.0,540.44,-16.09,0.75,14.830000000000002,9.92,31.29255656108597,9.99,0.48,-0.19,2.24027397260274,1.1504109589041096,3.2695890410958905,3.2090410958904108,1.5136986301369861,-1.39,-1.29,1.03,0.41,6,2014,0.0,15.368421052631579,-2.92
2014-09-30,129.54999999999998,-12.93,-0.8647192429022083,0.0,12.120000000000001,-15.32,-5.33,28.5,144.87999999999997,-18.17,2.22,53.2,120.21,189.82,395.35,779.3,119.7,55.34,24.15,200.67,51.12,251.79,150.0,527.51,9.759999999999998,-7.530000000000001,-2.740000000000002,9.989999999999998,-8.24065158546017,8.1,0.48,-1.06,-6.62407570977918,-7.048277602523659,-9.789274447949527,-9.430334384858044,-9.49559621451104,-4.71,-4.45,0.95,0.35,9,2014,0.0,14.952830188679243,-15.85
2014-12-31,141.76,-8.62,-0.5741969758888434,0.0,10.8,-8.86,1.0600000000000005,24.6,150.60000000000008,-12.339999999999996,12.7,47.74,93.99,165.45,387.89,747.88,115.0,48.1,21.05,185.29,44.15,229.45,150.0,518.44,25.03,-1.7899999999999991,-12.75,9.919999999999998,-10.70917343387471,7.12,0.44,-1.63,-4.607666530445443,-4.847208827135267,-6.650821413976297,-6.48173273395995,-6.425369840621168,-5.15,-4.92,0.89,0.39,12,2014,0.0,15.012269938650308,-24.47
2015-03-31,67.99,-19.69,-1.31,0.0,-14.6,-23.56,-13.95,27.75,91.55,-28.3,2.18,48.82,104.51,168.46,379.76,748.3,146.51,47.7,16.34,211.04,38.51,249.55,150.0,498.74,-32.76,-3.71,25.96,9.61,-5.295,8.35,0.5,-1.31,-10.52,-12.56,-15.8,-15.199999999999998,-17.56,-31.13,-28.96,0.8,0.3,3,2015,0.0,15.030534351145038,-19.69
2015-06-30,120.41000000000001,-15.169999999999998,-1.0095926563396442,0.0,5.4,-19.37,-9.68,31.0,139.78000000000003,-27.679999999999996,2.48,77.9,103.11,197.27,371.36,761.29,184.49,47.86,11.76,245.4,32.32,277.72,150.0,483.58,-42.99,10.71,32.58,9.690000000000001,-7.675174686882004,9.62,0.57,-2.32,-7.972300631095811,-9.57372346528973,-12.55028112449799,-11.854010327022374,-14.482432587492827,-19.88,-18.5,0.8,0.38,6,2015,0.0,15.025862068965518,-34.86
2015-09-30,155.6,-7.340000000000003,-0.48875355450236985,0.0,22.0,-7.289999999999999,2.4499999999999993,23.4,162.89000000000001,-13.750000000000007,5.53,82.27,102.66,203.45,362.68,761.24,181.37,63.13,7.21,254.92,30.08,285.0,150.0,476.24,13.009999999999998,-1.33,-8.649999999999999,9.739999999999998,-11.97295640326975,7.37,0.6,-2.81,-3.8543696682464472,-4.536189573459717,-6.1642085308056895,-5.851127962085311,-6.901687203791472,-13.0,-12.27,0.8,0.4,9,2015,0.0,15.01779359430605,-42.2
2015-12-31,141.17000000000002,-40.28999999999999,-2.6863256152260875,0.0,8.98,-42.0,-32.69,24.0,183.16999999999996,-22.549999999999997,7.86,71.6,95.86,188.42,336.43,713.9,179.39,68.61,2.91,252.03,25.93,277.95,150.0,435.95,6.8700000000000045,2.369999999999999,-6.899999999999999,9.310000000000002,-2.2316728716803182,8.26,0.64,-5.5,-22.565135167899136,-24.65558491938416,-36.96384046551097,-33.77932355437022,-39.01521638986543,-17.77,-17.0,0.75,0.37,12,2015,0.0,14.998181818181818,-82.49
2016-03-31,158.81,-12.79,-0.85,0.0,16.21,-10.48,-2.91,20.2,169.28,-10.16,2.35,96.22,99.67,213.18,330.86,725.77,190.2,81.91,2.87,276.4,26.22,302.61,150.0,423.16,-13.54,-1.98,10.01,7.57,-5.94,7.16,0.72,-0.85,-7.04,-5.68,-12.08,-11.08,-9.32,-8.14,-8.05,0.77,0.41,3,2016,0.0,15.047058823529412,-12.79
2016-06-30,204.79000000000002,-7.560000000000002,-0.5052383292383295,0.0,20.6,-5.620000000000001,1.84,19.5,210.42,-9.579999999999998,2.88,102.75,128.45,257.24,328.79,756.18,197.24,112.76,2.82,314.34,26.24,340.58,150.0,415.6,-15.02,9.3,6.24,7.459999999999999,-9.650099206349203,7.04,0.82,-1.36,-3.9973267813267825,-3.1503095823095832,-7.281375921375924,-6.731557739557741,-5.4090221130221146,-5.66,-5.6,0.82,0.41,6,2016,0.0,14.963235294117647,-20.35
2016-09-30,200.93999999999994,-14.909999999999997,-0.9937180941576856,0.0,18.32,-12.649999999999999,-5.18,18.9,213.58999999999997,-15.809999999999999,4.77,117.1,147.03,292.4,328.71,791.01,237.7,118.52,3.52,361.28,29.05,390.33,150.0,400.69,-34.58,-6.800000000000001,43.28,7.470000000000001,-4.753360160965795,7.08,0.97,-2.35,-7.543800340328983,-6.2583096993760625,-14.884628474191718,-13.599137833238794,-11.315700510493475,-6.32,-6.25,0.81,0.4,9,2016,0.0,15.004255319148935,-35.26
2016-12-31,175.63,-29.360000000000007,-1.958242030331167,0.0,6.519999999999996,-21.75,-14.309999999999999,21.5,197.38,-23.870000000000005,1.6,97.69,147.03,273.89,576.08,1017.99,235.52,120.68,3.07,360.53,84.06,444.59,150.0,573.4,1.6099999999999994,-1.58,-3.200000000000003,7.440000000000001,-2.7456897138964576,5.62,0.78,-4.31,-11.5404518724853,-10.595406994738472,-20.482030331166822,-23.2626431445373,-13.957585886722379,-8.84,-8.73,0.76,0.35,12,2016,0.0,14.993039443155455,-64.62
2017-03-31,171.14,-9.42,-0.63,0.0,16.24,-7.18,-0.3,20.9,178.32,-9.55,11.68,101.58,135.16,272.94,570.6,1011.43,232.56,121.9,2.61,363.54,82.26,445.81,150.0,565.62,10.1,-1.04,1.02,6.88,-8.2925,5.54,0.79,-0.63,-3.72,-3.32,-6.68,-7.64,-4.44,-5.58,-5.5,0.75,0.38,3,2017,0.0,14.952380952380953,-9.42
2017-06-30,206.67000000000002,-9.78,-0.64690625,0.0,22.710000000000004,-6.75,0.13999999999999999,20.0,213.42000000000002,-8.64,17.44,103.46,149.54,298.88,565.55,1012.58,189.57,127.91,1.91,321.0,83.28,404.28,176.24,608.3,-16.06,18.34,3.48,6.89,-7.730061349693251,5.79,0.66,-1.27,-3.8712499999999994,-3.21925,-6.4385,-7.640624999999999,-4.095374999999999,-5.14,-5.08,0.93,0.47,6,2017,0.0,15.118110236220472,-19.2
2017-09-30,216.04000000000002,1.6600000000000001,0.10410490307867733,0.0,33.459999999999994,4.529999999999999,11.47,20.0,211.51,1.9800000000000004,1.09,106.8,131.21,269.33,559.8,976.67,193.65,85.68,1.68,282.28,84.43,366.71,176.24,609.96,-17.66,-2.2300000000000004,3.5500000000000007,6.940000000000001,48.02367469879517,5.78,0.6,-1.1,0.6814139110604335,0.4012770809578108,1.0902622576966934,1.3136145952109466,0.5110604332953251,-2.99,-2.95,0.95,0.49,9,2017,0.0,15.945454545454544,-17.54
