,revenue,net_profit,eps,dps,gross_profit,ebit,ebitda,close_price,allowance_doubtful_accounts,expense,operating_profit,cash,account_receivable,inventory,current_asset,property_plant_equipment,total_asset,short_term_loan,account_payable,current_portion_long_term_debt,current_liability,non_current_liability,total_liability,paid_in_capital,total_equity,cash_flow_operation,cash_flow_investment,cash_flow_financing,depreciation,P/E,P/BV,D/E,EPS,DPS,DPR%,ROA%,ROAA%,ROE%,ROAE%,ROCE%,NPM%,NPMA%,CurrentRatio,QuickRatio,month,year,dividend,number_of_shares,return_old
2005-12-31,,,,,,,,2.3,2.0,,,10.55,466.71,163.83,644.25,160.63,892.98,272.18,195.53,21.37,504.7,91.09,595.78,200.0,297.2,,,,,,1.55,2.0,0.23,0.0,0.0,,,,,,1.12,1.12,1.28,0.95,12,2005,,158.7826086956522,36.52
2006-03-31,965.12,16.42,0.08,0.14,46.88,27.47,30.27,2.38,1.5,937.66,24.74,3.46,584.94,196.13,788.28,158.76,954.93,215.62,297.47,20.86,554.93,86.39,641.31,200.0,313.62,-24.59,79.88,-62.37,2.8,7.4375,1.52,2.04,0.08,0.14,1.75,6.88,0.0,20.96,0.0,27.48,1.71,1.7,1.42,1.07,3,2006,28.735000000000007,205.25000000000003,16.42
2006-06-30,862.9399999999999,16.14,0.07931203931203931,-0.0012039312039312262,50.07,27.230000000000004,33.41,2.7,2.8,835.7099999999999,27.600000000000005,6.88,537.93,208.63,756.43,157.81,922.11,238.89,258.07,20.4,538.91,81.44,620.36,200.0,301.75,15.459999999999999,-1.8100000000000023,-10.229999999999997,6.180000000000001,8.513209417596034,1.79,2.06,0.16,0.14,0.88,6.999287469287469,0.0,21.3944226044226,0.0,28.29457002457002,1.79,1.78,1.4,1.02,6,2006,-0.24500000000000455,203.5,32.56
2006-09-30,845.96,22.86,0.11549621075424035,0.09605918440996028,59.730000000000004,36.86999999999999,43.13,2.64,3.0,809.0799999999999,34.67999999999999,12.45,542.4,213.32,771.5,155.03,934.36,276.08,246.81,19.84,562.98,66.77,629.75,200.0,304.62,3.740000000000001,-0.04999999999999716,1.8699999999999903,6.26,5.715339020122484,1.73,2.07,0.28,0.24,0.86,9.784178996752074,0.0,30.012515337423313,0.0,40.68766510285096,2.08,2.07,1.37,0.99,9,2006,19.012857142857136,197.92857142857142,55.42
2006-12-31,715.5,11.209999999999994,0.05552003601981088,0.004731459445552162,44.099999999999994,20.570000000000007,26.27000000000001,3.3,3.0,694.9300000000003,18.63000000000001,21.39,482.02,184.68,691.26,152.31,851.42,202.0,231.68,19.29,473.43,62.16,535.59,200.0,315.83,88.35,-0.11999999999999034,-79.29,5.700000000000001,14.859500446030337,2.09,1.7,0.33,0.24,0.73,5.269356145880232,8.65439591775476,14.199669818400116,14.630370703887131,19.967023863124712,1.97,1.97,1.46,1.07,12,2006,0.9553246753246682,201.90909090909088,66.63
2007-03-31,820.06,21.57,0.11,0.15,52.43,33.02,35.84,2.78,0.0,787.04,30.53,0.86,502.26,217.25,724.77,149.69,882.3,227.15,224.2,18.83,497.34,47.56,544.9,200.0,337.4,-30.43,-0.14,10.03,2.82,6.3175,1.65,1.61,0.11,0.15,1.36,9.76,14.36,25.56,26.519999999999996,34.32,2.64,2.63,1.46,1.02,3,2007,29.413636363636364,196.0909090909091,21.57
2007-06-30,856.6000000000001,26.439999999999998,0.13217246406998542,0.0029624510045255597,55.50000000000001,38.54,41.36,2.98,0.0,818.06,35.379999999999995,4.45,549.65,212.18,769.57,149.06,926.42,290.0,212.21,19.0,548.11,44.47,592.58,200.0,333.84,-24.67,0.56,27.699999999999996,2.82,5.6380881240544625,1.79,1.78,0.24,0.15,0.63,11.410889398042073,17.05024786502812,31.677333888773173,33.28543220162466,41.67838367006874,2.88,2.86,1.4,1.02,6,2007,0.5926136363636338,200.04166666666666,48.01
2007-09-30,897.45,28.640000000000008,0.14198564905414224,0.1412410306588389,61.78,41.75,44.7,3.64,0.0,855.71,38.36,1.66,590.1,201.54,796.62,153.28,957.68,334.4,227.72,20.04,609.26,13.94,623.2,200.0,334.48,17.259999999999998,-1.3699999999999999,-18.669999999999998,2.95,6.409802723463685,2.18,1.86,0.38,0.29,0.76,11.956686236138294,17.905137638617095,34.25590606653621,35.855112850619705,48.60392954990217,2.99,2.98,1.31,0.98,9,2007,28.48980263157895,201.71052631578948,76.65
2007-12-31,902.2999999999997,31.83,0.15844579646017698,-0.0011861027014438898,70.01999999999998,45.870000000000005,49.139999999999986,3.72,0.0,856.4200000000001,34.22000000000001,14.8,554.39,212.49,784.18,154.92,945.66,330.0,190.09,19.99,570.35,9.0,579.35,200.0,366.31,26.050000000000004,-3.38,-9.53,3.2699999999999996,5.870461828463713,2.03,1.58,0.54,0.29,0.54,13.462024336283184,20.797477876106193,34.752444690265484,37.33452433628318,49.775453539823,3.14,3.12,1.37,1.0,12,2007,-0.23827485380117253,200.88888888888889,108.48
2008-03-31,998.32,40.69,0.2,0.26,78.19,58.52,61.58,3.96,2.65,939.81,53.75,22.92,589.35,264.48,881.14,154.99,1042.74,355.0,224.92,3.31,628.9,6.84,635.74,200.0,407.0,4.95,-0.36,3.53,3.06,4.95,1.95,1.56,0.2,0.26,1.3,15.600000000000001,24.32,40.0,43.72,56.56000000000001,4.11,4.08,1.4,0.98,3,2008,52.897,203.45,40.69
2008-06-30,1002.58,32.510000000000005,0.16432650273224048,-0.007375546448087413,71.67000000000002,46.43999999999999,49.46000000000001,4.68,2.65,956.1300000000001,45.36,21.99,635.54,319.98,981.32,152.94,1140.87,415.0,289.06,3.17,747.25,6.11,753.36,200.0,387.5,-7.5,-0.42000000000000004,7.0,3.02,7.120732082436173,2.42,1.94,0.37,0.26,0.7,11.405147540983608,18.031502732240437,33.55813661202186,36.063005464480874,47.37932786885247,3.68,3.66,1.31,0.89,6,2008,-1.4591621621621584,197.83783783783784,73.2
2008-09-30,889.0,9.86,0.04985793402359739,0.19990016985441983,67.48999999999998,24.679999999999993,27.689999999999984,4.3,2.65,864.3200000000002,21.409999999999997,27.56,474.35,336.22,842.73,152.31,1002.43,453.0,149.94,3.4,639.0,6.07,645.07,200.0,357.36,9.58,-0.6199999999999999,-3.4099999999999993,3.01,21.5652738336714,2.41,1.81,0.42,0.46,1.1,3.936402600529737,6.282099686973272,11.035222730556221,11.400847580062605,16.937452444016373,2.89,2.87,1.32,0.79,9,2008,39.532638352638365,197.7619047619048,83.06
2008-12-31,538.8800000000001,-6.519999999999996,-0.03237000261301278,0.008356663804795458,24.150000000000006,-2.4199999999999875,0.5500000000000114,2.6,7.3,541.2999999999997,-1.1599999999999966,18.01,283.23,305.69,610.02,154.14,771.52,290.0,102.34,3.88,413.03,7.64,420.67,200.0,350.85,155.60999999999999,-0.09000000000000008,-165.06,2.9700000000000006,-20.07414110429449,1.48,1.2,0.38,0.46,1.21,-3.380109746537755,-5.0497204076299935,-7.434878494904621,-7.27473216618761,-12.092751502482354,2.24,2.23,1.48,0.74,12,2008,1.6832080200501167,201.42105263157896,76.54
2009-03-31,514.39,11.45,0.060000000000000005,0.0,22.38,15.61,18.57,2.28,0.0,498.78,12.93,6.27,306.36,256.53,575.21,151.35,733.12,209.51,129.42,3.91,364.18,6.64,370.83,200.0,362.29,69.79,0.09,-81.62,2.96,9.5,1.26,1.02,0.06,0.0,0.0,6.240000000000001,7.04,12.64,11.92,16.92,2.24,2.23,1.58,0.88,3,2009,0.0,190.83333333333331,11.45
2009-06-30,646.1,26.52,0.13270476692125363,0.12000000000000001,47.120000000000005,31.82,34.64,2.4,0.0,614.28,24.39,13.25,372.96,242.76,632.48,149.38,788.42,230.0,167.71,3.96,417.97,5.63,423.61,200.0,364.82,12.449999999999989,-0.86,-4.609999999999999,2.8200000000000003,4.52074943438914,1.32,1.16,0.19,0.12,0.63,13.46604161179879,13.745420068475113,29.08329734000527,28.18928627864103,35.7604424545694,3.35,3.27,1.51,0.93,6,2009,23.981052631578947,199.8421052631579,37.97
2009-09-30,808.9000000000001,31.0,0.15282006669566478,0.1417810947551567,63.110000000000014,43.35,46.23,3.28,0.0,765.55,43.910000000000004,41.32,451.69,277.71,774.21,147.97,928.74,325.0,0.0,3.91,556.21,4.72,560.93,200.0,367.81,-36.519999999999996,-1.2999999999999998,65.89,2.88,5.367423387096775,1.78,1.53,0.34,0.26,0.76,13.358271712338698,16.90010149340293,33.710308829926056,34.19573727707699,43.8144120632159,3.56,3.5,1.39,0.89,9,2009,28.760712074303406,202.85294117647058,68.97
2009-12-31,716.47,27.33,0.13622429906542055,-0.0028873007146783896,54.95999999999998,36.730000000000004,39.629999999999995,3.78,0.0,679.74,39.67,20.92,385.57,266.31,676.33,145.2,828.09,220.0,174.95,3.8,429.11,3.84,432.95,200.0,395.14,85.82,-0.13000000000000034,-106.1,2.9000000000000004,6.941492864983535,1.91,1.1,0.48,0.26,0.54,13.202404984423676,18.095127725856695,27.66488473520249,29.310928348909655,36.28107165109034,3.64,3.59,1.58,0.96,12,2009,-0.5792647058823519,200.625,96.3
2010-03-31,925.23,36.81,0.18,0.0,71.78,50.18,53.07,4.68,0.0,875.05,53.72,8.52,534.56,333.76,880.26,144.52,1031.34,225.0,325.55,3.63,596.37,3.01,599.38,200.0,431.96,-14.08,-2.21,3.9,2.89,6.5,2.17,1.39,0.18,0.0,0.0,14.28,22.76,34.08,37.08,46.16,4.0,3.98,1.48,0.92,3,2010,0.0,204.50000000000003,36.81
2010-06-30,978.0,25.229999999999997,0.126068665377176,0.26,61.47999999999999,36.35,39.37,5.3,0.0,941.6500000000001,41.94,44.74,591.45,382.81,1026.26,144.64,1177.46,460.0,269.87,3.2,769.84,2.43,772.27,200.0,405.19,-142.53,-3.1399999999999997,181.9,3.02,10.512128418549347,2.62,1.91,0.31,0.26,0.84,8.572669245647967,14.314893617021276,24.90466150870406,26.20601547388781,34.534680851063825,3.27,3.26,1.33,0.84,6,2010,52.03354838709677,200.1290322580645,62.04
2010-09-30,903.1199999999999,36.13,0.18033717021493328,0.24028278792220212,69.12,48.72999999999999,51.81999999999999,5.2,0.0,854.3799999999999,50.72999999999999,13.57,541.63,348.63,906.59,147.9,1061.04,405.0,217.9,3.49,662.05,5.68,667.73,200.0,393.32,73.83000000000001,0.5699999999999994,-105.59000000000002,3.09,7.207194159977856,2.64,1.7,0.49,0.5,1.02,13.617296526433737,20.021106244270147,36.7446185188958,37.98121625751248,49.905551594173374,3.52,3.5,1.37,0.84,9,2010,48.13992100065833,200.3469387755102,98.17
2010-12-31,871.9500000000003,26.11,0.1302558738332797,0.00026109574824460563,67.07,36.95000000000002,40.860000000000014,5.6,0.0,835.0100000000002,46.52000000000001,26.4,508.19,325.08,866.15,145.77,1017.9,350.0,203.16,2.96,593.36,5.12,598.48,200.0,419.42,70.22,-1.17,-56.22,3.91,10.74538873994638,2.67,1.43,0.62,0.5,0.81,10.260801416157065,15.681126488574186,24.899880914065015,25.639398133247507,34.085020920502096,3.39,3.38,1.46,0.91,12,2010,0.05233706385780579,200.45161290322582,124.28
2011-03-31,1053.59,36.03,0.18,0.0,82.56,54.28,57.73,5.6,0.0,999.31,62.41,27.2,688.55,395.08,1120.39,144.12,1270.38,410.0,303.38,2.49,809.72,17.22,826.94,200.0,443.43,-104.19,-1.52,106.52,3.45,7.7775,2.53,1.86,0.18,0.0,0.0,11.36,18.88,32.52,32.92,47.120000000000005,3.43,3.42,1.38,0.9,3,2011,0.0,200.16666666666669,36.03
2011-06-30,921.1600000000001,16.83,0.08278093076049943,0.26,62.44,28.78,32.300000000000004,5.75,0.0,892.3800000000001,42.5,13.88,623.1,410.65,1056.16,141.96,1203.86,340.0,219.46,2.27,778.31,17.29,795.6,200.0,408.26,-16.370000000000005,-1.1,4.140000000000001,3.5199999999999996,17.368734402852052,2.82,1.95,0.26,0.26,1.0,5.590896708286038,8.889398410896709,16.492508513053345,16.556186152099887,24.85975028376844,2.68,2.68,1.36,0.83,6,2011,52.86,203.3076923076923,52.86
2011-09-30,964.48,15.64,0.07762919708029198,0.23762919708029198,58.28,25.64999999999999,29.150000000000006,5.05,0.0,938.8299999999999,35.5,33.87,668.73,374.33,1083.62,139.12,1228.36,360.0,229.14,2.24,835.04,17.42,852.46,200.0,375.9,20.379999999999995,-0.52,0.14000000000000057,3.500000000000001,16.259990409207163,2.69,2.27,0.34,0.5,1.47,5.096128467153285,8.676204379562044,16.640046715328467,16.265600000000003,25.243188321167885,2.34,2.33,1.3,0.85,9,2011,47.87529411764706,201.47058823529412,68.5
2011-12-31,858.6199999999999,11.930000000000007,0.059331095362426985,-0.0009836832905485487,51.69,20.10000000000001,23.569999999999993,4.92,3.09,838.52,27.159999999999997,41.39,566.47,358.54,970.04,136.87,1112.4,330.0,212.78,2.08,706.9,17.66,724.56,200.0,387.83,111.10000000000001,-1.0699999999999998,-102.50999999999999,3.469999999999999,20.731119027661347,2.54,1.87,0.4,0.5,1.25,4.289638194703471,7.173129429317422,12.305269178167356,11.824687305731699,18.849488996643053,2.12,2.12,1.37,0.87,12,2011,-0.19779411764704946,201.07500000000002,80.43
2012-03-31,1092.84,26.11,0.13,0.0,65.4,37.89,41.39,5.0,0.0,1054.95,42.99,18.59,774.88,456.38,1261.09,133.77,1400.22,610.0,327.73,1.92,968.37,17.9,986.28,200.0,413.94,-165.46,-0.28,142.94,3.5,9.615,2.42,2.38,0.13,0.0,0.0,7.44,11.36,25.24,24.36,35.08,2.4,2.39,1.3,0.83,3,2012,0.0,200.84615384615384,26.11
2012-06-30,1038.7300000000002,16.439999999999998,0.08113748531139835,0.16,61.81999999999999,28.200000000000003,31.78,4.72,0.0,1010.53,39.96999999999999,24.86,719.5,465.79,1228.29,135.86,1373.99,655.0,270.81,2.36,954.58,21.03,975.61,200.0,398.38,0.010000000000019327,-4.83,11.090000000000003,3.58,14.545681265206815,2.37,2.45,0.21,0.16,0.76,4.790975323149236,7.928291421856639,16.505682726204466,16.304770857814336,24.35670035252644,2.0,2.0,1.29,0.8,6,2012,32.41904761904762,202.61904761904762,42.55
2012-09-30,834.5299999999997,18.580000000000005,0.0942221495174219,0.16559782820375002,55.69999999999999,28.75,32.480000000000004,4.7,0.0,805.7800000000002,33.75,13.5,585.33,465.06,1072.92,134.06,1217.36,525.0,276.66,2.26,813.2,21.21,834.4,200.0,382.96,155.91,-2.4899999999999993,-164.78,3.7300000000000004,12.469467168998921,2.45,2.18,0.31,0.33,1.06,6.103163749386555,9.434372648454115,19.403683952232953,19.586049402911833,28.53411418288893,2.07,2.06,1.32,0.75,9,2012,32.65482334869432,197.1935483870968,61.13
2012-12-31,746.3600000000001,16.520000000000003,0.08297231165486157,0.0031640736971106902,50.46000000000001,24.319999999999993,27.539999999999992,4.78,0.0,722.04,25.989999999999995,42.46,480.88,452.2,982.94,131.57,1125.42,505.0,184.54,2.24,711.41,14.53,725.94,200.0,399.48,50.53,-0.9199999999999999,-20.65,3.219999999999999,14.406613196125905,2.39,1.82,0.39,0.33,0.85,5.871886670959435,9.063129426915648,16.543402446877014,16.790191886670964,24.491724404378626,2.1,2.09,1.38,0.75,12,2012,0.6299751861042182,199.10256410256412,77.65
2013-03-31,800.61,26.74,0.13,0.0,61.7,37.56,40.7,5.0,0.0,763.05,29.14,22.33,558.89,509.81,1102.49,130.75,1243.2,525.0,244.15,2.1,798.42,14.82,813.23,200.0,429.97,-47.2,7.72,19.35,3.14,9.615,2.33,1.89,0.13,0.0,0.0,8.6,11.36,24.88,25.36,33.76,3.38,3.34,1.38,0.74,3,2013,0.0,205.69230769230768,26.74
2013-06-30,771.62,18.41,0.09378294573643411,0.19,54.459999999999994,27.25,30.450000000000003,4.74,0.0,744.3700000000001,48.879999999999995,23.97,577.32,509.87,1126.63,129.08,1265.09,554.2,273.03,1.96,840.87,13.84,854.71,200.0,410.38,11.850000000000001,-0.7599999999999998,-9.450000000000001,3.1999999999999997,12.636359315589353,2.31,2.08,0.23,0.19,0.83,5.822697674418604,8.008248062015504,17.94108527131783,18.218356589147287,24.921798449612403,2.89,2.87,1.34,0.73,6,2013,37.29782608695652,196.30434782608694,45.15
2013-09-30,818.4200000000001,16.840000000000003,0.0842135828359413,0.18348078582099497,55.120000000000005,25.28,28.459999999999994,4.6,0.0,793.1399999999999,36.08,17.4,615.74,568.23,1215.4,126.54,1351.28,655.0,280.22,1.78,946.06,14.0,960.06,200.0,391.22,-70.72,0.009999999999999787,64.14,3.1799999999999997,13.656941805225651,2.35,2.45,0.31,0.37,1.19,4.98761735763833,7.617254395870303,17.22303597354412,17.39689627359252,24.15571543797387,2.61,2.59,1.28,0.68,9,2013,36.69023842917251,199.96774193548387,61.99
2013-12-31,781.2799999999997,7.969999999999992,0.03987278444825611,-0.00015183791659754135,47.72999999999999,14.5,17.540000000000006,4.48,0.0,766.7800000000002,-22.75999999999999,47.62,567.78,520.29,1146.98,124.07,1281.27,625.0,235.56,1.6,869.98,12.1,882.08,200.0,399.19,61.059999999999995,-0.25,-30.590000000000003,3.040000000000001,28.089335006273554,2.24,2.21,0.35,0.37,1.06,2.4880617495711808,3.9599371069182348,7.988227558604911,7.983670668953681,11.588170383076033,2.21,2.21,1.32,0.72,12,2013,-0.030350230414754265,199.88571428571427,69.96
2014-03-31,945.45,19.22,0.1,0.0,56.94,28.98,31.84,4.42,0.0,916.48,23.26,46.4,655.13,598.66,1314.95,123.41,1447.77,738.29,264.96,1.53,1017.09,12.28,1029.36,200.0,418.41,-112.59,-1.43,112.81,2.86,11.05,2.11,2.46,0.1,0.0,0.0,5.32,8.6,18.36,18.12,26.92,2.05,2.03,1.29,0.7,3,2014,0.0,192.2,19.22
2014-06-30,900.98,14.18,0.07217365269461079,0.14,52.56,22.529999999999998,25.52,4.42,0.0,878.44,17.999999999999996,31.89,671.26,607.05,1328.4,125.15,1462.77,775.0,256.28,2.04,1042.98,15.2,1058.18,200.0,404.59,-22.389999999999986,0.9199999999999999,6.950000000000003,2.9899999999999998,15.310296191819464,2.18,2.62,0.17,0.14,0.82,3.8719041916167662,6.419209580838323,14.027161676646706,13.925269461077844,20.836958083832336,1.82,1.81,1.27,0.69,6,2014,27.505882352941175,196.4705882352941,33.4
2014-09-30,982.22,9.030000000000001,0.04469243459816168,0.15386435790436845,47.99000000000001,16.46,19.459999999999994,4.26,0.0,965.75,14.04,48.68,684.44,586.25,1327.61,122.6,1459.24,735.0,220.33,1.95,1060.26,15.36,1075.62,200.0,383.62,-8.430000000000007,0.18,25.040000000000006,3.0,23.83457087486157,2.22,2.8,0.21,0.29,1.38,2.477237803440962,4.120216827716239,9.415206222012728,9.321564930473722,14.505887343860477,1.51,1.5,1.25,0.7,9,2014,31.08792717086835,202.04761904761907,42.43
2014-12-31,830.0699999999997,5.18,0.026112161310649022,-0.005368920094818049,42.54999999999998,10.829999999999998,13.89,3.94,0.0,819.25,13.180000000000007,36.25,566.94,435.58,1040.37,121.03,1171.04,550.0,179.94,1.79,766.6,15.64,782.24,200.0,388.8,243.56,-1.23,-254.75,3.0600000000000005,37.72954633204633,2.03,2.01,0.24,0.29,1.21,1.7712749422390255,2.798353287124553,5.331232934257509,5.25724847721067,8.477748372190716,1.31,1.3,1.36,0.79,12,2014,-1.0650595238095306,198.375,47.61
2015-03-31,934.24,16.82,0.08,0.0,51.86,24.91,27.82,4.38,0.0,909.32,19.61,20.43,705.46,404.01,1142.32,119.59,1270.98,575.0,260.97,1.63,849.43,15.94,865.37,200.0,405.61,-13.09,-0.63,-2.1,2.91,13.6875,2.16,2.13,0.08,0.0,0.0,5.28,7.32,16.6,16.32,23.64,1.81,1.8,1.34,0.87,3,2015,0.0,210.25,16.82
2015-06-30,930.22,30.6,0.15487136229439055,0.08,70.45,41.5,44.440000000000005,3.84,0.0,888.7299999999999,38.28,32.3,745.8,467.72,1249.45,119.07,1377.2,625.56,300.15,1.47,940.76,16.23,956.99,200.0,420.21,-20.000000000000004,-2.1100000000000003,33.98,2.9399999999999995,6.1986928104575165,1.83,2.28,0.24,0.08,0.33,8.879291438211725,12.079966258962461,29.11581611134542,29.68367777309152,39.28570223534374,2.55,2.54,1.33,0.83,6,2015,15.806666666666668,197.58333333333334,47.42
2015-09-30,858.6199999999999,17.429999999999993,0.08600771010023128,0.15200257003341044,54.44,25.409999999999997,28.319999999999993,3.84,0.0,833.2100000000003,23.299999999999997,30.81,684.32,463.18,1184.96,124.38,1318.24,663.33,216.3,2.26,890.52,20.08,910.6,200.0,407.64,-6.689999999999998,-0.5399999999999996,5.739999999999998,2.91,11.161790017211707,1.88,2.23,0.32,0.23,0.72,5.289474171164223,7.1063870470316095,17.104783346183495,17.620829606784884,23.082319198149566,2.39,2.38,1.33,0.81,9,2015,30.80427083333333,202.65624999999997,64.85
2015-12-31,936.29,14.450000000000003,0.0728877679697352,-0.0051119167717528485,52.49000000000001,21.480000000000004,24.39,4.06,0.0,914.7999999999997,18.210000000000008,42.71,690.96,501.8,1245.82,123.86,1378.4,630.0,285.6,2.28,936.17,20.14,956.3,200.0,422.1,43.83,-2.02,-29.9,2.91,13.925519031141866,1.92,2.27,0.4,0.23,0.58,4.191046658259774,6.479722572509459,13.695611601513242,14.256847414880204,18.67384615384616,2.17,2.17,1.33,0.79,12,2015,-1.013437500000002,198.24999999999997,79.3
2016-03-31,1056.08,26.17,0.13,0.0,66.9,36.78,39.68,4.38,0.0,1019.3,33.43,31.37,834.6,513.85,1387.01,121.61,1516.12,681.04,347.49,2.31,1051.33,16.53,1067.86,200.0,448.27,-57.29,-0.34,46.29,2.9,8.4225,1.95,2.38,0.13,0.0,0.0,6.92,10.56,23.36,24.52,31.64,2.48,2.48,1.32,0.83,3,2016,0.0,201.30769230769232,26.17
2016-06-30,998.4300000000003,26.22,0.13012406947890817,0.2,67.03,36.879999999999995,39.88999999999999,4.88,0.0,961.55,34.910000000000004,28.69,774.41,485.57,1302.45,125.95,1435.72,735.92,231.91,2.22,984.59,16.65,1001.23,200.0,434.48,-9.860000000000007,-7.04,14.230000000000004,3.0100000000000002,9.376051678108315,2.25,2.3,0.26,0.2,0.77,7.306966978430998,10.490001908761213,24.143019660240505,24.5434014124833,32.69117007062416,2.55,2.55,1.32,0.83,6,2016,40.300000000000004,201.5,52.39
2016-09-30,1007.4199999999996,24.429999999999993,0.12084613381931786,0.220650872168706,66.57999999999998,34.33,37.31,4.58,0.0,973.0900000000001,34.47,19.1,700.09,551.87,1290.18,123.63,1421.2,610.0,344.77,2.05,989.63,16.66,1006.29,200.0,414.91,140.5,-0.35000000000000053,-149.74,2.9800000000000004,9.472789602947199,2.21,2.43,0.38,0.42,1.11,6.881869304868522,10.023868784170787,23.545915126269197,23.762166102577446,31.827055454308766,2.51,2.51,1.3,0.75,9,2016,44.60631578947366,202.15789473684208,76.82
2016-12-31,923.2800000000002,15.730000000000004,0.07818260399783904,-0.002008700844493712,57.139999999999986,22.88000000000001,26.02000000000001,5.05,0.0,900.4000000000001,21.39999999999999,42.33,702.09,478.66,1228.39,125.72,1361.09,662.03,238.23,1.88,914.14,15.79,929.94,200.0,431.15,-2.3900000000000006,-4.91,30.519999999999996,3.139999999999999,16.15065162110616,2.34,2.16,0.46,0.42,0.91,4.622971366828742,6.49255537547272,14.596352242031339,14.745918962722858,19.905970826580234,2.33,2.32,1.34,0.82,12,2016,-0.4041418764302023,201.19565217391303,92.55
2017-03-31,1075.69,29.38,0.15,0.0,70.96,40.48,43.66,5.65,0.0,1035.21,36.83,26.16,830.28,627.26,1489.75,122.18,1618.15,786.0,339.85,1.4,1145.05,12.56,1157.61,200.0,460.54,-139.27,0.61,122.5,3.18,9.4175,2.45,2.51,0.15,0.0,0.0,7.28,10.32,25.52,25.88,34.24,2.74,2.73,1.3,0.75,3,2017,0.0,195.86666666666667,29.38
2017-06-30,951.8499999999999,11.400000000000002,0.05590975968612066,0.2,50.75,17.860000000000007,20.980000000000004,6.6,0.0,934.0,17.700000000000003,23.61,721.36,525.83,1279.16,121.54,1407.29,708.31,239.22,1.65,961.85,13.51,975.36,200.0,431.93,115.31,0.7500000000000001,-118.61,3.1199999999999997,29.511842105263153,3.06,2.26,0.2,0.2,1.0,3.242766061794998,4.584600294261894,10.55576262873958,10.522216772927909,14.648357037763613,2.02,2.01,1.33,0.78,6,2017,40.78,203.9,40.78
2017-09-30,866.0300000000002,21.15,0.10586953011464556,0.1758695301146456,57.35000000000001,29.769999999999996,32.78,5.2,0.0,836.25,24.97,21.14,646.64,491.65,1165.08,119.07,1290.11,614.9,232.62,1.67,859.54,13.48,873.02,200.0,417.09,127.56,-0.17000000000000015,-129.87,3.0100000000000007,12.276195035460994,2.49,2.09,0.31,0.38,1.23,6.557080574842564,8.879379945099306,20.28596802841918,20.34061036654287,27.94955595026643,2.15,2.14,1.36,0.78,9,2017,35.1341935483871,199.7741935483871,61.93
