,revenue,net_profit,eps,dps,gross_profit,ebit,ebitda,close_price,expense,operating_profit,cash,account_receivable,inventory,current_asset,property_plant_equipment,total_asset,short_term_loan,account_payable,current_portion_long_term_debt,current_liability,non_current_liability,total_liability,paid_in_capital,total_equity,cash_flow_operation,cash_flow_investment,cash_flow_financing,depreciation,P/E,P/BV,D/E,EPS,DPS,DPR%,ROA%,ROAA%,ROE%,ROAE%,ROCE%,NPM%,NPMA%,TIE,CurrentRatio,QuickRatio,month,year,dividend,number_of_shares,return_old
2009-06-30,,,,,,,,,,,17.29,7.18,1478.33,1567.7,2506.24,4083.33,897.89,702.99,101.27,2018.31,380.52,2398.83,700.0,1684.5,,,,,,0.0,1.42,0.4,0.0,0.0,,,,,,14.11,12.63,8.83,0.78,0.04,6,2009,,702.8499999999999,281.14
2009-09-30,1043.75,45.31,0.06107030173073978,0.0,190.86,84.34999999999997,110.27000000000004,2.62,959.3999999999999,92.18,16.65,8.68,1654.32,1747.35,2527.9,4277.39,528.56,689.01,106.39,1485.76,418.68,1904.44,960.0,2372.95,-99.33000000000001,-141.20999999999998,239.89,25.919999999999995,10.717156808651511,1.06,0.8,0.44,0.0,0.0,4.236058201868587,0.0,7.639339561954357,0.0,9.010645428090061,10.73,9.98,7.73,1.18,0.06,9,2009,0.0,741.9318181818181,326.45
2009-12-31,1193.2599999999998,32.53000000000003,0.04077803777369216,0.0,159.16999999999996,63.24000000000001,91.53999999999996,2.6,1130.02,49.28999999999999,20.48,9.03,1867.73,1994.5,2580.49,4580.69,760.23,831.39,128.4,1800.94,374.28,2175.22,960.0,2405.47,-16.67,-84.74000000000001,105.25,28.299999999999997,15.946083615124488,1.04,0.9,0.45,0.0,0.0,2.8417761435177473,0.0,5.408073987408774,0.0,6.731094768510786,8.52,8.04,7.22,1.11,0.07,12,2009,0.0,797.7333333333333,358.98
2010-03-31,1460.64,76.99,0.08,0.0,205.95,119.53,148.89,3.6,1341.11,107.02,84.91,8.2,2049.53,2256.22,2648.68,4910.13,794.68,996.32,142.15,2051.81,375.87,2427.68,960.0,2482.45,94.73,-60.14,29.85,29.36,11.25,1.39,0.98,0.08,0.0,0.0,6.280000000000001,0.0,12.400000000000002,0.0,16.72,5.33,5.27,6.92,1.1,0.1,3,2010,0.0,962.3749999999999,76.99
2010-06-30,1527.4399999999998,140.12,0.14843904011791256,0.13,305.40000000000003,206.28,237.52000000000004,4.54,1321.16,188.83000000000004,35.03,12.18,2470.16,2651.77,2704.54,5361.32,1085.83,1053.46,156.27,2416.58,446.96,2863.54,960.0,2497.78,-183.87,-98.49999999999999,232.48,31.240000000000002,7.646573294319155,1.74,1.15,0.23,0.13,0.57,10.455271521348624,17.812684814149513,22.43365667173322,26.796473676937957,28.551926673115013,7.36,7.27,9.31,1.1,0.08,6,2010,122.71434782608696,943.9565217391305,217.11
2010-09-30,1436.1800000000003,93.14999999999998,0.09607426029781471,0.0034332775596344115,240.51,149.05,183.41000000000003,8.65,1287.13,102.73999999999995,25.24,9.9,2570.62,2736.08,2813.12,5555.35,1171.7,1033.18,171.78,2449.0,515.4,2964.41,960.0,2590.95,-0.45000000000000284,-154.62,145.27000000000004,34.35999999999999,22.507589371980686,3.21,1.14,0.32,0.13,0.41,6.7011796557725765,11.600966930961127,14.375111197060527,15.01160317153355,18.362192999419836,7.14,7.01,8.23,1.12,0.07,9,2010,3.328777173913039,969.5625,310.26
2010-12-31,1546.2699999999995,51.870000000000005,0.05442962472040428,-0.002262964957335768,186.43999999999994,97.49000000000001,132.9699999999999,10.7,1448.7800000000002,203.07,90.89,9.14,2680.9,2932.89,2925.24,5865.75,1359.31,1067.99,187.01,2732.61,490.33,3222.94,960.0,2642.81,35.190000000000005,-115.62,146.07999999999993,35.480000000000004,49.14970503181029,3.89,1.22,0.38,0.13,0.34,3.535060889735731,6.279459862480326,7.849324828100406,8.221738049871593,10.467676248860906,6.19,6.07,7.34,1.07,0.09,12,2010,-2.156546052631583,952.9736842105262,362.13
2011-03-31,2002.85,107.5,0.11,0.06,307.85,178.54,229.94,7.05,1824.31,205.91,72.72,12.62,2874.64,3122.11,4496.64,7626.84,1468.86,1182.94,195.7,3008.95,599.71,3608.65,960.0,4018.19,148.78,-199.64,32.7,51.4,16.0225,1.68,0.9,0.11,0.06,0.51,5.64,11.4,10.72,13.24,15.480000000000002,5.45,5.37,5.84,1.04,0.08,3,2011,58.63636363636363,977.2727272727273,107.5
2011-06-30,2131.3300000000004,118.46000000000001,0.0838803328022659,0.01848018152850867,317.03,196.29999999999998,250.72000000000003,6.9,1935.04,207.82000000000002,28.77,15.52,2818.58,3015.44,4513.01,7536.78,1239.39,973.99,219.56,2567.76,885.7,3453.46,1440.0,4083.32,37.66,-71.07,-10.560000000000002,54.419999999999995,20.56739574539929,2.43,0.85,0.16,0.06,0.35,6.291024960169941,12.18361833952912,11.596456009913261,14.406447158789167,15.81144273322712,5.57,5.47,5.9,1.17,0.08,6,2011,26.098636363636366,1412.25,225.96
2011-09-30,1971.2799999999997,118.41,0.08252286784563115,0.0009460754421116834,335.44000000000005,197.52000000000004,252.85999999999996,8.0,1773.7500000000005,226.41999999999996,28.53,12.98,3052.77,3244.95,4736.75,7989.5,1430.07,1202.6,240.22,2969.73,818.04,3787.77,1440.0,4201.73,166.38,-272.64000000000004,106.02,55.34,24.233282873068156,2.74,0.9,0.24,0.06,0.23,5.927892673577837,11.621970554926385,11.278125272236256,13.946364665911666,15.679344890669919,5.75,5.64,5.89,1.09,0.06,9,2011,1.3575000000000017,1434.875,344.37
2011-12-31,2285.7599999999993,146.23000000000002,0.10134162250305749,0.0003354056257643704,371.59000000000003,238.49,299.03999999999996,9.4,2047.2599999999993,236.02999999999997,88.45,13.22,3093.59,3383.84,4926.53,8317.88,1363.39,1175.73,278.07,2972.01,923.45,3895.45,1449.93,4422.42,205.32,-248.51,103.12,60.55000000000001,23.19135950215414,3.08,0.88,0.34,0.06,0.16,7.034300856094579,13.62746759070526,13.22210110069303,16.560413371381983,18.08649898083979,5.98,5.85,6.34,1.14,0.1,12,2011,0.4839705882352945,1442.9411764705883,490.6
2012-03-31,2543.89,138.28,0.1,0.02,381.77,224.2,286.51,11.8,2319.69,255.23,54.18,18.53,3605.82,3901.07,5275.22,9183.45,1597.43,1599.55,338.41,3774.15,848.6,4622.75,1449.93,4560.7,166.56,-380.62,179.78,62.31,29.5,3.75,1.01,0.1,0.02,0.22,6.04,10.68,12.12,12.88,16.56,5.52,5.44,5.89,1.03,0.08,3,2012,27.656,1382.8,138.28
2012-06-30,2681.1700000000005,144.28,0.08169875424688562,0.004339750849377124,404.03,236.87,305.32000000000005,10.8,2444.31,235.63000000000002,106.24,19.45,4058.67,4470.34,5541.57,10019.09,1870.53,1577.46,393.46,4010.15,1214.95,5225.1,1759.31,4793.99,-391.55,-287.17999999999995,730.7900000000001,68.44999999999999,33.04823953423898,3.96,1.09,0.16,0.02,0.14,5.759762174405436,10.722961494903737,12.030141562853906,13.010526613816534,15.665736126840317,5.53,5.41,5.81,1.11,0.1,6,2012,7.6640000000000015,1766.0,282.56
2012-09-30,2835.2799999999997,155.63,0.08879139186197768,-0.00015107601725279047,410.94000000000005,259.96999999999997,332.42999999999995,16.5,2575.3100000000004,250.19999999999993,98.67,21.09,4163.12,4573.41,6059.26,10639.62,2314.92,1579.0,435.99,4480.79,1209.22,5690.01,1759.31,4949.62,145.71,-593.1000000000001,439.83000000000004,72.46000000000001,46.457206194178504,5.86,1.15,0.25,0.02,0.09,5.853128551541568,10.995925968187315,12.572861087656038,13.60994454460394,16.63595517926014,5.58,5.44,5.52,1.02,0.09,9,2012,-0.26480000000000103,1752.76,438.19
2012-12-31,3038.4799999999996,170.81,0.09536190476190477,0.0004289523809523798,449.6500000000001,253.05000000000007,332.5899999999999,17.8,2785.419999999999,262.93000000000006,117.74,15.21,4974.85,5511.21,6488.26,12006.35,259.62,2209.16,4.32,2733.64,18.58,2752.22,2151.67,9254.14,59.14,-523.1599999999999,483.0799999999999,79.53999999999999,46.661714770797964,4.14,0.3,0.34,0.02,0.07,5.688057142857143,10.759066666666666,7.382133333333334,9.99617142857143,11.78,5.63,5.49,6.47,2.02,0.2,12,2012,0.7683294117647037,1791.1764705882351,609.0
2013-03-31,3721.92,295.08,0.14,0.02,571.31,376.0,460.86,20.9,3345.92,370.17,110.72,14.59,5248.66,5895.17,7089.06,12999.6,1004.99,2081.04,4.28,3424.83,142.39,3567.22,2151.67,9432.38,-127.03,-623.84,743.85,84.86,37.3225,4.77,0.38,0.14,0.02,0.13,9.08,13.56,12.52,16.88,15.72,8.15,7.93,55.46,1.72,0.19,3,2013,42.154285714285706,2107.7142857142853,295.08
2013-06-30,3750.87,228.54000000000002,0.09165692677896184,0.0030938466827088408,567.49,304.37,396.68999999999994,23.3,3446.5,315.59,146.59,17.59,5981.3,6761.13,7757.43,14534.53,1940.91,1987.45,4.06,4219.92,375.22,4595.14,2613.22,9939.38,-573.4300000000001,-788.08,1397.3899999999999,92.32000000000001,63.550843397217115,6.13,0.46,0.21,0.02,0.09,6.285046407700241,9.671988082960926,9.200609602383407,12.412966655207978,11.522585080783776,7.19,7.01,28.82,1.6,0.18,6,2013,7.7142857142857295,2493.4285714285716,523.62
2013-09-30,3649.3499999999995,196.76,0.07647741469779838,0.000616896637885558,548.3900000000001,267.29999999999995,368.6300000000001,17.8,3382.0499999999993,289.61,115.41,13.21,6078.88,6781.5,8234.27,15032.79,2946.81,1371.92,3.79,4521.56,375.08,4896.65,2613.22,10136.15,-405.6099999999999,-618.8599999999999,993.2900000000004,101.32999999999998,58.185805804025215,4.59,0.48,0.28,0.02,0.07,5.233240234320775,8.062904578139316,7.7679202643049505,10.433704433771066,9.854661151059162,6.64,6.48,21.5,1.5,0.16,9,2013,1.587142857142851,2572.785714285714,720.38
2013-12-31,3614.550000000001,164.64,0.06325009604302728,0.00023214971735908909,548.8600000000001,230.40999999999997,335.97,15.8,3384.1400000000012,227.2800000000001,162.39,13.47,6663.9,7419.88,8607.17,16046.41,3466.48,1658.85,3.0,5370.03,375.59,5745.62,2613.22,10300.78,80.93999999999983,-457.41999999999985,423.4599999999996,105.56,62.44970754373178,4.01,0.56,0.34,0.02,0.05,4.107535648911888,6.250597726605048,6.391980294230639,6.734274931639963,8.207630110054009,6.17,6.01,17.19,1.38,0.14,12,2013,0.6042857142857088,2602.9999999999995,885.02
2014-03-31,4278.0,229.23,0.09,0.02,621.39,316.82,484.2,14.4,3961.18,360.94,212.63,11.99,6680.56,7602.79,12768.54,20395.53,586.82,1656.12,1.98,2590.04,4146.55,6736.59,2613.22,13658.94,488.5,-533.68,95.41,167.38,40.0,2.75,0.49,0.09,0.02,0.21,4.48,7.6,6.72,7.959999999999999,7.12,5.53,5.36,15.24,2.94,0.36,3,2014,50.94,2547.0,229.23
2014-06-30,4011.76,169.65,0.05529106498194946,0.003398014440433215,601.4599999999999,243.82,414.09999999999997,13.2,3767.94,318.89000000000004,137.5,13.53,6737.4,7474.05,12949.64,20480.77,661.82,1612.54,1.13,2564.59,4136.19,6700.78,3048.75,13779.99,173.03999999999996,-274.71000000000004,26.549999999999997,170.28000000000003,59.68505039787799,2.92,0.49,0.13,0.02,0.14,3.3174638989169676,5.44404332129964,4.916651624548737,5.7162454873646205,5.32495487364621,4.95,4.81,23.94,2.91,0.29,6,2014,10.426153846153852,3068.3076923076924,398.88
2014-09-30,3742.7999999999993,130.91999999999996,0.04200906002265005,0.00030908615733077414,577.94,198.26,368.8800000000001,14.0,3544.54,295.2199999999999,196.03,22.9,6994.32,7832.86,13061.67,20974.27,1132.61,1583.35,0.31,2936.81,4126.56,7063.36,3048.75,13910.91,-51.16999999999996,-298.7099999999999,408.41,170.61999999999995,83.31238542621449,3.07,0.51,0.17,0.02,0.11,2.500774631936579,4.171252548131369,3.765988674971686,4.359057757644393,4.161368063420158,4.52,4.4,9.02,2.67,0.29,9,2014,0.9632579185520243,3116.4705882352937,529.8
2014-12-31,4022.4500000000007,171.91000000000008,0.05634706645195311,-0.00042975688800551645,627.8299999999999,251.57000000000005,426.53,10.9,3770.880000000001,331.94000000000005,282.54,18.9,7041.26,7917.9,13159.72,21173.6,1218.58,1482.79,0.0,2973.83,4116.96,7090.78,3048.75,14082.82,326.5,-322.1700000000001,82.17999999999995,174.96000000000004,48.35966043278457,2.36,0.5,0.23,0.02,0.08,3.243631129668953,5.321122971027919,4.880145929230027,5.644506135013042,5.438716848840691,4.49,4.37,11.06,2.66,0.29,12,2014,-1.3111508951406563,3050.913043478261,701.71
2015-03-31,4663.58,216.8,0.07,0.02,675.49,305.15,478.3,9.3,4358.43,365.87,212.16,27.47,7087.97,7903.96,13172.11,21193.41,558.27,1917.95,0.0,2787.1,4105.19,6892.29,3048.75,14301.11,852.89,-197.87,-725.4,173.15,33.215,1.98,0.48,0.07,0.02,0.23,4.08,5.88,6.08,6.2,6.64,4.77,4.65,4.69,2.84,0.29,3,2015,61.942857142857136,3097.142857142857,216.8
2015-06-30,4570.27,263.32,0.07678247104890444,0.0019378488711155563,735.6099999999999,361.83000000000004,540.0999999999999,8.8,4208.4400000000005,16.860000000000014,185.58,46.06,7137.91,7933.52,13157.58,21263.97,637.9,1604.58,3.04,2651.6,4094.85,6746.44,3484.28,14517.53,123.55000000000007,-177.73000000000002,27.590000000000032,178.27,28.653675375968405,2.11,0.46,0.14,0.02,0.11,4.957953844872114,7.020111638756978,7.261427976339248,7.436930767308174,7.853749895859368,5.36,5.2,9.7,2.99,0.3,6,2015,6.645714285714291,3429.428571428571,480.12
2015-09-30,3961.8199999999997,211.37,0.061134651260321915,0.00016209303718884546,752.44,302.15,482.83000000000004,11.7,3659.67,779.3499999999999,768.83,42.02,7188.69,8629.41,13414.0,22591.12,2088.38,1449.93,0.0,3768.13,4092.59,7860.72,3484.28,14730.39,63.22000000000003,-868.5300000000001,1388.56,180.68,47.84520627335951,2.77,0.53,0.2,0.02,0.08,3.7414406571317014,5.440983962168651,5.734430288218196,5.905607311747096,6.296869079813158,5.39,5.24,7.42,2.29,0.38,9,2015,0.5604285714285737,3457.45,691.49
2015-12-31,4215.26,189.10000000000002,0.05368559715645193,0.0003685597156451948,767.3899999999999,274.61,463.28,9.45,3940.6499999999996,405.1400000000001,297.43,96.77,7579.4,8798.77,13677.31,23036.58,1723.63,1956.79,0.0,4037.34,4081.47,8118.81,3484.28,14917.77,505.25,-606.1999999999998,-370.45,188.66999999999996,44.00621628767847,2.21,0.54,0.25,0.02,0.06,3.2812636982023418,4.83599859185319,5.067920371569063,5.2139451958346115,5.626250581996162,5.19,5.06,9.12,2.18,0.3,12,2015,1.2982000000000085,3522.36,880.59
2016-03-31,5327.58,451.76,0.13,0.05,1044.44,597.59,788.88,10.2,4729.99,663.33,453.31,151.96,7647.04,9096.34,14109.57,23774.52,1775.35,2120.44,0.0,4331.6,4073.58,8405.17,3484.28,15369.35,639.68,-469.86,-13.94,191.29,19.615,2.31,0.55,0.13,0.05,0.35,7.6,10.64,11.76,12.2,12.28,8.7,8.48,9.1,2.1,0.33,3,2016,173.75384615384615,3475.076923076923,451.76
2016-06-30,4948.24,416.6,0.11514118568335713,0.0019773791089835197,1021.1399999999999,558.66,749.62,13.6,4389.58,614.39,321.34,81.32,8631.14,9911.69,14444.02,25020.11,2524.17,2284.79,3000.0,8324.63,1068.22,9392.85,3658.49,15627.26,-139.69999999999993,-576.87,584.6,190.96,29.530701632261163,3.18,0.6,0.24,0.05,0.19,6.6589985720208205,9.595098806946428,10.669749873324427,11.053553825602284,13.298806946427748,8.68,8.45,16.25,1.19,0.15,6,2016,7.154487179487205,3618.166666666667,868.36
2016-09-30,4493.4,284.2199999999999,0.07891027087056862,-0.00022702690196487778,931.8899999999999,398.0,607.4000000000001,14.5,4095.41,519.97,145.59,134.26,9014.84,10338.4,15053.19,26050.51,3332.72,2370.06,3000.0,9083.17,1055.98,10139.15,3658.49,15911.36,-237.92000000000002,-668.6399999999999,730.8100000000001,209.39999999999998,45.93571863345297,3.33,0.64,0.32,0.05,0.14,4.3597924655989155,6.302957885786668,7.14137951378646,7.41756546183345,9.035226014680106,8.0,7.8,10.44,1.14,0.15,9,2016,-0.8177083333333712,3601.8124999999995,1152.58
2016-12-31,4704.890000000001,342.3900000000001,0.09390148297290249,0.000609606714516021,1008.2600000000002,473.8599999999999,690.6999999999998,18.1,4231.02,579.71,169.0,116.3,10249.66,11563.87,15733.36,27953.09,4819.21,2261.99,3000.0,10648.7,1050.07,11698.76,3658.49,16254.32,-643.03,-801.1500000000001,1467.5800000000002,216.84000000000003,48.19279586144454,4.07,0.72,0.41,0.05,0.11,4.901199355171008,7.283090630581218,8.428230666836125,8.785514358147658,10.736832979926023,7.87,7.68,12.09,1.09,0.12,12,2016,2.2227896341463804,3646.268292682927,1494.97
2017-03-31,5552.47,484.03,0.13,0.17,1167.35,650.9,818.29,16.6,4901.57,686.21,306.55,90.45,10801.84,12235.19,11103.67,23997.16,7782.43,2847.53,0.0,11083.9,83.61,11167.51,3658.49,12829.65,778.61,-521.08,-119.97,167.39,31.9225,4.73,0.87,0.13,0.17,1.27,8.08,10.92,15.08,13.72,20.16,8.94,8.72,7.82,1.1,0.13,3,2017,632.9623076923077,3723.307692307692,484.03
2017-06-30,5359.72,432.25,0.1132186667830794,0.0042090257932577025,1060.9,577.86,760.45,14.5,4781.85,181.24,443.75,965.91,10531.37,11941.04,11479.22,24089.84,5771.97,2320.68,1719.18,10041.88,1376.71,11418.59,3841.41,12656.05,376.63,-592.2499999999999,353.08000000000004,182.59000000000003,32.019454945054946,4.4,0.9,0.24,0.17,0.69,7.1705155629283635,9.43488889858995,13.66171912515825,12.227616012572577,16.511055572532413,8.68,8.4,10.78,1.19,0.14,6,2017,16.069358974359034,3817.8333333333335,916.28
2017-09-30,5079.209999999999,343.3600000000001,0.08995331999618943,-3.3065002699183605e-05,1095.5500000000002,447.94000000000005,637.8799999999999,16.1,4631.280000000001,951.6699999999998,446.28,86.11,11313.64,12954.87,12182.17,26040.44,7079.16,2724.87,1716.67,12056.38,952.05,13008.43,3841.41,12999.1,-33.5,-795.1300000000001,831.6899999999999,189.93999999999994,44.74737564072692,4.76,1.0,0.33,0.17,0.5,5.277261439776446,7.02181067606618,10.565426312279701,9.49688990505224,13.073215839446195,8.09,7.88,10.46,1.07,0.14,9,2017,-0.1262121212121201,3817.090909090909,1259.64
