,revenue,net_profit,eps,dps,gross_profit,ebit,ebitda,close_price,allowance_doubtful_accounts,expense,operating_profit,cash,account_receivable,inventory,current_asset,property_plant_equipment,total_asset,short_term_loan,account_payable,current_portion_long_term_debt,current_liability,non_current_liability,total_liability,paid_in_capital,total_equity,cash_flow_operation,cash_flow_investment,cash_flow_financing,depreciation,P/E,P/BV,D/E,EPS,DPS,DPR%,ROA%,ROAA%,ROE%,ROAE%,ROCE%,NPM%,NPMA%,TIE,CurrentRatio,QuickRatio,month,year,dividend,number_of_shares,return_old
2000-03-31,25.51,-57.7,-0.17,0.0,3.43,-36.31,-19.75,8.6,0.0,61.82,-42.75,294.79,41.74,0.0,1595.22,1474.9,6302.52,325.31,32.66,417.0,1158.63,1489.08,2647.71,3450.46,3229.87,-312.51,-8.58,-53.67,16.56,-12.647499999999999,9.19,0.82,-0.17,0.0,0.0,-3.68,0.0,-7.16,0.0,-2.84,-302.57,-226.19,0.0,1.38,1.38,3,2000,0.0,339.4117647058823,-57.7
2000-06-30,20.84,-61.269999999999996,-0.17510128603849712,0.0,-0.8500000000000001,-40.17999999999999,-24.340000000000003,5.3,0.0,61.029999999999994,-46.040000000000006,921.97,50.68,0.0,1035.54,3378.33,6526.33,318.43,38.57,417.0,1191.36,1423.87,2615.23,3450.46,3168.61,-37.400000000000034,252.76000000000002,-68.12,15.84,-7.567905581850824,5.77,0.83,-0.34,0.0,0.0,-3.749227536353702,0.0,-7.725056736992518,0.0,-2.9458216357064804,-349.3,-256.68,0.0,0.87,0.87,6,2000,0.0,349.9117647058823,-118.97
2000-09-30,22.4,-85.77000000000001,-0.24716371983979682,0.0,10.58,-76.69000000000001,-44.83,4.1,0.0,99.08000000000001,-74.52999999999999,775.12,51.91,0.0,895.06,240.47,6443.74,319.35,34.22,417.0,1235.55,1359.21,2594.76,3450.46,3082.84,-56.42999999999995,-30.159999999999997,-60.2,31.860000000000007,-4.147554506237612,4.59,0.84,-0.59,0.0,0.0,-5.328682231122399,0.0,-11.126556608381362,0.0,-4.926517534433916,-349.33,-297.8,0.0,0.72,0.72,9,2000,0.0,347.0169491525424,-204.74
2000-12-31,34.92,30.890000000000015,0.08884095484613176,0.0,33.03,18.840000000000003,-0.730000000000004,4.0,0.0,16.069999999999993,10.879999999999995,391.72,63.8,0.0,530.34,223.09,5940.45,277.62,56.84,506.0,1269.33,1141.8,2411.13,3450.46,3113.72,-142.69,-97.93,-173.24,-19.570000000000007,11.25606992554224,4.43,0.77,-0.5,0.0,0.0,2.0824319815933285,-0.0,3.965860224331322,-0.0,2.046895599654876,-203.17,-167.7,0.0,0.42,0.42,12,2000,0.0,347.7,-173.85
2001-03-31,39.17,-44.62,-0.13,0.0,15.38,-34.66,-25.37,4.2,0.0,73.83,-44.88,94.35,71.41,0.0,364.24,1427.04,5840.76,56.52,40.85,563.92,1114.38,1243.16,2357.54,3450.46,3069.1,-116.61,-121.28,-57.68,9.29,-8.0775,4.72,0.77,-0.13,0.0,0.0,-3.04,-2.28,-5.800000000000001,-5.68,-2.92,-154.13,-113.91,0.0,0.33,0.33,3,2001,0.0,343.2307692307692,-44.62
2001-06-30,171.06,10.509999999999998,0.030812078569334503,0.0,62.46999999999999,17.599999999999998,33.04,5.0,0.0,153.45999999999998,6.340000000000003,1188.76,111.94,0.0,1671.96,1409.98,7179.46,53.08,81.48,505.6,1227.98,1229.65,2457.64,4680.7,4309.86,38.349999999999994,-109.80000000000001,1165.8600000000001,15.440000000000001,40.56850618458611,5.43,0.57,-0.1,0.0,0.0,0.5915919085312223,0.308120785693345,0.9736616827909703,1.1215596599237758,0.3574201114042802,-18.07,-16.23,0.0,1.36,1.36,6,2001,0.0,341.09999999999997,-34.11
2001-09-30,675.4499999999999,124.21,0.30328745837957827,0.0,236.19000000000003,133.10999999999999,142.98000000000002,7.1,0.0,542.34,120.16999999999999,763.74,562.59,311.36,2189.46,1398.12,7324.36,96.71,107.05,367.29,1199.92,1366.8,2566.73,5806.34,4349.28,-187.57999999999998,-89.64000000000001,-117.12000000000012,9.870000000000001,5.852038885757991,9.48,0.59,0.22,0.0,0.0,6.782610432852387,9.319196448390677,11.414637069922309,13.344648168701442,10.422059933407324,10.58,10.17,0.0,1.82,1.57,9,2001,0.0,409.5454545454545,90.1
2001-12-31,449.9,162.75,0.35401423769033025,0.0,223.91000000000003,174.39999999999998,183.72,11.2,0.0,275.5000000000001,156.11,177.63,749.38,355.25,1739.22,1377.6,7971.92,154.04,169.4,431.72,1516.82,1475.78,2992.59,5806.34,4512.03,-890.1200000000001,-94.63999999999999,330.35000000000014,9.32,7.907874039938556,14.41,0.66,0.55,0.0,0.0,8.161637334387978,10.76203282578604,14.41803440775163,17.06992287917738,11.58592050622899,19.71,18.93,0.0,1.15,0.91,12,2001,0.0,459.7272727272727,252.85
2002-03-31,471.13,95.18,0.16,0.0,192.11,123.95,130.96,12.2,0.0,347.18,112.77,101.04,611.54,424.52,1570.56,171.79,7709.44,120.46,164.96,184.26,1130.54,1549.19,2679.73,5806.34,4574.61,92.54,78.67,-210.17,7.01,19.0625,15.48,0.59,0.16,0.0,0.0,4.92,7.32,8.32,9.96,7.519999999999999,20.71,20.2,0.0,1.39,1.01,3,2002,0.0,594.875,95.18
2002-06-30,255.76,21.69999999999999,0.03713210130047911,0.0,90.40999999999997,41.83999999999999,53.41999999999999,14.1,0.0,213.92000000000002,28.950000000000003,530.66,490.04,0.0,1776.5,171.57,8109.12,423.55,241.19,146.49,1483.56,1579.93,3063.49,5806.34,4596.31,-244.32999999999998,12.549999999999997,367.89,11.58,94.93133640552999,17.81,0.67,0.2,0.0,0.0,1.0694045174537983,1.611533196440793,1.8863107460643387,1.945722108145105,1.8566050650239554,16.64,16.08,0.0,1.2,1.2,6,2002,0.0,584.4,116.88
2002-09-30,205.51999999999998,66.53999999999999,0.11608766764802092,0.0,61.68000000000001,-38.64999999999999,-21.25999999999999,8.65,0.0,244.16999999999996,-52.5,559.5,353.21,780.81,1776.8,3979.32,8320.28,712.28,229.55,207.78,1755.95,1526.22,3282.17,5806.34,4662.85,-167.12000000000003,-69.19,266.91999999999996,17.389999999999997,18.627301623083863,10.77,0.7,0.32,0.0,0.0,3.192410860320576,2.365286228328426,5.702806673209029,5.905960091593065,2.8151259404645073,20.52,19.67,0.0,1.01,0.57,9,2002,0.0,573.1875,183.42
2002-12-31,641.3000000000001,69.15,0.11772775864116879,0.0,160.52000000000004,92.36999999999999,100.67000000000002,9.15,0.0,548.9300000000001,23.849999999999994,894.44,433.72,558.21,2096.46,1387.22,9067.37,491.52,182.28,174.67,1325.14,2451.25,3776.39,6297.82,5168.87,-162.59999999999997,-153.27,659.59,8.300000000000004,19.431271149674618,11.15,0.73,0.43,0.0,0.0,3.055446014966148,2.825466207388051,5.35524409074712,5.716640931226987,3.110203112008552,17.22,16.05,0.0,1.58,1.16,12,2002,0.0,587.3720930232558,252.57
2003-03-31,360.52,95.54,0.15,0.0,87.84,119.03,130.0,7.85,0.0,241.49,-17.16,230.94,385.84,630.36,1672.6,142.88,9797.76,984.56,174.07,184.04,1915.45,2501.31,4416.76,6297.82,5264.4,-989.89,49.45,559.9,10.97,13.082500000000001,9.39,0.84,0.15,0.0,0.0,3.9199999999999995,5.44,7.240000000000001,7.76,6.04,43.86,26.5,0.0,0.87,0.54,3,2003,0.0,636.9333333333334,95.54
2003-06-30,550.94,112.08,0.17814468740969078,0.0,175.73999999999998,129.82,141.76,13.2,0.0,421.12,53.480000000000004,384.91,574.17,642.14,2373.39,156.62,10994.74,1465.2,236.01,282.42,2809.17,2699.48,5508.64,6297.82,5376.48,-694.5600000000001,-157.18,1005.6999999999999,11.94,18.524268379728763,15.46,1.02,0.33,0.0,0.0,4.081132838840189,5.635850110779308,8.335012041229168,8.982810904537136,6.564361814854061,30.24,22.78,0.0,0.84,0.62,6,2003,0.0,629.1515151515151,207.62
2003-09-30,655.24,134.33999999999997,0.2121406012399111,0.0,229.95,167.47,197.91000000000003,13.6,0.0,487.7700000000001,70.96000000000001,303.63,652.45,724.04,2477.95,134.93,12239.78,1766.68,207.96,376.83,3195.9,3431.58,6627.48,6298.82,5511.82,-367.2299999999998,-851.51,1137.46,30.44,16.03017046300432,15.54,1.2,0.54,0.0,0.0,4.384239092291495,6.364218037197332,9.742753538425546,10.559887706164464,7.22849456076734,27.59,21.83,0.0,0.78,0.55,9,2003,0.0,633.2592592592591,341.96
2003-12-31,848.49,111.57,0.17712257182545807,0.0,329.97,200.71999999999997,218.73999999999995,11.8,0.0,647.77,157.36999999999998,1086.33,592.67,862.26,2858.24,133.81,13149.23,1668.96,270.88,485.18,3768.9,3668.56,7437.47,6298.82,5623.4,-322.27,168.44000000000005,430.90999999999985,18.020000000000003,16.656262212064174,13.22,1.32,0.72,0.0,0.0,3.39484929332128,5.461279297951624,7.9409953035080365,8.265720018521376,6.474814014508412,22.01,18.78,0.0,0.76,0.53,12,2003,0.0,629.9027777777777,453.53
2004-03-31,645.36,34.14,0.05,0.0,273.27,111.04,145.92,10.5,0.0,534.32,100.78,411.53,887.77,1375.45,3686.93,126.32,13702.2,1528.96,236.52,621.94,3910.74,4044.2,7954.94,6298.82,5659.54,-317.17,-227.93,375.94,34.88,52.5,11.69,1.41,0.05,0.0,0.0,1.0,3.8,2.4,2.52,4.52,5.38,5.29,0.0,0.94,0.59,3,2004,0.0,682.8,34.14
2004-06-30,1279.8600000000001,112.83,0.17657276995305163,0.0,452.07000000000005,249.48999999999995,284.83000000000004,8.2,0.0,1030.3600000000001,238.67999999999998,563.3,1429.28,1331.79,4384.8,146.06,14103.81,1290.04,238.56,621.94,3750.64,4454.9,8205.54,6300.82,5772.37,-29.359999999999957,-22.70999999999998,203.82999999999998,35.339999999999996,11.609236240361605,8.95,1.42,0.23,0.0,0.0,3.193664013063891,8.813284343743621,7.830618493570115,8.106993263931415,10.686491120636864,7.72,7.63,0.0,1.17,0.81,6,2004,0.0,639.0,146.97
2004-09-30,1230.34,175.41,0.27749581239530985,0.0,438.2299999999999,321.24,367.64,9.15,0.0,909.1099999999999,251.56,358.59,1357.05,1734.32,4460.03,143.18,13800.64,770.0,167.73,621.94,3096.63,4638.16,7734.79,6300.82,5947.78,-223.89,230.31,-211.13,46.400000000000006,8.242827090815805,9.69,1.3,0.51,0.0,0.0,5.092864321608039,11.404533780011167,11.796292573981015,12.253344500279175,13.86390843104411,10.52,10.22,0.0,1.44,0.88,9,2004,0.0,632.1176470588235,322.38
2004-12-31,979.4900000000002,30.660000000000025,0.048633582596872914,0.0,403.8100000000002,149.51999999999998,195.82000000000005,8.5,0.0,829.9700000000003,120.85000000000002,495.97,1447.79,2078.82,4999.32,141.1,14006.15,859.36,246.01,1507.51,4222.28,3713.4,7935.67,6300.82,5978.44,46.39999999999998,34.05,56.93000000000001,46.29999999999998,43.69819960861054,8.96,1.33,0.56,0.0,0.0,0.8754044867437124,2.1259823249490157,2.0530319510537067,2.115560842963972,2.9527532290958556,8.79,8.54,0.0,1.18,0.69,12,2004,0.0,630.4285714285714,353.04
2005-03-31,577.65,-2.4,0.0,,226.8,74.54,120.18,8.35,0.0,503.11,62.98,779.25,1255.95,2144.08,5211.06,137.82,14171.21,1050.79,221.98,1691.71,4990.08,3124.72,8114.8,6300.82,5976.04,485.52,-42.21,-160.03,45.64,0.0,8.8,1.36,0.0,0.0,0.0,-0.08,2.12,-0.16,-0.16,3.24,-0.42,-0.42,0.0,1.04,0.61,3,2005,,-inf,-2.4
2005-06-30,452.2700000000001,-45.24,-0.07596977329974812,,165.46999999999997,6.259999999999991,48.44,7.8,0.0,446.01,-9.989999999999995,917.48,988.69,2842.58,5879.08,137.77,14239.6,959.46,172.64,2091.02,5454.65,2794.2,8248.86,6300.82,5930.8,256.87,-96.53999999999999,-22.099999999999994,42.17999999999999,-25.668103448275858,8.29,1.39,-0.08,0.0,0.0,-1.253501259445844,2.165138539042821,-3.0387909319899244,-3.076775818639799,3.4946095717884136,-4.76,-4.63,0.0,1.08,0.56,6,2005,,595.5,-47.64
2005-09-30,793.4299999999998,-12.649999999999999,-0.020981920716536737,0.0,316.6700000000001,53.63000000000001,100.25,7.35,0.0,739.8000000000001,81.88999999999999,1049.58,866.03,2708.82,5716.36,135.74,14060.61,690.02,183.67,2431.59,5204.45,2822.13,8026.58,6300.82,5918.15,286.2800000000001,126.07,-280.24,46.620000000000005,-87.57539525691699,7.83,1.36,-0.1,0.0,0.0,-0.36088903632443187,0.8057057555150106,-0.8560623652346989,-0.8560623652346989,1.2757007795654336,-3.4,-3.31,0.0,1.1,0.58,9,2005,0.0,602.9,-60.29
2005-12-31,899.25,-242.22,-0.38433638557403066,0.0,370.64999999999986,-142.19,-143.76,6.95,0.0,1041.44,102.63,426.32,994.72,2682.41,5187.06,135.01,13507.06,273.65,234.77,2097.0,4670.41,3064.8,7735.22,6300.82,5675.93,159.01999999999998,-94.05000000000001,-688.2299999999999,-1.5699999999999932,-4.521039550821567,7.72,1.36,-0.48,0.0,0.0,-7.174279197381906,-0.1921681927870153,-17.070941125913194,-16.622548676076825,-0.288252289180523,-11.44,-11.11,0.0,1.11,0.54,12,2005,0.0,630.2291666666666,-302.51
2006-03-31,995.77,105.39,0.17,0.0,411.05,196.7,263.9,9.6,0.0,799.07,184.89,454.01,831.74,2793.14,5178.46,171.52,12995.19,56.84,188.81,2466.37,4424.0,2705.34,7129.35,6300.82,5781.32,176.6,56.36,-205.28,67.2,14.1175,10.46,1.23,0.17,0.0,0.0,3.24,5.8,7.280000000000001,7.16,9.16,10.71,10.58,0.0,1.17,0.54,3,2006,0.0,619.9411764705882,105.39
2006-06-30,809.56,60.36999999999999,0.09469232625482625,0.0,321.96999999999997,176.06,228.3,5.55,0.0,633.4999999999999,157.83000000000004,250.64,689.55,2643.7,4588.76,171.29,12321.04,17.45,171.72,2036.62,3626.5,2797.23,6423.72,6300.82,5841.69,76.87,123.89999999999999,-404.14,52.239999999999995,14.655358621832038,5.99,1.1,0.26,0.0,0.0,1.966686776061776,4.093622104247104,4.137326254826254,4.108190154440154,6.249693532818532,9.34,9.18,0.0,1.27,0.54,6,2006,0.0,637.5384615384614,165.76
2006-09-30,965.5999999999999,50.0,0.07879124953652207,0.0,244.24,142.43000000000006,155.85999999999996,7.05,0.0,823.1699999999998,148.88,232.91,832.02,3107.19,5119.59,121.34,12189.94,27.52,293.71,2315.11,3756.8,2495.55,6252.35,6300.82,5891.7,-21.28,24.52000000000001,-20.960000000000036,13.430000000000007,22.374311999999996,7.54,1.06,0.34,0.0,0.0,1.6407119021134595,3.64293659621802,3.39265850945495,3.383388950685948,5.663700407860587,7.9,7.79,0.0,1.36,0.54,9,2006,0.0,634.5882352941176,215.76
2006-12-31,905.3500000000004,55.370000000000005,0.08781433260797404,0.0,315.6200000000001,169.3499999999999,216.79000000000008,6.9,0.0,736.0,174.5,251.88,1068.59,3223.4,5401.33,114.96,12584.51,149.74,372.59,2257.19,4060.23,2598.85,6659.07,6300.82,5947.06,-69.13,131.99999999999997,-43.639999999999986,47.44,19.647988531695866,7.31,1.12,0.43,0.0,0.0,1.7562866521594807,4.288606941319662,3.7249614576033636,3.814817983992919,6.559526426437502,7.46,7.38,0.0,1.33,0.54,12,2006,0.0,630.5348837209302,271.13
2007-03-31,896.72,68.56,0.11,0.0,311.63,190.1,235.62,8.25,0.0,706.61,176.36,178.18,1369.76,3250.49,5448.04,111.19,12518.84,78.82,386.37,2248.42,4035.66,2503.34,6539.0,6300.82,6015.62,11.59,203.1,-288.4,45.52,18.75,8.64,1.09,0.11,0.0,0.0,2.2,5.96,4.56,4.64,8.96,7.77,7.65,0.0,1.35,0.54,3,2007,0.0,623.2727272727273,68.56
2007-06-30,1436.4599999999998,810.6099999999999,1.2908243001922266,0.0,1008.68,901.9699999999999,937.57,9.5,0.0,534.4999999999999,864.5400000000001,271.27,1472.93,3230.1,5636.3,113.58,12471.88,76.65,345.55,1513.05,3170.86,2516.33,5687.19,6300.82,6826.24,-106.92,1147.26,-947.2300000000001,35.6,1.8410716312406707,8.77,0.83,1.4,0.0,0.0,26.000889475300564,32.4918916705529,47.50233424707395,51.19040367619459,43.297935097876405,38.53,37.68,0.0,1.78,0.76,6,2007,0.0,627.9785714285714,879.17
2007-09-30,729.8900000000003,59.54000000000008,0.09450692972270469,0.0,-572.4,158.02999999999997,188.41999999999985,8.1,0.0,571.8600000000001,-704.5800000000002,637.84,1626.48,3207.18,6083.56,111.7,13064.83,34.12,354.11,1809.02,3297.55,2930.69,6228.24,6300.82,6885.77,-18.840000000000003,823.3399999999999,-437.9399999999998,30.39,21.441813906617373,7.41,0.9,1.49,0.0,0.0,1.8241740260570383,2.5117277966571177,3.4580656432764156,3.7269981144336426,3.2474864441627385,43.69,30.65,0.0,1.84,0.87,9,2007,0.0,630.006711409396,938.71
2007-12-31,695.5699999999997,-114.57000000000005,-0.18211311184992848,0.0,204.64999999999998,-50.76999999999998,-5.319999999999936,7.6,0.0,746.3399999999999,-42.39999999999998,276.47,1865.04,3104.1,5736.96,109.07,12798.05,4.83,339.65,1773.58,2966.62,3117.94,6084.56,6300.82,6771.78,-86.19000000000001,42.64000000000033,-317.8100000000002,45.45,-10.430330802129697,7.07,0.9,1.31,0.0,0.0,-3.581094474239815,-5.254866891547555,-6.7673788434003965,-7.2066745941223616,-6.7840609605164195,29.22,21.93,0.0,1.93,0.89,12,2007,0.0,629.1145038167939,824.14
2008-03-31,515.43,15.34,0.02,0.0,167.08,77.98,106.23,7.75,0.0,437.46,59.6,127.55,1933.25,3027.26,5533.33,109.09,12617.96,0.0,180.85,1787.36,2785.37,3109.15,5894.52,6300.82,6787.12,-72.18,-28.42,-48.33,28.25,96.875,7.19,0.87,0.02,0.0,0.0,0.48000000000000004,2.48,0.92,0.9600000000000001,3.16,3.11,2.98,0.0,1.99,0.9,3,2008,0.0,767.0,15.34
2008-06-30,612.7400000000001,16.11,0.0256120826709062,0.05,174.86999999999998,77.80999999999999,111.08,6.8,0.0,534.9200000000001,42.809999999999995,111.42,2037.05,2942.74,5497.88,108.49,12649.41,85.0,136.71,1869.09,2887.24,3060.66,5947.91,6300.82,6772.44,20.440000000000005,-94.66,58.099999999999994,33.27,66.37492240844196,6.33,0.88,0.05,0.05,1.0,0.512241653418124,2.5407186009538947,0.9425246422893482,0.9425246422893482,3.2783465818759936,2.95,2.79,0.0,1.9,0.88,6,2008,31.450000000000003,629.0,31.45
2008-09-30,316.77,-22.72,-0.026025200458190147,0.013974799541809853,90.87,27.29000000000002,58.379999999999995,4.5,0.0,289.4899999999999,9.420000000000002,100.53,1375.38,3004.64,4879.73,227.31,12344.04,69.1,186.31,1588.61,2543.35,3129.95,5673.3,6300.82,6749.72,575.41,-316.24,-270.06,31.089999999999996,-43.22733274647887,4.2,0.84,0.01,0.05,5.0,-0.7287056128293242,-14.990515463917525,-1.3533104238258875,-1.3533104238258875,-19.466849942726228,0.64,0.6,0.0,1.92,0.74,9,2008,12.200000000000003,873.0,8.73
2008-12-31,360.5999999999999,-470.61,-0.7437977396726423,-0.01898869836321123,-78.44999999999999,-447.70000000000005,-417.48,2.16,0.0,808.29,-315.24,79.24,842.25,2835.72,4143.11,223.49,11710.0,57.02,127.56,1121.1,2230.37,3286.78,5517.15,6300.82,6279.11,460.19000000000005,-80.79000000000002,-400.69,30.22,-0.7262727098871677,2.17,0.88,-0.73,0.05,-0.07,-16.05787996882307,-8.803304754481685,-29.996445830085737,-28.855276695245518,-11.370935307872175,-27.14,-25.58,0.0,1.86,0.59,12,2008,-12.01438356164384,632.7123287671233,-461.88
2009-03-31,340.24,-28.61,-0.05,0.0,85.12,10.08,40.73,1.44,0.0,330.15,6.88,186.95,653.93,2771.54,4068.52,220.94,11654.11,26.98,99.48,820.39,1878.17,3619.54,5497.72,6300.82,6250.49,244.85,-109.51,-27.63,30.65,-7.2,1.45,0.88,-0.05,0.0,0.0,-1.0,0.32,-1.84,-1.76,0.4,-8.88,-8.41,0.0,2.17,0.69,3,2009,0.0,572.1999999999999,-28.61
2009-06-30,497.22,-32.04,-0.05282769991755977,0.0,61.609999999999985,-3.0,27.479999999999997,2.24,0.0,500.22,-173.43,91.83,544.51,2107.37,3119.51,217.84,11221.07,11.31,70.65,758.35,1598.22,3508.1,5106.32,6300.82,6218.46,131.85999999999999,-21.86,-205.13,30.480000000000004,-10.600499375780274,2.27,0.82,-0.1,0.0,0.0,-1.141078318219291,0.12678647980214344,-2.070845836768343,-1.9651904369332236,0.14791755976916737,-9.44,-7.24,0.09,1.95,0.63,6,2009,0.0,606.5,-60.65
2009-09-30,303.15999999999985,-83.53999999999999,-0.1332561203966988,0.0,40.91,-48.769999999999996,-17.459999999999994,3.5,0.0,351.93999999999994,-81.22,141.64,437.32,2041.28,3168.92,214.95,11046.3,0.66,74.88,905.85,1754.14,3268.7,5022.83,6300.82,6134.92,262.27000000000004,-75.66,-136.79000000000002,31.309999999999995,-6.567428178118268,3.59,0.82,-0.23,0.0,0.0,-3.0359220472987034,-0.8342991885706358,-5.446119703169429,-5.19119495110618,-1.042873985713295,-15.98,-12.64,-0.38,1.81,0.64,9,2009,0.0,626.9130434782609,-144.19
2009-12-31,660.99,-165.60000000000002,-0.2619322767035734,0.0,-8.719999999999999,-137.66,-110.36,3.32,0.0,798.6600000000001,-146.55999999999997,169.54,259.31,1925.41,2535.03,212.15,10588.21,0.07,95.3,739.48,1632.2,3106.86,4739.06,6300.82,5969.31,487.68000000000006,-104.57000000000002,-355.21999999999997,27.299999999999997,-3.1708577898550723,3.5,0.79,-0.49,0.0,0.0,-6.264992414216083,-3.442538493818393,-11.09737564156364,-10.819406694857808,-4.276445333935892,-20.09,-17.2,-1.26,1.55,0.37,12,2009,0.0,632.2244897959184,-309.79
2010-03-31,728.82,9.74,0.02,0.0,140.71,46.9,76.79,3.4,0.0,681.92,-14.05,351.58,123.81,1783.92,2775.05,209.96,10368.21,0.06,115.43,516.98,1463.09,3050.84,4513.93,6300.82,5979.05,599.41,-104.6,-312.77,29.89,42.5,3.58,0.75,0.02,0.0,0.0,0.36,1.7199999999999998,0.64,0.64,2.12,1.48,1.34,1.57,1.9,0.68,3,2010,0.0,487.0,9.74
2010-06-30,668.2699999999999,-98.89,-0.15529556926528323,0.0,107.69,-29.38,-10.490000000000009,3.56,0.0,697.65,-32.5,522.39,117.2,1708.47,2616.7,207.05,10535.41,1.77,237.38,436.59,1574.84,3212.63,4787.47,6300.82,5880.17,525.2200000000001,-417.43999999999994,63.03999999999999,18.89,-5.731329001921327,3.81,0.81,-0.14,0.0,0.0,-3.771463825014021,0.7099226023555805,-6.7442647223780146,-6.522413909141895,0.8874032529444756,-6.81,-6.38,0.32,1.66,0.58,6,2010,0.0,636.7857142857142,-89.15
2010-09-30,234.73000000000002,-48.06999999999999,-0.07706894038769857,0.0,60.21000000000001,-23.16,16.689999999999998,4.1,0.0,257.8900000000001,-25.24000000000001,140.3,147.16,1687.45,2320.42,5493.79,10446.72,4.89,52.93,328.19,1376.78,3375.6,4752.39,6300.82,5832.1,-279.8800000000001,-208.57000000000005,106.35,39.849999999999994,-13.302375702101104,4.43,0.81,-0.22,0.0,0.0,-1.835642034688821,-0.07006267307972598,-3.292945634747121,-3.20887042705145,-0.08407520769567117,-8.98,-8.41,-0.07,1.69,0.46,9,2010,0.0,623.7272727272727,-137.22
2010-12-31,418.41999999999985,-123.86999999999998,-0.1945179823049523,0.0,34.51999999999998,-99.13,-70.00999999999999,3.6,0.0,517.56,-98.62999999999998,364.8,233.82,979.68,1935.66,5868.68,10961.08,11.44,141.54,883.7,2082.98,3314.67,5397.65,6300.82,5708.22,102.04999999999995,-367.2499999999999,489.69,29.120000000000005,-4.6265645434729965,3.97,0.95,-0.41,0.0,0.0,-4.516612662300355,-1.8408043203493045,-8.672655406181777,-8.482881764908651,-2.2393289670228653,-13.67,-12.73,-1.0,0.93,0.46,12,2010,0.0,636.8048780487804,-261.09
2011-03-31,158.37,-86.91,-0.14,0.0,46.39,-53.92,-29.62,2.86,0.0,212.28,-54.67,2138.23,37.98,1249.92,3791.98,1150.95,13036.01,5.01,140.65,885.85,4180.82,3510.13,7690.94,6300.82,5494.52,387.91,-270.59,1656.11,24.3,-5.1075,3.28,1.4,-0.14,0.0,0.0,-2.68,-1.84,-6.32,-6.04,-2.44,-59.39,-54.88,-1.72,0.91,0.61,3,2011,0.0,620.7857142857142,-86.91
2011-06-30,345.51,-11.650000000000006,-0.013002232142857149,0.0,101.42999999999999,28.62,60.21,3.48,0.0,316.9,4.1200000000000045,1489.17,45.94,1165.56,3062.98,1141.99,12510.37,2.58,93.02,839.91,1965.05,3705.73,5670.78,11341.48,6995.06,-544.69,-212.06,107.69000000000005,31.59,-66.91927896995705,5.64,0.81,-0.11,0.0,0.0,-0.373518668831169,-0.10401785714285719,-0.6666599025974028,-0.7233969155844159,-0.11347402597402603,-21.73,-19.56,-0.24,1.56,0.97,6,2011,0.0,896.0,-98.56
2011-09-30,490.70000000000005,-5.8999999999999915,-0.006212904461037709,0.0,142.06,33.63,67.22,3.5,0.0,457.07000000000005,22.869999999999997,1269.02,33.41,1015.64,2737.74,1131.67,12579.53,6.23,78.64,488.22,1778.08,3973.37,5751.44,11341.48,6989.17,185.67000000000002,-253.81000000000006,-152.01,33.59,-140.84394915254256,5.68,0.82,-0.11,0.0,0.0,-0.18751675282404723,0.015814665900823262,-0.33662645988895223,-0.36825579169059874,0.018073903886655154,-11.38,-10.5,0.05,1.54,0.97,9,2011,0.0,949.6363636363636,-104.46
2011-12-31,195.36,-126.99,-0.1261944264419961,0.0,19.30000000000001,-66.92,-8.719999999999999,3.84,0.0,262.28,-94.46000000000001,819.54,43.65,1034.86,2252.03,1656.04,12682.95,4.06,230.67,512.45,1748.72,4239.08,5987.8,11341.48,6862.17,64.11,-763.45,249.87000000000012,58.2,-7.609290101582801,6.35,0.87,-0.23,0.0,0.0,-3.9943279325988335,-1.097342838626053,-7.396090732339599,-8.076443292287752,-1.1851302657161373,-21.51,-19.45,-0.26,1.29,0.7,12,2011,0.0,1006.3043478260869,-231.45
2012-03-31,266.22,-152.05,-0.13,0.0,36.28,-85.51,-23.65,4.48,0.0,351.74,-87.02,631.55,44.53,1026.77,2045.42,1651.44,12543.6,66.05,63.69,464.57,1396.57,4608.95,6005.52,11341.48,6710.12,-377.53,-114.91,304.45,61.86,-8.615,7.57,0.89,-0.13,0.0,0.0,-4.84,-2.6800000000000006,-9.08,-9.96,-3.08,-60.22,-57.11,-1.28,1.46,0.73,3,2012,0.0,1169.6153846153848,-152.05
2012-06-30,741.42,-33.75999999999999,-0.02907055594424411,0.0,193.47,12.170000000000002,73.85,5.55,0.0,729.24,-13.120000000000005,704.42,36.26,713.92,1753.22,1645.36,12199.89,1.09,43.38,427.92,1172.08,4562.3,5734.38,11341.48,6676.36,335.45,-5.290000000000006,-257.3,61.68000000000001,-47.73214529028437,9.43,0.86,-0.16,0.0,0.0,-1.1046811258812763,-0.4287907001776006,-2.0204036381249657,-1.9767978042085999,-0.4869318120660889,-18.94,-18.44,-0.53,1.5,0.89,6,2012,0.0,1161.3125,-185.81
2012-09-30,305.9799999999999,-123.00999999999999,-0.10754711482416943,0.0,70.0,-57.400000000000006,4.669999999999995,7.8,0.0,363.3799999999999,-69.27999999999999,233.83,38.49,690.68,1541.42,1641.42,11934.14,5.23,38.61,943.03,1644.49,3951.55,5596.04,11341.48,6553.35,8.850000000000001,-308.97,-170.47,62.07000000000001,-18.13228558653768,13.5,0.85,-0.27,0.0,0.0,-4.126622628068129,-1.7048209312868337,-7.504398678842043,-7.265405090343889,-2.023479049284373,-24.22,-23.51,-0.63,0.94,0.52,9,2012,0.0,1143.7777777777776,-308.82
2012-12-31,305.95000000000005,-304.25000000000006,-0.26798734239157035,0.0,56.05000000000001,-237.57999999999998,-175.25,9.5,0.0,543.5300000000002,-234.64000000000001,219.05,41.1,656.29,1307.96,1628.45,11592.61,1.82,39.6,1342.94,2049.27,3513.16,5562.43,11341.48,6251.45,-50.56000000000001,238.84,-203.05,62.329999999999984,-8.86105283483977,17.24,0.89,-0.54,0.0,0.0,-10.501133638899312,-6.0148270181219115,-19.47374688045411,-18.56060482489765,-7.662452900973788,-38.75,-37.85,-1.36,0.64,0.32,12,2012,0.0,1135.3148148148148,-613.07
2013-03-31,386.08,-76.08,-0.07,0.0,112.57,-12.82,48.15,12.6,0.0,398.9,-7.23,434.11,46.28,584.53,1391.95,1618.34,11620.2,11.74,48.29,1331.27,2211.24,3618.4,5829.64,11348.08,6016.35,36.08,66.64,112.34,60.97,-45.0,23.77,0.97,-0.07,0.0,0.0,-2.6,-0.44,-5.04,-4.8,-0.56,-20.12,-19.71,-0.21,0.63,0.37,3,2013,0.0,1086.8571428571427,-76.08
2013-06-30,373.91,-76.98,-0.06538220305762446,0.0,100.82,-20.979999999999997,45.63,7.75,0.0,394.89,-4.549999999999999,141.63,33.17,788.74,1276.94,1610.52,11465.2,63.41,42.2,1136.32,1929.33,3572.54,5501.86,12197.92,6194.32,-69.53999999999999,-48.59,-174.35,66.61,-29.63574045206547,15.26,0.89,-0.13,0.0,0.0,-2.6756409251274014,-0.5834104272834183,-4.96904743237946,-4.787989023912191,-0.7041160329282634,-20.47,-20.14,-0.29,0.66,0.25,6,2013,0.0,1177.3846153846155,-153.06
2013-09-30,437.23,-73.32,-0.061537238271932145,0.0,113.61000000000001,-4.900000000000006,58.03,7.35,0.0,442.1300000000001,-2.4000000000000004,162.45,35.61,1442.06,1980.4,1705.5,12103.68,401.81,65.68,1084.43,2190.56,3948.44,6139.0,12461.4,6200.04,-582.4599999999999,-47.06,650.34,62.92999999999999,-29.856718494271686,14.77,0.99,-0.19,0.0,0.0,-2.4226239067055393,-0.41456665783196395,-4.728650940895838,-4.599098860323349,-0.505253114232706,-19.3,-18.91,-0.21,0.9,0.25,9,2013,0.0,1191.4736842105262,-226.38
2013-12-31,396.6399999999999,-204.05,-0.16592128801431125,0.0,121.24000000000001,-159.7,-107.9,6.15,0.0,556.3399999999999,-144.1,163.96,120.73,1883.63,2332.53,1787.25,12579.54,865.63,132.37,242.74,1674.52,5018.15,6692.67,12678.71,6131.86,-375.22,-58.519999999999996,435.25,51.80000000000001,-9.265688679245283,12.72,1.09,-0.35,0.0,0.0,-6.485152057245081,-3.109838998211091,-13.311627906976744,-13.178890876565296,-3.451162790697675,-27.5,-27.01,-0.88,1.39,0.27,12,2013,0.0,1229.8000000000002,-430.43
2014-03-31,576.52,55.81,0.04,0.0,196.69,59.53,126.68,6.95,0.0,516.99,51.49,1216.52,106.24,2870.92,5082.09,1797.92,14571.25,1135.69,186.66,468.31,3326.53,5276.43,8602.96,12763.07,6216.0,-762.66,25.93,1789.28,67.15,43.4375,14.27,1.38,0.04,0.0,0.0,1.52,1.8,3.6,3.6399999999999997,2.12,10.17,9.68,1.12,1.53,0.66,3,2014,0.0,1395.25,55.81
2014-06-30,1012.49,284.1,0.20059427495513518,0.0,238.17000000000002,362.87,421.08,9.45,0.0,649.6199999999999,66.41,252.06,93.26,3425.58,3944.6,1830.01,13635.14,350.0,169.85,533.7,1457.59,4844.54,6302.14,16380.19,7585.24,-721.4499999999999,939.3000000000001,-1182.3,58.209999999999994,11.77900017599437,20.41,0.83,0.24,0.0,0.0,8.324662410638112,11.26671177664676,14.977705863316762,16.482162925480274,11.601035568238652,26.75,21.39,4.68,2.71,0.36,6,2014,0.0,1416.2916666666667,339.91
2014-09-30,772.3100000000002,41.289999999999964,0.027078961175236074,0.0,260.52,103.75,184.57000000000005,9.05,0.0,668.5600000000002,62.51999999999998,161.98,91.08,4582.71,4968.45,1851.02,14896.77,753.57,327.15,469.76,2064.07,5462.55,7526.62,16380.19,7626.53,-717.5200000000002,-266.77,894.2,80.82000000000001,83.55194962460652,19.44,0.99,0.25,0.0,0.0,1.1091542497376696,1.689727177334731,2.1663168940188857,2.387281217208812,1.7763798530954864,18.97,16.14,4.13,2.41,0.19,9,2014,0.0,1524.8,381.2
2014-12-31,2080.3699999999994,-75.89999999999998,-0.04972158532590893,0.0,595.88,13.040000000000077,86.06999999999994,7.3,0.0,2067.34,-31.079999999999984,185.45,92.24,11238.58,11666.16,1828.17,21251.68,3647.17,357.32,861.66,5944.87,7971.03,13915.9,16380.19,7595.45,-57.940000000000055,-442.36,531.3699999999999,73.02999999999997,-36.70438076416339,15.74,1.83,0.2,0.0,0.0,-1.431981657386177,-3.172237143792989,-3.997615460203077,-4.425221094005894,-3.500399606943988,7.53,6.87,2.99,1.96,0.07,12,2014,0.0,1526.5,305.3
2015-03-31,1656.53,99.92,0.06,0.0,496.14,196.32,267.92,6.6,0.0,1460.21,172.12,158.51,105.58,11231.58,11709.09,1832.88,21335.89,3446.41,395.95,874.35,5799.29,8102.5,13901.79,16380.19,7695.37,396.77,-224.88,-161.31,71.6,27.5,14.05,1.81,0.06,0.0,0.0,1.8800000000000001,4.36,5.2,5.76,5.04,6.12,6.03,1.58,2.02,0.08,3,2015,0.0,1665.3333333333335,99.92
2015-06-30,2010.4599999999998,71.71,0.04178173978908116,0.0,572.1899999999999,163.82,235.27999999999997,6.85,0.0,1846.63,145.71999999999997,213.72,122.18,10698.68,11243.39,1909.69,21063.47,3177.24,932.09,2245.63,6940.85,6621.06,13561.91,16380.19,7767.09,991.8,-308.22,-628.3800000000001,71.46000000000001,40.98680449030819,14.45,1.75,0.1,0.0,0.0,1.3537283691662296,3.4762407504515522,3.6935057973547747,3.7436438851016725,4.2617374584862775,4.71,4.68,1.04,1.62,0.08,6,2015,0.0,1716.3,171.63
2015-09-30,2036.8200000000006,199.42000000000002,0.12361299016305081,0.0,755.0900000000001,312.78,386.75000000000006,5.75,0.0,1724.0500000000002,296.74000000000007,194.35,106.23,10755.02,11287.95,1959.95,21584.5,3216.9,1309.32,2765.54,7979.77,5885.82,13865.58,7780.59,7988.23,685.1499999999999,-644.2499999999999,-60.25999999999999,73.97,11.6290367064487,5.6,1.74,0.23,0.0,0.0,3.697640749225172,7.932729281767956,9.97503085837488,10.211507883034631,10.641466109688722,6.57,6.51,3.14,1.41,0.07,9,2015,0.0,1613.2608695652173,371.05
2015-12-31,2911.579999999999,290.42,0.17562096542549172,0.05,1032.6100000000001,387.5300000000001,458.54999999999995,6.15,0.0,2524.0499999999993,350.2099999999999,220.77,101.43,10521.43,11105.19,2012.25,22114.16,3899.52,1242.8,2121.31,8134.16,6056.51,14190.67,7780.59,8196.39,860.02,-664.5700000000002,-169.03999999999996,71.02000000000001,8.75749655671097,5.84,1.73,0.4,0.05,0.13,5.251066866222202,8.587865209306544,14.172611909837183,14.717036902656208,13.329631275794819,7.76,7.68,2.12,1.37,0.07,12,2015,82.68375,1653.675,661.47
2016-03-31,2413.06,201.38,0.09,0.05,831.64,297.02,361.32,7.05,0.0,2116.04,255.22,3457.88,134.45,10429.21,14246.61,2025.91,27991.85,254.37,1817.34,1315.31,4081.26,10689.46,14770.72,11037.67,13369.11,6866.51,-2483.66,-1145.73,64.3,19.5825,5.82,1.1,0.09,0.05,0.56,2.88,4.8,6.04,7.639999999999999,4.96,8.49,8.35,3.08,3.49,0.94,3,2016,111.8777777777778,2237.5555555555557,201.38
2016-06-30,2886.0499999999997,359.39,0.16022165950389644,0.00012314416883134002,981.9499999999999,473.94000000000005,577.19,6.05,0.0,2412.1099999999997,417.89,890.08,62.94,11155.66,12370.93,2264.32,26370.1,110.0,1186.39,171.71,2656.86,10378.38,13035.24,11037.67,13612.31,-389.90999999999985,-427.4000000000001,-1750.4899999999998,103.25000000000001,9.44004702412421,4.91,0.96,0.25,0.05,0.2,5.46035415589279,8.331526294202614,10.561811794496853,13.4586193983273,8.331526294202614,10.78,10.58,6.05,4.66,0.46,6,2016,0.27622222222220216,2243.08,560.77
2016-09-30,2896.0999999999995,376.71000000000004,0.16475135469556687,0.0009502709391133699,954.99,427.79999999999995,557.3700000000001,6.0,0.0,2468.3,357.41999999999996,556.88,90.49,12059.55,13002.85,2370.11,27123.65,667.86,1077.73,108.31,3115.19,10299.56,13414.75,11037.67,13989.02,-514.5900000000001,-301.8800000000001,483.25999999999976,129.57,9.10204958721563,4.73,0.96,0.41,0.05,0.12,5.561362802406451,7.9080650253872085,10.769112941076077,13.710527371250587,8.020578145667107,11.68,11.44,7.7,4.17,0.3,9,2016,2.1728292682926877,2286.5365853658536,937.48
2016-12-31,2985.130000000001,108.81999999999994,0.04784211029341487,-0.00026315728129087327,918.4900000000002,179.8499999999999,321.3299999999999,6.5,0.0,2805.2799999999997,111.27999999999997,582.31,78.23,13768.49,14725.37,2559.07,28823.65,248.93,1147.3,322.18,3203.28,11806.53,15009.81,11037.67,14096.34,-1412.6900000000005,-99.34000000000015,1537.46,141.48000000000002,33.964847913986425,5.09,1.06,0.46,0.05,0.11,1.5101466118703997,2.2506592755423864,3.0868561598012025,3.9064123100449186,2.2381787250310605,9.56,9.36,8.13,4.6,0.3,12,2016,-0.5985683987274797,2274.565217391304,1046.3
2017-03-31,2616.08,304.86,0.13,0.23000000000000004,848.9,396.78,521.87,6.8,2.8,2219.3,352.86,577.24,79.66,13883.61,14844.49,2532.39,29158.02,575.38,1091.43,263.96,3346.86,11694.31,15041.17,11037.67,14401.2,101.52,-326.55,219.96,125.09,13.0775,5.21,1.04,0.13,0.23,1.77,4.2,5.56,8.48,8.8,6.16,11.87,11.65,15.44,4.44,0.29,3,2017,539.3676923076924,2345.0769230769233,304.86
2017-06-30,3184.62,294.21000000000004,0.12768891782262506,-0.004088837698432624,946.36,464.39,596.4499999999999,7.4,5.54,2720.2299999999996,426.76,833.94,83.04,14604.31,15812.94,2499.83,30041.88,898.18,1213.01,76.18,3577.08,12591.36,16168.44,11037.67,14160.96,-248.89999999999998,-21.909999999999968,527.51,132.05999999999997,14.487553278270623,5.77,1.14,0.26,0.23,0.88,3.909245330261906,5.991556913215484,8.309601882918525,8.466757474084831,6.3844458911312545,10.48,10.33,9.76,4.42,0.34,6,2017,-9.42115384615397,2304.1153846153848,599.07
2017-09-30,3621.04,494.64,0.21256164796883995,0.0022660732032046597,1134.16,597.9499999999999,726.51,9.4,8.54,3023.09,463.4899999999999,905.97,68.27,15553.18,16790.19,2539.67,30804.67,0.0,1442.5,144.62,3292.13,13148.8,16440.93,11037.67,14653.25,-4.8799999999999955,211.14,-134.24,128.56,11.055616205725377,7.08,1.12,0.47,0.23,0.49,6.422075321611761,9.11753792138684,13.495403351894012,13.821029706229254,9.58788709987108,11.89,11.61,15.64,5.1,0.38,9,2017,5.273248772504189,2327.04255319149,1093.71
