,revenue,net_profit,eps,dps,gross_profit,ebit,ebitda,close_price,allowance_doubtful_accounts,expense,operating_profit,cash,account_receivable,inventory,current_asset,property_plant_equipment,total_asset,short_term_loan,account_payable,current_portion_long_term_debt,current_liability,non_current_liability,total_liability,paid_in_capital,total_equity,cash_flow_operation,cash_flow_investment,cash_flow_financing,depreciation,P/E,P/BV,D/E,EPS,DPS,DPR%,ROA%,ROAA%,ROE%,ROAE%,ROCE%,NPM%,NPMA%,CurrentRatio,QuickRatio,month,year,dividend,number_of_shares,return_old
2000-03-31,801.93,62.47,1.25,0.0,297.05,107.92,147.38,15.5,0.0,694.01,38.27,2200.62,601.59,381.35,3367.61,349.27,4271.0,12.12,385.01,0.0,1139.84,7.13,1146.97,500.0,3097.92,74.54,279.2,7.58,39.46,3.1,2.5,0.37,1.25,0.0,0.0,5.84,0.0,8.08,0.0,13.8,8.53,7.79,2.95,2.62,3,2000,0.0,49.976,62.47
2000-06-30,981.5000000000001,132.88,2.6596406449961605,10.0,371.29,180.13,223.13,10.0,0.0,801.3700000000001,99.51999999999998,1784.09,691.57,347.34,2944.3,330.08,3834.3,10.78,365.64,0.0,603.03,5.67,608.7,500.0,3207.17,67.54,143.65000000000003,-501.40999999999997,42.99999999999999,0.9408789885611079,1.56,0.19,3.91,10.0,2.56,13.849177373944203,0.0,16.570037368825183,0.0,24.242862554389557,11.96,10.95,4.88,4.31,6,2000,499.616368286445,49.9616368286445,195.35
2000-09-30,950.53,60.81000000000003,1.215440349781387,0.013913938059814128,341.15,122.25999999999999,163.52999999999997,9.0,0.0,828.2599999999998,55.22,1821.12,728.59,323.97,3037.45,314.75,3891.7,12.77,384.79,0.0,616.24,5.47,621.7,500.0,3251.74,71.22,-248.19000000000003,-1.6999999999999886,41.27000000000001,1.8534846242394334,1.38,0.19,5.12,10.0,1.95,6.248123048094943,0.0,7.482554653341665,0.0,11.898021549031858,10.18,9.37,4.93,4.4,9,2000,0.6961317135550757,50.03125000000001,256.16
2000-12-31,1166.5700000000002,60.89999999999998,1.2177695073487662,-0.004356430959441109,464.79999999999995,130.33999999999997,175.51999999999998,8.3,0.0,1036.2400000000002,49.140000000000015,1966.27,929.54,317.29,3421.81,284.93,4196.68,21.5,494.38,0.0,864.31,5.18,869.5,500.0,3301.28,135.39,200.46,8.449999999999989,45.17999999999999,1.705043513957308,1.26,0.26,6.34,10.0,1.58,5.808414811076765,0.0,7.375764839462559,0.0,12.461969343341949,8.81,8.13,3.96,3.59,12,2000,-0.21786277602529935,50.00946372239748,317.06
2001-03-31,1034.0,54.72,1.0,0.0,215.49,97.06,141.85,9.65,0.0,936.94,-73.39,1679.44,837.06,258.82,3545.74,293.58,4410.01,17.5,598.42,0.0,1024.81,5.04,1029.85,500.0,3352.93,214.46,-28.95,-4.14,44.79,2.4125,1.44,0.31,1.0,0.0,0.0,4.96,8.96,6.52,6.8,11.48,6.34,5.29,3.46,3.21,3,2001,0.0,54.72,54.72
2001-06-30,1043.06,26.33,0.5262751388032079,10.0,290.86,81.35,117.98999999999998,8.35,0.0,961.7,-28.459999999999994,1052.69,806.66,243.48,2906.88,322.99,3791.41,14.79,535.86,0.0,879.96,4.96,884.92,500.0,2883.24,-73.21000000000001,-2.150000000000002,-508.78999999999996,36.64000000000001,3.963231105203191,1.45,0.31,1.62,10.0,6.17,2.7808118445404073,6.081401603948179,3.651439851943245,3.4565231338679827,7.965596545342381,4.51,3.9,3.3,3.03,6,2001,500.3086419753086,50.03086419753086,81.05
2001-09-30,1183.4700000000003,63.8,1.2773213669313082,-0.016534772028960726,334.51,145.23,185.52000000000004,6.9,0.0,1038.2499999999998,21.879999999999995,1260.82,928.63,293.69,3057.49,324.39,3929.63,42.76,605.36,0.0,955.78,4.6,960.39,500.0,2944.35,-8.860000000000014,50.63,27.619999999999948,40.28999999999999,1.3508738244514107,1.17,0.33,2.9,10.0,3.45,6.50112530203659,14.587890921643078,8.668167069382118,8.245329651363479,19.16862961684501,5.07,4.44,3.2,2.89,9,2001,-0.8258833546189521,49.94827586206897,144.85
2001-12-31,1343.6100000000001,55.420000000000016,1.1096729415289361,-0.0011277878312549667,529.2099999999999,132.88,175.87,8.5,0.0,1210.7400000000002,46.86,1335.08,1029.61,302.2,3175.65,442.44,4119.98,43.42,660.24,0.0,1081.96,4.38,1086.34,500.0,3007.14,178.19,-167.87,0.4300000000000068,42.99000000000001,1.9152490075784911,1.41,0.36,4.01,10.0,2.49,5.379561591851003,12.153824337144858,7.371991811055078,7.028851051081042,16.636792330354027,4.87,4.35,2.94,2.66,12,2001,-0.05632470547766388,49.9426433915212,200.27
2002-03-31,1331.25,113.07,2.26,0.0,506.92,212.86,249.72,12.4,0.0,1118.39,107.83,1413.89,927.45,316.29,3289.21,538.77,4354.08,15.86,648.96,0.0,1172.48,4.14,1176.62,500.0,3142.37,340.73,-142.52,-27.8,36.86,1.3725,1.97,0.37,2.26,0.0,0.0,10.4,19.44,14.399999999999999,13.92,26.76,9.22,8.49,2.81,2.54,3,2002,0.0,50.030973451327434,113.07
2002-06-30,1189.4499999999998,172.17000000000002,3.4586106436684902,10.0,462.17,239.3,277.87,17.9,0.0,950.1499999999999,95.17999999999999,1024.38,822.15,340.09,2631.51,658.24,3911.55,12.73,642.91,0.0,1153.99,3.9,1157.89,500.0,2721.4,217.32999999999993,-1.1599999999999966,-605.6800000000001,38.57000000000001,1.2922530057501305,3.29,0.43,5.73,10.0,1.75,17.600887673538075,28.344913756836352,25.302785023138412,24.578468657972234,39.595961295750946,12.56,11.32,2.28,1.99,6,2002,497.80104712041884,49.78010471204188,285.24
2002-09-30,1329.6100000000001,160.43,0.32397738236811996,9.494724925598813,526.5199999999999,271.47999999999996,326.73,18.5,0.0,1058.13,127.13999999999999,955.65,976.13,466.1,2719.01,655.18,3912.97,6.47,716.33,4.09,1299.24,14.41,1313.65,500.0,2568.53,122.58000000000004,119.28,-310.6,55.25,14.27877454341457,3.6,0.51,0.9,10.5,11.67,16.400455045212826,26.56614535418583,24.982255929275023,23.28317454618889,39.87081652343662,12.89,11.57,2.09,1.73,9,2002,4701.682286212915,495.18888888888887,445.67
2002-12-31,1870.8399999999997,218.60999999999996,0.4409848256759198,0.011489632885728457,807.3599999999999,306.18999999999994,360.5099999999999,17.9,0.0,1564.6499999999996,201.64,2101.22,1453.19,548.7,4664.14,714.4,5864.17,16.72,1078.0,4.16,1822.29,13.09,1835.38,500.0,3661.06,288.86,-433.77000000000004,1290.5,54.31999999999999,10.149102053885915,2.44,0.5,1.34,10.5,7.84,14.914501716143793,27.156767025952906,23.878999217197563,26.22214247004275,33.541174203649064,12.74,11.61,2.56,2.26,12,2002,5.695771144277387,495.731343283582,664.28
2003-03-31,1486.45,123.93,0.25,0.0,560.15,212.1,272.13,21.6,3.18,1274.35,197.51,2323.31,1077.91,626.42,4829.76,695.97,5997.37,7.29,706.73,4.23,1811.73,11.75,1823.48,500.0,3787.64,438.68,-205.88,-10.7,60.03,21.6,2.85,0.48,0.25,0.0,0.0,8.28,16.4,13.08,14.32,20.28,8.46,8.34,2.67,2.32,3,2003,0.0,495.72,123.93
2003-06-30,1411.5800000000002,204.01,0.416803988534488,1.5,707.5500000000001,293.21000000000004,347.06000000000006,21.6,11.23,1118.37,294.02,1465.01,1099.72,757.6,4031.29,660.42,5172.88,5.7,930.2,4.3,1576.15,10.39,1586.54,500.0,3228.82,-123.16000000000003,87.85,-823.0,53.849999999999994,12.95620998970639,3.34,0.49,0.67,1.5,2.24,15.77634201378301,27.670808074647802,25.281961334390438,27.421969872537655,34.96176739647497,11.46,11.32,2.56,2.08,6,2003,734.1940298507462,489.46268656716416,327.94
2003-09-30,1359.7199999999998,131.55,0.2691179351019609,0.5480252278402108,574.45,201.45,256.43999999999994,20.8,3.18,1158.2800000000002,194.22000000000003,1567.53,950.06,806.78,3641.64,633.04,4758.53,0.0,911.07,4.38,1474.59,9.16,1483.74,500.0,3002.64,199.69000000000005,381.84000000000003,-495.79999999999995,54.99000000000001,19.324427404028885,3.46,0.49,0.94,2.05,2.18,11.062464906744435,18.666478051753035,17.521295349191497,18.89551459226534,24.64433175912425,10.91,10.79,2.47,1.92,9,2003,267.8852254684026,488.8191489361702,459.49
2003-12-31,1728.7299999999996,65.67999999999995,0.13381876344802626,0.008328154328142373,462.25,126.53999999999996,209.89,20.0,9.51,1602.1800000000003,-159.42999999999995,1709.9,1171.72,683.97,3849.34,609.68,5025.87,0.0,1011.96,0.0,1651.56,2.78,1654.34,500.0,3091.31,180.39,-24.170000000000016,-19.75999999999999,83.35,37.360792098051185,3.23,0.54,1.07,2.05,1.92,5.227686273016352,7.653933012167483,8.499367442923237,7.783999847668369,12.356349372584106,9.33,8.77,2.33,1.92,12,2003,4.0875671107575045,490.81308411214945,525.17
2004-03-31,1531.41,165.17,0.34,0.0,528.9,252.21,315.16,15.8,0.0,1279.19,161.47,1776.12,948.76,650.09,4004.8,586.41,5157.15,0.0,982.59,0.0,1631.31,2.78,1634.08,500.0,3227.11,405.68,-331.74,0.0,62.95,11.6175,2.45,0.51,0.34,0.0,0.0,12.8,18.08,20.48,18.84,28.6,11.47,10.79,2.45,2.06,3,2004,0.0,485.7941176470587,165.17
2004-06-30,1637.51,198.56000000000003,0.4039655788634427,0.55,763.08,332.91999999999996,397.07,15.3,0.0,1304.6,304.16999999999996,1738.84,1168.06,657.16,4230.03,573.17,5400.93,181.0,993.19,0.0,1830.88,2.78,1833.66,500.0,3163.71,54.19999999999999,-13.96999999999997,-82.27,64.14999999999999,9.470608883964545,2.42,0.58,0.74,0.55,0.74,14.69561267973497,24.17242680009898,25.11137382124103,24.849342094410694,35.789166689577435,11.93,11.48,2.31,1.95,6,2004,270.33986486486486,491.52702702702703,363.73
2004-09-30,1640.8500000000004,203.27999999999997,0.41587414684044366,0.596933487516546,718.9300000000001,308.86,385.49,15.6,0.0,1331.9900000000002,236.74,1883.81,1111.83,634.91,4348.47,576.3,5554.55,0.0,942.03,250.0,1832.32,256.11,2088.43,500.0,3057.19,217.11,-53.31999999999999,-3.1899999999999977,76.63,9.379039379181426,2.55,0.68,1.16,1.15,0.99,14.641638066348035,24.866405883494114,26.601604909966312,26.831052715119657,34.445851748646405,12.28,11.79,2.37,2.03,9,2004,291.7821178937558,488.80172413793105,567.01
2004-12-31,1861.6699999999992,133.19000000000005,0.2720104255926879,0.001993094337578417,608.9399999999998,152.08999999999992,215.94000000000005,17.2,0.0,1709.5899999999997,75.5,2346.78,1310.92,616.05,4654.61,608.97,5907.41,0.0,1151.09,250.0,2039.8,256.1,2295.9,500.0,3203.98,232.02999999999997,224.97999999999996,2.4499999999999886,63.849999999999994,15.810882949170352,2.68,0.72,1.43,1.15,0.8,9.016289631533851,14.563019708654677,16.62497286489575,16.929320194230225,20.581488146243938,10.95,10.5,2.28,1.98,12,2004,0.9759193392814041,489.6503496503497,700.2
2005-03-31,1275.4,45.21,0.09,0.65,497.49,99.32,172.41,16.2,0.0,1176.07,497.49,2470.69,1122.93,656.35,4665.9,581.93,5831.67,0.0,1019.35,250.0,1908.8,258.07,2166.87,500.0,3241.25,151.53,-24.23,0.0,73.09,45.0,2.5,0.67,0.09,0.65,7.22,3.12,7.24,5.56,5.6,10.12,3.72,3.54,2.44,2.1,3,2005,326.5166666666667,502.33333333333337,45.21
2005-06-30,1561.69,80.07,0.1661733716475096,-0.027636760323542044,636.19,158.24,239.38000000000002,12.6,0.0,1403.47,-389.13,2029.26,1295.82,650.94,4452.69,813.04,6105.79,0.0,1065.04,272.65,2013.81,463.24,2477.05,500.0,2992.56,-19.620000000000005,-333.65,-66.03,81.13999999999999,18.955503934057703,2.11,0.83,0.26,0.65,2.5,5.240852490421455,11.453180076628353,10.711791187739463,10.40500957854406,16.080469348659,4.66,4.42,2.21,1.89,6,2005,-13.31666666666672,481.8461538461538,125.28
2005-09-30,1592.7200000000003,71.99000000000001,0.14597252496578295,0.2149313124144574,549.6099999999999,150.26,257.66,12.6,0.0,1442.46,33.72000000000001,1719.0,1090.41,693.69,3920.74,794.89,7022.82,878.0,1012.04,272.89,2823.28,571.62,3394.91,500.0,2977.8,314.65,-1540.4499999999998,893.66,107.4,21.57940338935963,2.12,1.14,0.4,0.85,2.13,4.1018279515385005,9.459019617782737,9.66338115273483,9.546603132762204,14.173932174177526,4.74,4.45,1.39,1.14,9,2005,105.99875000000003,493.175,197.27
2005-12-31,1883.4699999999993,6.239999999999981,0.012877991253501017,-0.015134268586310359,701.7400000000002,107.01000000000005,179.08999999999992,13.3,0.0,1776.4499999999998,23.25999999999999,1762.77,1366.34,595.35,4144.61,848.61,7172.46,881.42,1165.99,283.42,2981.76,594.76,3576.51,490.0,2937.09,124.77000000000004,-115.93000000000006,39.82000000000005,72.07999999999998,258.2196193910264,2.22,1.22,0.42,0.85,2.02,0.34831900152326556,0.9652361063338382,0.849947422731067,0.8131531620067786,1.5073382143383571,3.42,3.22,1.39,1.19,12,2005,-7.33327380952386,484.54761904761904,203.51
2006-03-31,1438.57,0.48,0.0,,561.99,57.44,142.81,11.5,0.0,1381.14,19.52,1914.29,1153.06,606.11,4101.78,878.6,7428.82,878.0,1068.11,287.05,2817.68,610.88,3428.56,490.0,3240.54,76.61,-1.61,55.64,85.37,0.0,1.74,1.06,0.0,0.0,0.0,0.04,3.48,0.04,0.04,5.0,0.03,0.03,1.46,1.24,3,2006,,inf,0.48
2006-06-30,1694.1900000000003,98.13,0.19902646790386372,,643.49,244.69,333.26,6.5,0.0,1449.49,94.43,1758.18,1118.93,643.1,4057.04,924.58,7409.78,0.0,1014.36,488.24,2092.64,1298.47,3391.12,490.0,3260.98,67.76,-60.910000000000004,-111.53999999999999,88.57,8.164743197798838,0.98,1.04,0.2,0.15,0.75,5.294104046242775,17.792966230605412,12.021198661393367,12.538667477943411,22.609406753878915,3.35,3.15,1.94,1.63,6,2006,,493.04999999999995,98.61
2006-09-30,1601.29,73.08999999999999,0.14898951659871867,0.19924213744903901,563.22,145.61,345.93,7.45,0.0,1455.6899999999996,31.559999999999988,1271.53,1269.17,692.93,3707.51,1083.5,7190.13,0.0,1061.54,747.07,2444.54,757.49,3202.03,490.0,3183.66,78.78,-230.84,-348.21000000000004,200.32,12.503396497468874,1.15,1.01,0.35,0.35,1.0,4.069542224810716,10.727245195107745,9.17775422248107,9.484246942341292,16.056813046010483,3.88,3.63,1.52,1.23,9,2006,97.74249999999999,490.57142857142856,171.7
2006-12-31,1693.21,37.06,0.07633550488599349,-0.003664495114006501,691.9100000000001,78.66999999999996,306.6300000000001,7.1,0.0,1614.5300000000007,32.94,1195.81,1329.11,673.4,3643.93,1022.98,6665.92,0.0,1063.42,744.88,2413.88,638.22,3052.11,490.0,2906.59,101.77000000000001,-66.78999999999996,-116.79999999999995,227.96000000000004,23.250321100917432,1.2,1.05,0.43,0.35,0.81,2.2226058631921823,5.403843648208469,5.098501628664496,5.0700977198697075,8.791009771986973,3.43,3.25,1.51,1.23,12,2006,-1.7790697674418539,485.48837209302326,208.76
2007-03-31,1662.4,41.29,0.08,0.2,610.35,115.87,282.94,6.85,0.0,1546.54,37.08,1180.81,1292.83,664.8,3604.1,978.36,6786.32,186.0,989.9,746.53,2577.25,605.48,3182.73,490.0,2926.05,122.25,-288.24,133.91,167.07,21.4075,1.15,1.09,0.08,0.2,2.5,2.44,6.52,5.640000000000001,5.36,11.0,2.61,2.48,1.4,1.14,3,2007,103.22500000000001,516.125,41.29
2007-06-30,1759.5,136.85,0.2765577635567531,-0.008605591108117224,767.4,234.46999999999997,305.52000000000004,8.0,0.0,1525.02,100.64999999999999,961.54,1277.22,663.44,3585.33,935.6,6733.61,246.0,898.48,742.8,2597.69,530.88,3128.57,490.0,2911.78,188.98000000000002,-256.99,-140.9,71.05000000000001,7.231039093898428,1.35,1.07,0.36,0.2,0.56,8.14308970472662,15.210676995621421,18.805927921859215,17.73042550802739,26.027158414729993,5.55,5.21,1.38,1.12,6,2007,-4.25833333333334,494.8333333333333,178.14
2007-09-30,1730.4100000000003,140.15000000000003,0.2862091174714883,0.12789395415082688,721.7399999999998,223.85000000000008,456.6099999999999,8.85,0.0,1506.5700000000002,156.99000000000004,906.92,1345.4,618.91,3443.04,916.87,6330.45,252.45,892.0,370.31,2283.25,607.45,2890.7,490.0,2796.63,159.03999999999996,175.05,-389.39,232.76,7.732982161969317,1.55,1.03,0.65,0.33,0.51,8.859272990040532,14.953325583587297,20.043444657387923,18.740092368594684,24.992660781048734,6.53,6.18,1.51,1.24,9,2007,62.62671794871798,489.6769230769231,318.29
2007-12-31,2165.0299999999997,183.95,0.3735843421471806,0.0018197429362608844,896.2600000000002,326.3599999999999,452.54999999999995,9.85,0.0,1838.6499999999996,2701.0299999999997,1128.72,1689.6,609.64,3848.89,913.62,6719.0,350.48,945.45,371.19,2507.08,564.22,3071.3,490.0,2984.64,193.14,-9.159999999999968,36.870000000000005,126.19000000000005,6.593691764066323,1.62,1.03,1.02,0.33,0.32,10.943823669958585,19.719393118827654,24.656566581713918,24.978874641605604,31.322483274928317,7.17,6.86,1.54,1.29,12,2007,0.8960271493212417,492.3921568627451,502.24
2008-03-31,1668.11,105.69,0.22,0.0,661.69,170.05,310.34,14.0,0.0,1498.06,78.7,1254.83,1320.05,608.77,3895.58,947.96,6927.24,359.43,843.67,386.43,2618.65,536.47,3155.12,490.0,3112.11,550.48,-399.66,-27.88,140.29,15.91,2.2,1.01,0.22,0.0,0.0,6.12,9.92,13.600000000000001,14.0,15.800000000000002,6.7,6.34,1.49,1.26,3,2008,0.0,480.4090909090909,105.69
2008-06-30,2022.0200000000002,207.10000000000002,0.4237475622622207,0.52,893.46,357.84,499.8,13.0,0.0,1664.1799999999998,250.95,1063.25,1467.81,608.46,3930.81,928.37,6960.77,362.7,852.2,495.64,2665.76,553.94,3219.7,490.0,3066.08,-34.02999999999997,9.080000000000041,-163.53,141.96,7.66871668276195,2.08,1.05,0.64,0.52,0.81,11.891415965983567,20.41933565651076,27.013907094216563,27.702496882892678,32.54910962626682,8.96,8.48,1.47,1.25,6,2008,254.141875,488.734375,312.79
2008-09-30,2139.12,143.73999999999995,0.29281361575361964,0.6022860627998159,864.9299999999998,304.73,397.40999999999997,13.0,0.0,1834.3900000000003,242.15999999999997,1051.39,1454.81,604.55,3871.69,909.1,6659.57,401.85,950.12,515.4,2905.48,366.7,3272.18,490.0,2706.36,358.91999999999996,66.75999999999999,-436.72,92.68,11.100405941282874,2.35,1.21,0.93,1.12,1.2,8.639575931483142,16.14567980198453,21.246304076402424,20.893668324096986,27.933789236194766,8.2,7.83,1.33,1.12,9,2008,295.65769489247305,490.8924731182795,456.53
2008-12-31,2005.6999999999998,248.79000000000008,0.5079362558838543,-0.0024853692581539083,891.4500000000003,313.2199999999999,417.9200000000001,9.45,0.0,1692.4899999999998,284.70000000000005,1067.69,1741.8,631.5,3940.07,961.37,6813.33,284.31,956.93,536.16,2675.63,462.68,3138.31,490.0,2967.84,10.889999999999986,39.90999999999997,-33.59000000000003,104.69999999999999,4.649402307166685,1.56,1.06,1.44,1.12,0.78,14.60316735666081,23.887113366982366,33.5379022287756,33.43913684568707,39.068763681733124,9.35,9.0,1.47,1.24,12,2008,-1.2173476702507742,489.8055555555556,705.32
2009-03-31,1969.76,106.32,0.2,0.0,723.81,201.06,307.22,10.9,0.0,1768.7,109.03,1157.37,1552.05,675.39,4107.79,989.34,6996.11,286.28,979.32,490.68,2784.25,452.64,3236.89,530.26,3241.78,255.18,-112.3,-52.96,106.16,13.625,1.78,1.0,0.2,0.0,0.0,6.08,11.56,13.12,13.4,19.08,5.74,5.4,1.48,1.23,3,2009,0.0,531.5999999999999,106.32
2009-06-30,2001.36,207.85000000000002,0.39695069548333706,0.65,809.8800000000001,218.3,321.93999999999994,14.0,0.0,1783.0600000000002,136.08,825.4,1475.5,742.45,4015.36,1001.71,6870.62,482.2,1019.54,404.89,2834.01,435.08,3269.09,530.26,3082.84,75.13999999999999,-133.63,-274.13,103.64000000000001,8.815956338705796,2.41,1.06,0.6,0.65,1.08,12.093764522392338,16.036808097526816,26.96618391316803,27.0455740522647,27.495451507145813,8.27,7.91,1.42,1.15,6,2009,340.35083333333336,523.6166666666667,314.17
2009-09-30,1885.3199999999997,60.370000000000005,0.11444091418807069,0.55481099037041,712.6399999999999,116.89999999999998,256.14,15.1,0.0,1768.42,53.579999999999984,808.59,1427.88,757.77,3992.22,993.65,6847.96,839.57,1037.14,210.42,3064.14,405.63,3469.78,530.26,2852.6,243.65000000000003,-88.54000000000002,-172.12,139.24,32.99016812986582,2.81,1.22,0.71,1.2,1.69,3.5267143696267422,5.119216105088909,8.465403962193625,8.691062102846159,9.135931008704011,6.67,6.4,1.3,1.06,9,2009,292.6745187793428,527.5211267605634,374.54
2009-12-31,2304.4400000000005,136.25,0.2587413614205446,-0.0021272764723190354,779.1800000000003,199.36,332.0,14.4,0.0,2105.08,196.89999999999998,908.25,1725.08,734.28,4071.15,1002.74,6925.82,894.01,1070.67,151.65,3068.73,371.72,3440.45,530.26,2984.19,107.52999999999997,49.05000000000001,-53.349999999999966,132.64,13.917855963302753,2.56,1.15,0.97,1.2,1.24,7.874273184674719,11.427298889954777,18.26660662894732,18.309285616398128,20.347207267174376,6.53,6.26,1.33,1.09,12,2009,-1.1201974735008662,526.5876288659795,510.79
2010-03-31,2160.97,112.87,0.21000000000000002,0.0,765.91,196.53,297.96,13.4,0.0,1964.44,111.76,1051.84,1617.33,741.59,4164.19,977.51,7089.81,767.93,1105.61,187.08,3169.41,314.15,3483.56,530.26,3116.53,415.37,-98.48,-173.78,101.43,15.9525,2.28,1.12,0.21,0.0,0.0,6.36,11.16,14.48,14.2,20.04,5.44,5.22,1.31,1.08,3,2010,0.0,537.4761904761905,112.87
2010-06-30,1995.8200000000002,118.47,0.22532549494250886,0.32,834.61,210.9,303.04,14.1,0.0,1784.9099999999999,155.25,1073.83,1527.53,722.79,4114.96,1000.57,7044.14,817.1,1057.44,151.96,3071.08,322.64,3393.72,530.26,3057.48,225.51999999999998,-126.33999999999999,-77.19999999999999,92.13999999999999,15.6462543259897,2.45,1.11,0.44,0.32,0.73,6.718796576467536,12.003703639664563,15.506490879225382,15.445038471513788,20.996239301461053,5.76,5.57,1.34,1.1,6,2010,168.24727272727273,525.7727272727273,231.34
2010-09-30,2075.63,103.41999999999999,0.19463078026048508,0.4033678401894437,819.7199999999998,190.33999999999997,309.52,15.0,0.0,1885.2999999999997,120.67000000000002,1076.37,1609.08,738.47,4310.93,965.54,7208.21,857.5,1135.64,151.58,3368.79,287.34,3656.13,530.26,2929.08,243.59000000000003,-30.120000000000005,-211.47,119.18,19.26763585380004,2.72,1.25,0.63,0.72,1.14,5.73388457402318,10.5162408889951,14.124633767475206,14.309996415342333,19.240642848607955,5.56,5.37,1.28,1.06,9,2010,214.33558441558444,531.3650793650794,334.76
2010-12-31,2631.5499999999993,188.54999999999995,0.35669966176835904,-0.0037718151218754034,941.0800000000004,264.87,383.1300000000001,15.2,0.0,2366.6800000000003,296.59,998.89,1922.55,707.99,4597.3,958.71,7565.13,786.44,1304.58,151.34,3500.13,249.91,3750.04,530.26,3187.16,75.71000000000004,-43.579999999999984,-110.45999999999998,118.25999999999999,10.650767037920977,2.53,1.18,0.99,0.72,0.73,9.973178421967857,17.16482008751982,23.66468059085437,24.442934398348967,30.5824922130286,6.09,5.9,1.31,1.11,12,2010,-1.99376623376628,528.5959595959596,523.31
2011-03-31,2430.54,167.72,0.32,0.0,983.93,310.58,409.51,15.1,0.0,2119.96,232.4,1267.22,1722.85,758.87,4925.13,1022.86,7989.15,872.08,1387.16,152.56,3767.87,438.43,4206.3,530.26,3149.59,437.29,-196.75,27.85,98.93,11.7975,2.54,1.34,0.32,0.0,0.0,8.4,16.48,21.32,21.399999999999995,29.44,7.13,6.9,1.31,1.11,3,2011,0.0,524.125,167.72
2011-06-30,2509.3999999999996,252.97,0.4750440942261523,0.41,1079.8200000000002,394.00000000000006,510.94000000000005,17.5,0.0,2115.3999999999996,294.73,1206.19,1975.35,803.82,5001.84,1015.21,8022.28,871.69,1308.19,153.48,3715.82,517.86,4233.68,530.26,3124.92,-6.170000000000016,104.93,-159.56,116.94,9.208881982053207,2.97,1.35,0.79,0.41,0.52,12.60370153794956,22.48942927095961,32.375157003969676,32.73594998692624,39.35048800779671,8.83,8.52,1.35,1.13,6,2011,218.33278481012655,532.5189873417721,420.69
2011-09-30,2361.7200000000003,182.57,0.34500845406624003,0.5374094508445044,953.9499999999998,276.8499999999999,382.1399999999999,17.4,0.0,2084.87,191.36,1200.01,1781.5,742.74,4781.11,1037.48,8089.06,889.82,1275.41,150.71,3905.83,584.03,4489.86,530.26,2951.43,296.72,-78.66,-224.03,105.29000000000002,12.605778057731282,3.13,1.52,1.14,0.95,0.83,9.030747604681231,15.531433212876703,24.743764214434904,24.840608692769283,28.39964327155787,8.57,8.26,1.22,1.03,9,2011,284.38388185654014,529.1754385964913,603.26
2011-12-31,2143.51,22.279999999999973,0.04202832752501833,0.0016902729375151495,688.21,53.510000000000105,157.42000000000007,18.0,0.0,2090.0,-26.159999999999968,1016.22,1752.87,995.15,5440.02,1075.01,8533.88,1254.71,1429.24,145.96,4345.04,546.18,4891.22,530.26,2930.38,-392.99,-99.58000000000001,309.09000000000003,103.90999999999997,107.0408999102335,3.26,1.67,1.18,0.95,0.81,1.0442970873165573,1.8321501422770703,3.0417111615564116,2.9134891453783895,3.5204066886210277,6.87,6.62,1.25,1.02,12,2011,0.8960451977400226,530.1186440677966,625.54
2012-03-31,2864.06,145.79,0.27,0.0,1085.85,346.04,465.25,20.1,0.0,2518.02,263.63,1211.11,1858.89,943.66,6000.47,1190.54,9374.4,1639.11,1452.91,143.17,4782.41,621.52,5403.93,530.26,3175.25,-104.57,-115.92,414.96,119.21,18.61,3.36,1.7,0.27,0.0,0.0,6.24,15.96,18.36,18.44,30.16,5.24,5.09,1.25,1.06,3,2012,0.0,539.9629629629629,145.79
2012-06-30,3255.03,50.19,0.09475609756097561,0.0,910.5700000000002,133.95999999999998,565.3,25.0,0.0,3121.07,30.78000000000003,1260.16,2802.85,725.55,6756.71,1405.04,10522.31,2147.36,1617.12,392.74,5942.05,359.44,6301.5,530.26,3339.84,-393.05,-15.600000000000009,458.29,431.34,65.96119047619047,3.97,1.89,0.37,0.0,0.0,1.9053658536585365,5.3063414634146335,6.013170731707317,6.20780487804878,10.735609756097562,3.3,3.2,1.14,1.01,6,2012,0.0,529.6756756756756,195.98
2012-09-30,2663.09,9.120000000000005,0.01734178449536812,0.0,921.44,71.48000000000002,205.61000000000013,20.4,0.0,2591.6100000000006,-33.450000000000045,1245.81,2089.58,1048.14,6649.66,1488.36,10941.42,2640.33,1348.16,346.29,5937.29,416.57,6353.86,530.26,3703.87,-328.39,-139.59,453.1300000000001,134.13,294.100356359649,2.92,1.72,0.39,0.0,0.0,0.33260653339834245,1.0316138469039497,0.9853690882496349,1.09564505119454,1.9600663091175046,2.42,2.34,1.12,0.94,9,2012,0.0,525.8974358974359,205.1
2012-12-31,3061.459999999999,-552.58,-1.0495648670427076,0.0,455.15999999999985,-508.1,-382.22,17.5,0.0,3569.5599999999995,-625.74,844.86,2354.98,1039.38,6305.75,1631.24,11309.06,3109.19,1895.6,324.13,6965.41,490.27,7455.68,530.26,2991.78,-469.9200000000001,-435.87,504.81999999999994,125.88,-4.169156321256651,3.1,2.49,-0.66,0.0,0.0,-19.528267526188557,2.79883964544722,-73.85120064464142,-74.6145205479452,6.360999194198228,-3.04,-2.93,0.91,0.76,12,2012,0.0,526.4848484848485,-347.48
2013-03-31,2604.81,-225.53,-0.43,0.0,765.91,-158.22,-25.28,24.0,0.0,2763.03,-242.57,1070.95,2118.45,993.55,6211.74,1671.07,11710.69,3106.3,1894.78,325.55,7040.36,754.72,7795.07,530.26,3023.73,101.98,20.91,102.41,132.94,-13.9525,4.21,2.58,-0.43,0.0,0.0,-7.719999999999999,-6.0,-29.84,-29.12,-13.56,-8.95,-8.66,0.88,0.74,3,2013,0.0,524.4883720930233,-225.53
2013-06-30,2817.9,-215.59,-0.4056485763511063,0.0,865.7900000000001,-112.35,112.6,18.1,0.0,2930.2499999999995,-219.65000000000003,800.49,2408.08,845.02,5827.54,1714.04,10820.45,2711.58,1855.1,41.28,6210.33,731.84,6942.17,530.26,2992.26,-418.93,849.0,-699.4399999999999,224.95,-11.15639315367132,3.21,2.32,-0.83,0.0,0.0,-7.976126224156692,-4.965529561117156,-28.81571091766413,-27.232215270221253,-11.475456111715634,-8.43,-8.13,0.94,0.8,6,2013,0.0,531.4698795180723,-441.12
2013-09-30,2638.01,-285.9,-0.5308863580094083,0.0,649.4399999999998,-211.64,-19.489999999999995,15.9,0.0,2849.6500000000005,-371.63,3189.81,2012.79,799.58,8119.14,1721.45,11894.01,3037.1,1891.11,44.5,6680.1,711.25,7391.35,636.32,3634.41,308.22999999999996,721.4800000000001,1359.79,192.14999999999998,-7.4888908709338935,2.78,2.03,-1.35,0.0,0.0,-9.611009325740694,-6.638045720888007,-31.45993232648345,-31.161062969381856,-14.550218700998597,-9.43,-9.02,1.22,1.1,9,2013,0.0,538.5333333333333,-727.02
2013-12-31,2958.95,-555.69,-0.9833994433659986,0.0,-268.0799999999999,-508.45,-331.55,18.9,0.0,3467.3899999999994,-1376.5700000000002,1653.07,2421.67,619.68,8777.66,1785.01,12603.51,4329.44,2521.76,47.57,7916.68,710.05,8626.73,636.32,3045.63,-830.37,-1994.16,1288.6499999999999,176.9000000000001,-4.807075122820277,3.95,2.83,-2.27,0.0,0.0,-17.640539794653506,-14.365429754192297,-72.98816661599271,-73.62932572444278,-36.63271230441799,-13.09,-11.64,1.11,1.03,12,2013,0.0,565.0704845814978,-1282.71
2014-03-31,2178.22,-791.7,-1.24,0.0,238.3,-731.16,-349.29,17.2,0.0,2909.38,-794.3,766.26,2045.88,646.45,7154.49,1825.07,12179.68,4787.79,2431.0,43.2,8292.64,714.16,9006.8,636.32,2272.03,-1816.68,499.45,430.19,381.87,-3.4675000000000002,4.82,3.96,-1.24,0.0,0.0,-26.000000000000004,-24.48,-139.4,-119.6,-75.24,-37.48,-36.35,0.86,0.78,3,2014,0.0,638.4677419354839,-791.7
2014-06-30,2442.65,-912.95,-1.4353128208136567,0.0,-402.59000000000003,-820.1,-164.72999999999996,15.0,0.0,3262.76,-1422.95,1755.25,1934.92,694.73,7307.29,1747.77,16301.45,883.32,2111.12,979.12,4851.02,9293.62,14144.64,636.32,1277.31,269.24,-651.0899999999999,1370.86,655.37,-2.614064297058984,7.47,11.07,-2.68,0.0,0.0,-22.408018068225154,-24.50743085090781,-285.9057448743144,-171.0592966298067,-29.027595107500073,-43.1,-36.89,1.51,1.36,6,2014,0.0,636.0634328358209,-1704.65
2014-09-30,2653.41,-164.01,-0.2580401999293611,0.0,1689.6399999999999,1142.5,1352.13,13.9,0.0,1510.8999999999996,827.9200000000001,1055.86,2457.8,641.61,5934.88,1772.76,15950.24,926.57,1967.14,980.88,4623.14,9295.03,13918.17,636.32,1137.16,-292.0799999999999,-429.56000000000006,22.170000000000073,209.62999999999988,-13.472900737759897,7.78,12.24,-2.94,0.0,0.0,-4.11460019479199,-1.0321607997174445,-57.69217150257404,-27.496201984309607,-1.2673811180203993,-29.69,-25.69,1.28,1.14,9,2014,0.0,635.5986394557824,-1868.66
2014-12-31,2994.1400000000003,-445.35000000000014,-0.6755279795679363,0.0,501.3000000000002,-300.40999999999997,47.049999999999955,12.8,0.0,3294.55,-598.51,960.27,2625.27,637.51,5874.66,1880.01,15988.89,992.02,2008.84,983.75,4809.61,7096.51,11906.12,819.95,3142.07,-191.94000000000005,-160.94999999999993,257.6899999999998,347.46000000000004,-4.741291400022453,3.34,3.79,-3.51,0.0,0.0,-11.139475628886654,-3.818368978526455,-56.69816033638577,-57.575769335482576,-4.880737766906799,-25.74,-22.54,1.22,1.09,12,2014,0.0,659.2621082621083,-2314.01
2015-03-31,3011.91,376.81,0.45999999999999996,0.0,571.83,384.51,706.1,14.4,0.0,2627.4,-381.2,789.41,2178.66,554.66,4948.56,1361.11,11596.06,372.53,1926.3,347.21,3299.61,4360.7,7660.32,819.95,3499.38,-274.87,165.85,33.12,321.59,7.825,3.37,2.19,0.46,0.0,0.0,13.000000000000002,12.919999999999998,43.08,52.24000000000001,18.52,16.78,12.51,1.5,1.33,3,2015,0.0,819.1521739130435,376.81
2015-06-30,2261.5299999999997,-114.54000000000002,-0.1397521638006635,0.0,145.82999999999993,-52.81,70.5,13.6,0.0,2314.3399999999997,-709.1800000000001,1156.89,1801.9,476.21,4025.63,1306.43,10136.39,356.02,1606.79,461.24,3015.53,3348.53,6364.05,819.95,3383.36,34.59,962.6,-629.9,123.31,-24.3287825213899,3.3,1.88,0.32,0.0,0.0,-4.524476303046479,-4.384724139245816,-13.538490868189273,-19.652648034468303,-8.140563541388648,7.0,4.97,1.33,1.18,6,2015,0.0,819.5937499999999,262.27
2015-09-30,2072.3200000000006,-119.21999999999997,-0.14168053128276822,0.0,426.14,-72.89999999999998,90.70999999999992,11.5,0.0,2145.2200000000003,-332.79999999999995,1156.74,1476.91,342.94,3529.28,1262.26,9776.0,235.0,1548.2,460.65,2795.77,3318.93,6114.71,819.95,3261.5,428.26,-288.7700000000001,-137.01,163.61,-20.293013965777565,2.89,1.87,0.17,0.0,0.0,-4.867142957008038,-6.700655714785037,-14.634765466620058,-21.66878713736455,-12.367876966095766,2.63,1.95,1.26,1.14,9,2015,0.0,841.4705882352941,143.05
2015-12-31,2362.33,-1288.53,-1.574835003666585,0.0,463.18000000000006,-1189.75,-1048.61,8.9,0.0,3552.080000000001,-497.8899999999999,1058.81,1414.96,300.99,3346.51,524.05,7589.62,3.0,1489.01,421.27,2566.67,2989.27,5555.94,819.95,1822.22,183.17,-42.16999999999996,-239.09000000000003,141.14,-1.4134814090475194,4.0,3.05,-1.4,0.0,0.0,-67.89788630093933,-35.54627579704578,-282.8403666585187,-207.653244054894,-83.37626462269093,-15.58,-11.8,1.3,1.19,12,2015,0.0,818.2,-1145.48
2016-03-31,1995.18,-144.24,-0.18,0.0,742.49,-104.68,16.41,7.9,0.0,2099.86,15.57,1124.14,1306.58,265.82,3150.66,516.99,7320.68,60.5,1388.09,430.2,2440.73,2993.62,5434.35,819.95,1678.54,-39.94,50.53,54.17,121.09,-10.9725,3.86,3.24,-0.18,0.0,0.0,-7.88,-4.44,-34.36,-22.28,-8.6,-7.32,-7.23,1.29,1.18,3,2016,0.0,801.3333333333334,-144.24
2016-06-30,1849.3999999999999,-108.72999999999999,-0.13324228169348143,0.0,116.45000000000005,-76.93,38.78,8.0,0.0,1926.33,-654.46,1256.82,1405.91,313.86,3363.87,488.2,7387.27,385.5,1392.58,411.15,2765.43,2854.6,5620.03,819.95,1569.85,-67.18,-370.02,569.84,115.71000000000001,-15.012314218706889,4.18,3.58,-0.31,0.0,0.0,-5.879852946989761,-3.5588583626516974,-27.697202039767557,-17.55359607858639,-6.756673123295252,-8.02,-6.58,1.22,1.1,6,2016,0.0,816.0322580645161,-252.97
2016-09-30,2067.2,-10.97999999999999,-0.013311612047736301,0.0,523.3899999999999,63.500000000000014,280.81,8.15,0.0,2003.69,-191.26999999999998,795.71,1660.27,375.1,3399.15,459.68,7681.18,236.93,1481.58,416.92,2825.89,3090.42,5916.32,819.95,1559.18,-345.02,-187.57,71.18000000000006,217.31,-153.0693647540985,4.29,3.79,-0.32,0.0,0.0,-0.572399318052661,-0.22463345330555012,-2.8170698996021946,-1.8220268990339061,-0.4043402159499902,-5.37,-4.46,1.2,1.07,9,2016,0.0,824.84375,-263.95
2016-12-31,1534.88,-256.2,-0.3103066423147169,0.0,77.88000000000011,-236.25,76.45999999999998,8.7,0.0,1771.1400000000003,-571.2099999999999,868.82,1397.27,370.8,3244.63,429.88,7248.59,322.91,1210.4,1921.67,4179.27,1600.88,5780.15,819.95,1302.17,50.139999999999986,-56.10999999999996,79.82999999999993,312.71000000000004,-7.009437451209992,5.48,4.44,-0.63,0.0,0.0,-14.14604248774392,-9.41756031913871,-78.68982408920503,-65.60769008939728,-22.755820436412574,-8.6,-6.99,0.78,0.69,12,2016,0.0,825.6349206349206,-520.15
2017-03-31,2061.54,3.58,0.0,,786.46,73.0,283.57,9.95,0.0,1988.55,67.99,989.61,1652.96,318.72,3581.54,399.57,7584.81,361.28,1334.75,428.67,2996.22,3111.5,6107.72,819.95,1306.96,135.04,-47.8,32.36,210.57,0.0,6.24,4.67,0.0,0.0,0.0,0.2,3.92,1.08,0.96,6.36,0.18,0.17,1.2,1.09,3,2017,,inf,3.58
2017-06-30,2129.4300000000003,8.53,0.007043765483071841,,134.89,73.44999999999999,271.01000000000005,11.0,0.0,2055.9700000000003,-581.28,1269.6,1564.01,345.95,3671.4,370.47,7528.58,449.8,1385.74,256.24,2973.2,3075.6,6048.79,819.95,1315.52,264.96000000000004,-63.400000000000006,78.43,197.56,390.4161781946073,6.86,4.6,0.01,0.0,0.0,0.45080099091659787,5.522312138728323,2.592105697770438,2.3667052023121387,9.044194880264245,0.36,0.29,1.23,1.12,6,2017,,1211.0,12.11
2017-09-30,1860.4099999999999,-773.34,-0.9447948714580351,0.0,1131.25,-747.8499999999999,-482.02000000000004,11.3,0.0,2608.2599999999998,247.42999999999995,1172.5,1084.4,299.18,2942.75,350.16,6739.9,514.8,1337.69,321.75,3008.0,3023.59,6031.59,819.95,542.73,-253.2,91.67,63.83,265.83000000000004,-2.98993473116611,17.07,11.11,-0.93,0.0,0.0,-45.87842623123103,-33.890706356817255,-569.9652846051785,-294.3290001707763,-65.50577775442376,-13.24,-12.58,0.98,0.88,9,2017,0.0,818.5268817204301,-761.23
