,revenue,net_profit,eps,dps,gross_profit,ebit,ebitda,close_price,expense,operating_profit,cash,account_receivable,inventory,current_asset,property_plant_equipment,total_asset,short_term_loan,account_payable,current_liability,non_current_liability,total_liability,paid_in_capital,total_equity,cash_flow_operation,cash_flow_investment,cash_flow_financing,depreciation,P/E,P/BV,D/E,EPS,DPS,DPR%,ROA%,ROAA%,ROE%,ROAE%,ROCE%,NPM%,NPMA%,CurrentRatio,QuickRatio,month,year,dividend,number_of_shares,return_old
2000-03-25,985.63,98.58,13.32,0.0,197.41,135.08,216.28,175.0,850.55,134.07,398.7,460.74,362.86,1250.07,1324.01,2574.08,2.99,216.11,558.18,84.0,642.18,74.0,1931.9,4.53,-21.9,-9.15,81.2,3.285,6.7,0.33,13.32,0.0,0.0,15.32,0.0,20.4,0.0,26.8,10.01,10.0,2.24,1.59,3,2000,0.0,7.400900900900901,98.58
2000-06-25,1047.8000000000002,54.750000000000014,7.398552142437881,2.0,147.04,82.82,1.6200000000000045,170.0,964.98,81.12,193.63,650.15,345.68,1481.43,1328.1,2809.53,0.03,333.82,750.3,87.37,837.67,74.0,1971.85,144.53,-336.92,-15.81,-81.2,5.741123287671232,6.38,0.42,20.72,2.0,0.1,7.798473879866954,0.0,11.112111132850716,0.0,15.111328507141462,7.55,7.54,1.97,1.51,6,2000,14.800193050193052,7.400096525096526,153.33
2000-09-25,1079.57,68.63,9.272903676338078,0.00028027763881067656,133.23000000000002,91.70000000000002,348.76,180.0,987.8700000000001,90.45999999999998,74.48,665.78,368.4,1506.52,1343.43,2849.96,0.0,316.98,719.63,89.85,809.48,74.0,2040.48,90.34,-207.58999999999997,-1.9100000000000001,257.06,4.851231239982515,6.53,0.4,29.99,2.0,0.07,9.634667507659037,0.0,13.456377725716345,0.0,17.97069562083258,7.14,7.13,2.09,1.58,9,2000,0.002074372281107628,7.40113371123708,221.96
2000-12-31,270.57000000000016,45.03,6.0851807183789655,19.99967860742774,155.17000000000002,82.97999999999996,173.2800000000001,162.0,187.5899999999997,79.76000000000005,394.41,701.8,293.67,1430.18,1296.63,2726.8,0.0,411.42,696.21,93.17,789.38,74.0,1937.42,251.89000000000001,257.38,-149.01999999999998,90.30000000000001,6.655480235398623,6.19,0.41,36.08,22.0,0.61,6.604647365069852,0.0,9.296429079740813,0.0,13.040636727967337,7.91,7.89,2.05,1.63,12,2000,147.99651306533073,7.399944567627495,266.99
2001-03-25,784.57,65.19,8.81,0.0,149.3,90.57,161.91,167.0,694.0,88.3,556.31,568.84,393.42,1565.44,1263.44,2828.88,0.0,436.78,733.86,92.4,826.27,74.0,2002.61,205.23,-38.16,-5.18,71.34,4.74,6.17,0.41,8.81,0.0,0.0,9.2,13.4,13.04,13.24,17.28,8.33,8.31,2.13,1.6,3,2001,0.0,7.399545970488081,65.19
2001-06-30,903.66,73.55000000000001,9.939905578780454,2.0,171.88,104.24000000000001,220.08,184.0,799.4200000000001,102.08,642.35,540.66,319.02,1547.18,1230.97,2778.15,0.0,361.94,621.62,95.17,716.79,74.0,2061.36,185.63000000000002,-83.10000000000001,-16.490000000000002,115.84,4.626238613188307,6.61,0.35,18.75,2.0,0.11,10.581360818797753,14.779976935274616,14.271053769641059,14.589130748162031,19.148234106962665,8.25,8.22,2.49,1.98,6,2001,14.798933333333334,7.399466666666667,138.74
2001-09-30,948.2199999999998,70.14999999999998,9.480274307051557,2.9259418832532457e-05,165.3,102.95999999999998,198.64,165.0,845.25,99.36000000000001,668.05,648.64,289.84,1665.95,1183.65,2849.6,0.0,314.64,618.76,99.33,718.09,74.0,2131.51,75.83999999999997,-47.8,-2.3299999999999983,95.68,4.347532430506059,5.73,0.34,28.23,2.0,0.07,9.846321030207283,14.037388098999468,13.164249126334433,13.446340179041599,17.93293120781272,7.95,7.92,2.69,2.22,9,2001,0.00021650726177568913,7.399574920297555,208.89
2001-12-31,891.6100000000001,53.97000000000003,7.292910294453325,0.00020618451670733313,156.91999999999996,81.05000000000001,180.66999999999996,206.0,810.5699999999997,77.76999999999998,630.7,761.34,285.95,1735.88,1144.61,2880.49,0.0,351.05,593.01,102.0,695.01,74.0,2185.48,27.819999999999993,-60.94,-4.219999999999999,99.62,7.062201222901608,6.98,0.32,35.52,2.0,0.06,7.498228714905277,11.09540744122347,9.879922392147916,10.471239443049537,13.600292170737278,7.48,7.45,2.93,2.45,12,2001,0.0015258350805655851,7.400337837837838,262.86
2002-03-31,839.48,54.89,7.42,0.0,136.73,78.83,170.29,210.0,760.66,75.86,643.17,886.74,299.2,1881.49,1081.0,2962.49,0.0,392.11,620.74,101.37,722.11,74.0,2240.37,46.07,-27.84,-5.77,91.46,7.074999999999999,6.94,0.32,7.42,0.0,0.0,7.4,10.88,9.8,10.36,13.48,6.56,6.54,3.03,2.55,3,2002,0.0,7.3975741239892185,54.89
2002-06-30,884.3399999999999,54.17999999999999,7.322024388007701,3.0000000000000004,143.69000000000003,67.30999999999999,161.00000000000003,210.0,817.0200000000001,65.83,903.62,322.89,310.12,2017.31,964.22,2981.52,0.0,379.0,607.94,101.24,709.17,74.0,2272.35,318.55,-30.599999999999998,-27.500000000000004,93.69000000000001,7.171684662236989,6.84,0.31,14.74,3.0,0.2,7.272349867057852,10.07399284862932,9.537508022370954,9.994513615109563,12.239801962042725,6.35,6.33,3.32,2.81,6,2002,22.19877883310719,7.399592944369063,109.07
2002-09-30,891.1200000000001,78.98000000000002,10.672064876362672,0.00042025977530620143,184.99,105.70000000000002,210.01999999999992,204.0,785.4199999999998,101.96000000000001,782.57,817.94,315.41,2202.8,902.86,3105.65,0.0,355.58,650.92,103.4,754.32,74.0,2351.33,101.06,10.919999999999995,-3.029999999999994,104.32000000000002,4.779822423398327,6.42,0.32,25.41,3.0,0.12,10.180671098112205,14.212620047859614,13.439829832491363,14.095021536825318,17.23658176017017,7.22,7.19,3.38,2.9,9,2002,0.0031101869636493973,7.4006296733569465,188.05
2002-12-31,929.9000000000001,55.44999999999999,7.4942895277207375,-0.0006741997968434355,156.98999999999995,78.53,183.20000000000005,220.0,851.3699999999999,68.11999999999998,996.71,1002.01,316.98,2372.44,837.08,3209.52,0.0,432.85,696.43,106.3,802.73,74.0,2406.78,7.389999999999986,-37.339999999999996,14.099999999999998,104.66999999999996,7.333543733092878,6.76,0.33,32.91,3.0,0.09,6.9136016427104705,9.883080082135521,9.218135523613961,9.65535934291581,11.978110882956877,6.91,6.87,3.41,2.95,12,2002,-0.004988381966921196,7.398966879367974,243.5
2003-03-31,946.86,72.88,9.85,30.0,177.49,97.51,171.89,260.0,849.36,95.4,833.84,920.27,367.77,2275.67,803.31,3078.98,0.0,430.53,717.25,104.06,821.31,74.0,2257.67,216.98,-157.86,-222.0,74.38,6.6,8.52,0.36,9.85,30.0,3.05,9.48,12.920000000000002,12.920000000000002,12.960000000000003,16.52,7.71,7.7,3.17,2.66,3,2003,221.9695431472081,7.398984771573604,72.88
2003-06-30,930.5500000000001,66.70000000000002,9.01248029803697,10.007554207219195,165.45,89.61999999999999,164.72000000000003,344.0,840.92,84.51999999999998,1039.42,787.98,360.63,2224.61,745.28,2969.89,0.0,378.79,609.82,109.7,719.52,74.0,2250.37,178.54,101.06000000000002,-74.0,75.1,9.542500749625184,11.31,0.32,18.86,40.0,2.12,8.983808568562834,12.023011892821323,11.850981515976503,11.79363805702823,15.15778764866027,7.47,7.43,3.65,3.06,6,2003,74.06439110517792,7.400848356309651,139.58
2003-09-30,943.4300000000001,58.28999999999999,7.877265881639459,-0.005798766406232642,158.24,81.19,157.53999999999996,500.0,862.24,78.35999999999999,1040.19,783.21,317.68,2286.07,693.18,2979.25,0.0,343.26,554.51,116.09,670.6,74.0,2308.66,142.85000000000002,-142.08999999999997,0.0,76.35000000000002,15.86965603019386,16.03,0.29,26.74,40.0,1.5,7.824240157679283,10.393041896194468,10.098454540860159,10.00418658715318,13.044328094203264,7.04,7.01,4.12,3.55,9,2003,-0.04290957026182696,7.399775617053105,197.87
2003-12-31,956.29,55.579999999999984,7.510810810810809,0.0012128807940282084,136.08999999999997,69.31,-156.51999999999998,508.0,886.98,65.77000000000004,1153.87,840.01,285.48,2440.17,666.1,3106.27,0.0,358.95,619.68,122.36,742.04,74.0,2364.24,184.73000000000002,-71.06,0.0,-225.83,16.90654686937748,15.9,0.31,34.25,40.0,1.17,7.157747879266126,9.377000591832706,9.403315841388833,9.315598342868412,11.912036299072794,6.73,6.71,3.94,3.48,12,2003,0.008975317875808742,7.3999999999999995,253.45
2004-03-31,944.98,43.3,5.85,0.0,168.69,97.91,97.91,492.0,847.07,93.16,1195.61,841.46,309.34,2526.85,634.98,3161.83,0.0,376.44,642.46,111.84,754.3,74.0,2407.53,68.76,-27.02,0.0,0.0,21.025,15.12,0.31,5.85,0.0,0.0,5.48,12.56,7.2,7.44,15.56,4.61,4.58,3.93,3.45,3,2004,0.0,7.401709401709402,43.3
2004-06-30,983.03,74.14,10.018748297002725,15.0,210.43,112.28,224.33,436.0,870.7499999999999,106.42000000000002,1173.69,855.64,331.81,2528.87,618.58,3147.45,0.0,409.86,653.82,122.96,776.77,74.0,2370.68,127.49999999999999,-38.42,-111.0,112.05,10.878327488535202,13.61,0.33,15.87,15.0,0.95,9.41901226158038,17.34815395095368,12.499761580381472,12.828038147138965,21.2874727520436,6.14,6.09,3.87,3.36,6,2004,111.00189035916824,7.40012602394455,117.44
2004-09-30,1049.24,122.6,16.568671888018663,-0.0012553043301859457,217.93999999999994,122.57999999999998,181.25,456.0,926.6600000000001,118.87999999999997,1327.02,809.92,368.7,2663.5,602.52,3266.03,0.0,408.25,646.64,126.12,772.76,74.0,2493.27,195.76,-42.43000000000001,0.0,58.67,6.882060358890701,13.53,0.31,32.44,15.0,0.46,15.015997333777703,21.778303616063987,19.674020996500584,20.429928345275787,25.946008998500247,8.11,8.06,4.12,3.55,9,2004,-0.009288632904372207,7.399506781750925,240.04
2004-12-31,1075.63,82.70000000000002,11.174775360971681,0.0022080892285840804,200.2700000000001,113.35000000000002,175.25,460.0,962.2800000000002,102.45000000000005,1288.39,939.22,377.29,2762.31,609.03,3371.33,0.0,399.82,670.11,125.25,795.36,74.0,2575.97,29.319999999999993,-67.94999999999999,0.0,61.900000000000006,10.292947400241836,13.21,0.31,43.61,15.0,0.34,9.808997955010227,14.113887339654212,12.842919997521227,13.396405775546883,16.932564912933014,8.01,7.96,4.12,3.56,12,2004,0.016341176740041874,7.400596193533594,322.74
2005-03-31,1057.54,96.23,13.0,5.0,182.9,127.99,170.91,472.0,929.55,117.45,1440.93,887.2,375.91,2859.27,619.69,3478.96,0.0,423.28,718.68,125.08,843.76,74.0,2635.2,242.41,-52.87,-37.0,42.92,9.0775,13.25,0.32,13.0,5.0,0.38,11.08,15.399999999999999,14.6,15.279999999999998,18.56,9.2,9.1,3.98,3.46,3,2005,37.011538461538464,7.4023076923076925,96.23
2005-06-30,1073.62,75.27999999999999,10.174277884671445,14.997799186412093,185.79999999999998,106.64,155.46,456.0,966.98,98.17,1366.98,913.93,352.57,2794.18,687.81,3481.98,0.0,436.58,754.76,127.74,882.5,74.0,2599.48,133.69000000000003,-96.63999999999999,-111.0,48.81999999999999,11.203512553134965,12.98,0.34,23.18,20.0,0.86,8.655597924319279,12.430351582998075,11.58761588245583,12.114325695294735,15.099014634715175,8.12,8.05,3.7,3.23,6,2005,110.96947965752969,7.399050905953408,171.51
2005-09-30,1147.38,75.60000000000002,10.215223989316502,0.004507324690680562,178.29000000000002,101.62,153.55,460.0,1045.7700000000002,94.42000000000002,1097.84,775.54,328.47,2759.67,716.56,3476.23,0.0,445.68,670.1,131.06,801.15,74.0,2675.08,223.31999999999994,-492.46000000000004,0.0,51.92999999999999,11.26050198412698,12.72,0.3,33.39,20.0,0.6,8.70083768362268,12.200752701226179,11.307417749180528,11.699016632269034,14.66048318562584,7.6,7.54,4.12,3.63,9,2005,0.03335744247721095,7.400718778077269,247.11
2005-12-31,1101.6999999999998,45.80000000000001,6.188808849134547,-0.000713477607337428,170.66999999999996,82.10000000000002,135.21999999999997,496.0,1019.5899999999997,60.599999999999966,754.55,945.51,368.5,2642.41,1004.89,3647.3,0.0,493.01,788.96,137.46,926.42,74.0,2720.89,-3.7799999999999727,-339.5,0.0,53.120000000000005,20.03363700873362,13.49,0.34,39.58,20.0,0.51,5.02234816155133,7.455341231094876,6.736075927759381,6.9174558738178975,9.156560035505787,6.76,6.69,3.35,2.88,12,2005,-0.005280058766174989,7.40045477513896,292.91
2006-03-31,1051.15,43.06,5.82,20.0,123.26,52.43,103.5,480.0,998.73,39.03,715.18,823.71,376.16,2518.38,1137.28,3655.66,0.0,472.31,773.84,117.86,891.71,74.0,2763.95,119.4,-158.78,0.0,51.07,20.6175,12.85,0.32,5.82,20.0,3.44,4.72,5.88,6.24,6.400000000000001,7.279999999999999,4.15,4.1,3.25,2.77,3,2006,147.9725085910653,7.398625429553265,43.06
2006-06-30,996.4499999999998,35.47,4.792266649688017,0.0077891741856271615,131.83999999999997,37.04,82.69999999999999,428.0,959.4000000000001,25.560000000000002,380.34,841.46,420.08,2260.78,1384.68,3645.46,0.0,579.27,880.36,113.69,994.05,74.0,2651.41,100.38,-287.22,-148.0,45.660000000000004,22.32802509162673,11.95,0.37,10.61,20.0,1.89,3.8844008659111164,4.5348121736915825,5.347826308417165,5.402027250732204,5.853701770024195,3.88,3.84,2.57,2.09,6,2006,0.05765163513640914,7.401508011310085,78.53
2006-09-30,1045.6100000000001,80.5,10.878104760108155,-0.0035725539902795576,202.25000000000003,105.83000000000001,158.99,440.0,939.79,92.81,358.5,650.01,504.05,1830.46,1453.41,3658.33,0.0,567.1,814.74,111.67,926.41,74.0,2731.91,80.63000000000002,-102.46000000000004,0.0,53.15999999999998,10.109764285714284,11.92,0.34,21.49,20.0,0.93,8.807772118468213,11.075520342073823,11.784191661950574,11.905678173929449,13.910205621580833,5.21,5.14,2.25,1.63,9,2006,-0.026437564498564825,7.400186133085157,159.03
2006-12-31,1096.6800000000003,57.859999999999985,7.8190631195536895,5.9991280777605285,157.32999999999993,80.89999999999998,142.89999999999998,428.0,1015.77,48.599999999999994,362.48,824.23,393.1,1865.96,1565.02,3790.53,0.0,664.62,930.04,115.12,1045.16,74.0,2745.37,190.61999999999995,-142.24,-44.400000000000006,62.0,13.682137919115107,11.54,0.38,29.31,26.0,0.89,6.103724468624647,7.9284393010281695,8.42996910876481,8.47265249665729,10.308038176033932,5.26,5.18,2.01,1.58,12,2006,44.39272906125831,7.399863527806209,216.89
2007-03-31,880.57,43.08,5.82,0.0,115.83,49.87,130.31,400.0,830.7,27.59,558.36,650.73,325.32,1918.51,1533.67,3801.15,0.0,568.31,915.85,96.84,1012.69,74.0,2788.45,261.7,-65.82,0.0,80.44,17.1825,10.62,0.36,5.82,0.0,0.0,4.52,5.36,6.16,6.2,6.92,5.02,4.89,2.09,1.74,3,2007,0.0,7.4020618556701026,43.08
2007-06-30,520.13,16.260000000000005,2.1975935288169874,0.0,46.14999999999999,26.390000000000008,100.44999999999999,390.0,493.74,9.180000000000003,432.9,370.17,301.04,1664.52,1675.07,3683.81,0.0,491.13,781.71,97.39,879.1,74.0,2804.72,81.86000000000001,-207.32,0.0,74.06,44.36814575645755,10.29,0.31,8.02,0.0,0.0,1.7646511627906982,2.27979777553084,2.3236400404448947,2.3894034378159765,2.882628918099091,4.36,4.24,2.13,1.74,6,2007,0.0,7.399002493765587,59.34
2007-09-30,563.29,6.079999999999998,0.8215713848975845,0.0,53.28,12.399999999999991,100.34000000000003,390.0,550.8899999999999,-3.720000000000006,496.1,311.11,483.43,1743.05,1680.74,3765.22,0.0,506.61,862.24,92.18,954.42,74.0,2810.8,166.06,-102.86000000000001,0.0,87.94,118.68134868421055,10.27,0.34,8.84,0.0,0.0,0.6468480586976457,0.8884867013145825,0.8661815958422499,0.877334148578416,1.1338428615102412,3.43,3.33,2.02,1.46,9,2007,0.0,7.400452488687783,65.42
2007-12-31,942.3399999999999,67.17,9.078259295572819,0.0,-51.97,-119.37,-58.85000000000002,360.0,1061.7200000000003,-132.06,488.48,630.46,424.06,2100.78,1770.42,4213.24,0.0,651.91,1243.0,92.28,1335.28,74.0,2877.96,165.27999999999997,-172.89999999999998,0.0,60.51999999999998,9.914147312788447,9.26,0.46,17.92,0.0,0.0,6.383151067199638,-1.5603258164265783,9.341690926917567,9.564594614978505,-2.0871890791160723,4.67,4.56,1.69,1.35,12,2007,0.0,7.398995535714286,132.59
2008-03-31,886.42,41.84,5.66,0.0,-46.11,-97.52,-11.21,344.0,983.94,-128.36,598.38,727.8,495.1,2197.78,1763.34,4405.85,0.0,639.54,1404.94,81.1,1486.04,74.0,2919.8,304.82,-194.92,0.0,86.31,15.195,8.72,0.51,5.66,0.0,0.0,3.8,-9.52,5.72,5.879999999999999,-13.0,4.89,4.72,1.56,1.21,3,2008,0.0,7.392226148409894,41.84
2008-06-30,1058.62,-75.79,-10.246718703976436,5.0,13.799999999999997,59.279999999999994,154.09,340.0,999.3499999999999,-77.22999999999999,303.78,820.6,501.46,2010.33,1802.85,4279.67,0.0,717.11,1390.68,81.98,1472.66,74.0,2807.01,-135.18,-122.43000000000004,-37.0,94.81,-8.294882240401108,8.96,0.52,-4.59,5.0,-1.09,-7.05438586156112,-8.57241826215022,-10.804818851251841,-10.804818851251841,-11.787075110456556,-1.93,-1.75,1.45,1.08,6,2008,36.98257080610022,7.396514161220044,-33.95
2008-09-30,1294.54,196.88,26.60834468790278,0.0018031722191929654,65.9,255.21,405.62,300.0,1039.3200000000002,-31.849999999999994,561.75,890.39,516.28,2710.62,1736.98,4580.55,0.0,756.39,1492.58,84.08,1576.66,74.0,3003.9,339.85,-81.87,0.0,150.40999999999997,2.8178415786265747,7.39,0.52,22.02,5.0,0.23,17.207212913521143,25.134131221997176,26.197498312158594,27.06752593138157,33.9794120174308,5.86,5.03,1.82,1.47,9,2008,0.01334200043928746,7.399182561307902,162.93
2008-12-31,969.6199999999999,-132.88,-17.953171381031613,5.00155054926621,-36.28,-167.18,-33.799999999999955,258.0,1136.81,-197.47000000000003,395.91,604.99,386.72,1965.18,1743.37,3842.49,0.0,503.81,903.65,104.82,1008.48,74.0,2834.02,17.860000000000014,-146.69999999999993,-37.0,133.38000000000005,-3.592861040036123,6.74,0.36,4.06,10.0,2.46,-13.796525790349419,-21.9329384359401,-18.74912479201331,-18.572246256239602,-29.89247254575707,0.81,0.71,2.17,1.75,12,2008,37.01886551858365,7.401477832512316,30.05
2009-03-31,750.5,-96.01,-12.97,0.0,-25.34,-96.01,31.75,210.0,846.51,-99.7,249.11,521.62,296.06,1633.74,1671.28,3443.29,0.0,403.37,610.87,94.41,705.28,74.0,2738.01,-78.01,-68.79,0.0,127.76,-4.0475,5.68,0.26,-12.97,0.0,0.0,-11.16,-9.8,-14.040000000000001,-13.56,-13.56,-13.0,-12.79,2.67,2.19,3,2009,0.0,7.402467232074017,-96.01
2009-06-30,804.1199999999999,-5.719999999999999,-0.7731249385628622,5.0,63.620000000000005,-5.719999999999999,151.1,214.0,809.8399999999999,-24.799999999999997,277.72,491.02,308.65,1626.58,1572.4,3336.29,0.0,387.45,541.88,99.13,641.01,74.0,2695.28,114.89000000000001,-36.86,-37.0,156.82,-69.183513986014,5.88,0.24,-13.75,5.0,-0.36,-0.6859726727612305,-0.6005072250073723,-0.8479072053474883,-0.8321635702349355,-0.8186690258527473,-6.73,-6.54,3.0,2.43,6,2009,36.99272727272727,7.398545454545455,-101.73
2009-09-30,927.3400000000001,45.510000000000005,6.152187833511206,-0.0007955758222567029,130.98,45.510000000000005,161.01000000000002,250.0,881.8299999999999,47.78,336.15,642.03,326.47,1498.73,1611.97,3450.74,0.0,434.8,610.54,99.4,709.95,74.0,2740.79,97.12,-36.349999999999994,0.0,115.5,10.157524719841792,6.75,0.26,-7.6,5.0,-0.66,5.277929562433298,4.533191035218784,6.6378868729989335,6.346467449306298,6.411227321237995,-2.31,-2.27,2.45,1.92,9,2009,-0.005885167464114716,7.397368421052632,-56.22
2009-12-31,1280.63,289.43,39.11853522576219,20.00096366726172,100.11000000000001,352.20000000000005,490.34000000000003,254.0,928.4300000000003,39.19,536.75,653.6,345.64,1732.07,1556.46,3627.31,0.0,443.12,670.37,74.72,745.09,74.0,2882.23,437.52,-87.38,-148.0,138.14000000000004,1.6235986248833916,6.52,0.26,31.52,25.0,0.79,31.920327601732343,39.31710647056301,40.16103426096651,40.50853393936795,49.69245401140603,6.89,6.2,2.58,2.07,12,2009,147.98301830082823,7.398794416243655,233.21
2010-03-31,1468.9,350.74,47.4,0.0,109.3,479.62,585.67,283.0,989.28,33.79,1157.26,699.91,337.04,2385.5,1316.96,4168.21,0.0,531.2,864.44,70.8,935.24,74.0,3232.96,199.15,446.96,0.0,106.05,1.4925000000000002,6.48,0.29,47.4,0.0,0.0,33.64,50.4,43.4,47.0,58.080000000000005,34.45,23.88,2.76,2.37,3,2010,0.0,7.399578059071731,350.74
2010-06-30,1045.92,34.870000000000005,4.712211042244756,10.0,118.57000000000001,53.610000000000014,161.57000000000005,377.0,992.31,45.940000000000005,1143.2,691.89,392.47,2425.72,1431.43,4185.37,0.0,624.21,917.61,73.92,991.53,74.0,3193.84,127.86999999999998,-93.34999999999997,-74.0,107.96,19.9882441927158,8.73,0.31,52.11,10.0,0.19,3.331373149036592,5.129084826638313,4.365871217032754,4.738435206555847,5.903149814579498,18.82,15.33,2.64,2.22,6,2010,73.99923239301478,7.3999232393014776,385.61
2010-09-30,653.9499999999998,-30.370000000000005,-4.104446852831889,-0.0008533588240049974,81.61000000000001,-30.370000000000005,-244.38,410.0,684.3199999999999,-10.010000000000005,1075.46,728.75,445.14,2412.53,1344.58,4211.75,0.0,681.0,972.56,75.73,1048.29,74.0,3163.47,-8.579999999999984,-57.25,0.0,-214.01,-24.973243332235754,9.59,0.33,48.01,10.0,0.21,-2.8827733363359984,-4.490013511991894,-3.8402781218331277,-4.113850917689449,-5.307312239612656,11.27,11.21,2.48,2.02,9,2010,-0.006314250961040102,7.399291814205374,355.24
2010-12-31,1490.94,-20.389999999999986,-2.7554054054054036,5.000957007830576,58.089999999999975,-33.02000000000004,409.08000000000004,400.0,1523.9499999999998,-30.759999999999998,758.72,772.67,397.05,2131.49,1679.77,4115.33,0.0,620.61,931.83,77.42,1009.25,74.0,3106.08,35.99000000000001,-317.49,-37.0,442.1,-36.29320745463465,9.53,0.32,45.25,15.0,0.33,-1.98267403314917,-2.9569610273256663,-2.6257034493056572,-2.723132148723307,-3.595119008511271,8.01,7.19,2.29,1.86,12,2010,37.00708185794626,7.4,334.85
2011-03-31,1195.11,87.29,11.8,0.0,187.71,107.5,147.32,375.0,1087.6,106.54,772.56,857.71,593.88,2411.26,1591.3,4308.16,0.0,825.43,1038.59,76.2,1114.79,74.0,3193.36,110.83,-94.24,0.0,39.82,7.945,8.69,0.35,11.8,0.0,0.0,8.12,10.16,10.92,10.88,13.16,7.34,7.3,2.32,1.75,3,2011,0.0,7.397457627118644,87.29
2011-06-30,1231.8,58.12999999999998,7.8548652179892695,20.0,193.1,78.69999999999999,108.36000000000001,372.0,1153.1,70.27999999999999,376.11,995.44,641.76,2213.93,1770.17,4294.39,0.0,757.61,1111.76,79.14,1190.89,74.0,3103.5,-78.00999999999999,-174.15999999999997,-148.0,29.660000000000004,11.838984173404441,8.87,0.38,19.65,20.0,1.02,5.420456608444504,7.019411360198045,7.499097785724108,7.387170953101361,9.353885297758215,6.04,5.99,1.99,1.41,6,2011,148.01017811704835,7.400508905852417,145.42
2011-09-30,1320.8200000000002,123.01000000000002,16.620991319897186,0.0010089769945810978,230.14000000000004,146.42000000000002,174.90999999999997,360.0,1174.4100000000003,129.86,372.85,977.0,604.07,2506.81,1839.28,4350.12,0.0,780.35,1041.12,82.49,1123.62,74.0,3226.51,162.49,-170.38,0.0,28.489999999999995,5.417262620925127,8.26,0.35,36.27,20.0,0.55,11.309789516820029,14.242636068993779,15.250802071303507,15.397444398912198,18.421942405841378,7.25,7.16,2.41,1.83,9,2011,0.0074673199518997535,7.400882271850013,268.43
2011-12-31,395.74999999999955,-388.24,-52.46311326266589,-0.0017167150073789917,-20.860000000000014,-419.49,-517.46,350.0,815.2400000000002,-87.11000000000001,935.58,347.95,457.04,2249.31,1895.36,4149.08,0.0,486.95,1225.34,85.48,1310.81,74.0,2838.26,609.5899999999999,-45.14000000000004,0.0,-97.97,-1.6679709715639812,9.13,0.46,-16.19,20.0,-1.24,-37.4597646273266,-27.219898172105832,-54.69903346966029,-52.236280777898344,-38.49671312912111,-2.93,-2.89,1.84,1.46,12,2011,-0.012704115196669363,7.400247066090179,-119.81
2012-03-31,375.41,-302.24,-40.84,0.0,-23.91,-302.24,-272.73,350.0,677.66,-89.36,923.18,361.1,574.68,2320.9,1931.43,4256.32,0.0,974.76,1632.43,87.86,1720.29,74.0,2536.02,-11.8,0.53,0.0,29.51,-2.1425,10.21,0.68,-40.84,0.0,0.0,-28.400000000000002,-28.24,-47.68000000000001,-42.2,-46.07999999999999,-82.72,-80.51,1.42,1.07,3,2012,0.0,7.400587659157688,-302.24
2012-06-30,1117.35,-39.52999999999997,-5.342454574713985,0.0,93.47,-34.27999999999997,1.4700000000000273,302.0,1151.62,10.11,538.81,883.7,639.26,2573.21,1936.48,4514.09,0.0,1067.38,1926.35,91.25,2017.6,74.0,2496.49,-292.38,-93.03,0.0,35.75,-14.13594611687327,8.95,0.81,-46.19,0.0,0.0,-3.5022629253591577,-3.5346484477865205,-6.333682886151501,-5.64896041197296,-6.014454165081776,-23.22,-22.9,1.34,1.0,6,2012,0.0,7.399220610521758,-341.77
2012-09-30,2094.2700000000004,997.09,134.7468265885369,0.0,205.5,1081.6999999999998,1136.67,331.0,1012.5600000000002,102.28,857.93,1075.86,665.18,2713.11,1976.32,4692.63,0.0,905.86,1104.45,94.6,1199.04,74.0,3493.58,92.37,-86.47999999999999,315.5,54.97,0.6145124311747185,7.01,0.34,88.56,0.0,0.0,84.9623170359519,100.2993542086309,114.17572117438809,118.67945431239698,126.40883415735823,25.65,18.27,2.46,1.85,9,2012,0.0,7.399728997289973,655.32
2012-12-31,1179.9299999999998,236.3599999999999,31.941256953167045,43.0,226.23000000000002,306.23000000000013,339.18999999999994,386.0,873.71,100.66,675.35,1064.48,627.49,2484.08,1956.51,4445.97,0.0,704.49,937.32,96.91,1034.23,74.0,3411.74,280.71000000000004,-146.24000000000004,-318.2,32.959999999999994,3.018040277542733,8.37,0.3,120.5,43.0,0.36,21.26943118607571,25.945313116813196,27.715998564507437,30.250093307015963,31.776911896644524,25.62,18.71,2.65,1.98,12,2012,318.1928630705394,7.399834024896265,891.68
2013-03-31,997.43,70.6,9.54,20.0,152.85,94.13,138.93,446.0,903.3,51.73,1088.78,760.46,564.03,2523.12,1898.84,4427.41,0.0,654.26,827.42,121.25,948.66,74.0,3478.74,437.86,-20.08,0.0,44.8,11.6875,9.49,0.27,9.54,20.0,2.1,6.36,8.68,8.12,9.4,10.44,7.58,7.08,3.05,2.37,3,2013,148.0083857442348,7.40041928721174,70.6
2013-06-30,957.3100000000001,99.44,13.43878616796048,-0.002544721256854409,168.21,105.53999999999999,151.02999999999997,442.0,851.77,54.63,875.62,809.43,546.83,2337.23,1906.17,4248.7,0.0,659.62,694.32,124.2,818.51,74.0,3430.19,-38.400000000000034,-44.66,-148.0,45.49000000000001,8.220708970233307,9.54,0.24,22.98,20.0,0.87,9.35685721006822,10.66681721947777,11.602502940484593,13.427090096447895,13.146384380145848,9.13,8.7,3.37,2.58,6,2013,-0.018829608464557168,7.399477806788512,170.04
2013-09-30,930.4100000000001,60.72,8.204409776391056,0.0038379254926494332,166.19,74.87000000000003,123.45000000000005,440.0,855.53,61.58,991.54,768.75,565.33,2448.17,1915.2,4369.45,0.0,721.37,748.42,130.12,878.55,74.0,3490.9,141.50000000000006,-16.730000000000004,0.0,48.58,13.405894268774702,9.33,0.25,31.18,20.0,0.64,5.557316692667707,6.378283931357254,6.9571710868434735,6.9571710868434735,7.978117524700989,8.31,8.0,3.27,2.52,9,2013,0.028404095147010366,7.400898011545863,230.76
2013-12-31,888.5999999999999,98.32999999999998,13.287353307605821,-0.001697685948801169,164.80999999999995,122.59999999999997,165.20999999999998,420.0,766.0100000000002,63.599999999999994,1073.5,711.44,553.08,2465.87,2006.5,4477.99,0.0,695.45,755.88,132.86,888.75,74.0,3589.24,127.25,-82.68,0.0,42.609999999999985,7.898427743313333,8.66,0.25,44.47,20.0,0.45,8.784533106445044,10.63705369351849,10.959750828040962,11.234640979671214,12.752512686499132,9.12,8.72,3.26,2.53,12,2013,-0.012563334132920545,7.400269844839217,329.09
2014-03-31,904.55,22.85,3.09,0.0,142.27,28.89,77.03,436.0,875.67,33.29,1051.29,745.58,611.07,2548.03,1987.63,4541.61,0.0,728.05,791.4,138.12,929.52,74.0,3612.08,-45.96,-3.19,0.0,48.14,35.275,8.93,0.26,3.09,0.0,0.0,2.0,2.56,2.52,2.56,3.08,2.54,2.53,3.22,2.45,3,2014,0.0,7.394822006472492,22.85
2014-06-30,952.74,60.940000000000005,8.232972908461631,20.0,179.85999999999999,79.97,129.7,418.0,872.7600000000001,70.37,896.47,794.79,626.33,2452.76,1959.58,4418.07,0.0,713.77,747.32,145.73,893.05,74.0,3525.02,34.07,-27.16,-148.0,49.730000000000004,12.694308746307843,8.77,0.25,11.32,20.0,1.77,5.527437641723355,7.3020360424871695,6.923842940685045,7.011118271870152,8.640257787325458,4.53,4.51,3.28,2.44,6,2014,148.03886925795052,7.401943462897527,83.79
2014-09-30,1026.67,69.96999999999998,9.45614334027055,-0.0068138864477906265,214.49,88.24,135.84,412.0,938.4199999999998,85.28999999999999,1078.48,852.86,664.79,2718.42,1941.37,4666.22,0.0,889.65,925.72,145.51,1071.22,74.0,3594.99,212.79000000000002,-32.05,0.0,47.599999999999994,10.894171787909105,8.48,0.3,20.78,20.0,0.96,6.006789802289281,7.93624349635796,7.790624349635795,7.899838709677417,9.592661290322578,5.35,5.33,2.94,2.22,9,2014,-0.050418824841784726,7.3994225216554375,153.76
2014-12-31,946.4499999999998,83.41,11.271621621621621,0.001560752282602908,210.76,99.64000000000001,150.47000000000003,412.0,846.8200000000002,73.50999999999999,1127.22,760.17,679.65,2713.9,1983.5,4703.16,0.0,805.48,882.57,142.19,1024.76,74.0,3678.41,106.16999999999999,-66.56,0.0,50.83000000000001,9.134499760220596,8.29,0.28,32.05,20.0,0.62,7.090043428764178,9.087635029725513,9.07356748323987,9.186107855125016,10.930483619344773,6.25,6.19,3.07,2.3,12,2014,0.01154956689126152,7.4,237.17
2015-03-31,918.58,46.54,6.29,0.0,178.64,58.76,111.11,416.0,859.81,61.67,1203.39,745.84,653.23,2760.87,1974.89,4741.26,0.0,797.09,873.59,142.91,1016.5,74.0,3724.77,103.33,-42.18,0.0,52.35,16.535,8.26,0.27,6.29,0.0,0.0,3.92,5.08,5.0,5.08,6.080000000000001,5.09,5.07,3.16,2.41,3,2015,0.0,7.399046104928457,46.54
2015-06-30,988.9999999999999,90.46000000000001,12.222004379562046,20.0,189.73000000000002,116.89000000000001,169.44,390.0,872.1200000000001,72.30999999999999,1067.42,826.58,661.56,2717.53,1996.47,4718.56,0.0,852.94,903.26,172.99,1076.25,74.0,3642.3,82.29,-83.66999999999999,-148.0,52.550000000000004,7.977531505637851,7.92,0.3,18.51,20.0,1.08,7.65938686131387,10.142084671532848,9.930791240875912,10.089261313868613,12.149372262773722,7.34,7.18,3.01,2.28,6,2015,148.02809292274443,7.401404646137222,137.0
2015-09-30,1149.8400000000001,164.93,22.287099658861322,-0.0031338099823533788,256.36,207.01000000000002,262.96999999999997,400.0,942.8199999999999,127.02000000000001,1249.17,891.19,676.16,2991.15,2015.16,5010.68,0.0,968.67,1026.3,177.14,1203.44,74.0,3807.24,226.54000000000002,-86.95000000000002,0.0,55.96000000000001,4.485105802461651,7.77,0.32,40.8,20.0,0.49,13.175608915973902,17.283427284469912,17.327127479879444,17.82967972708906,20.976093796575363,10.28,9.88,2.91,2.26,9,2015,-0.023190961960096956,7.400245098039217,301.93
2015-12-31,1033.37,83.55000000000001,11.290130486665976,6.396405194285358e-05,237.35000000000002,100.46999999999997,148.60000000000002,430.0,932.9099999999999,101.92000000000002,1268.17,893.05,616.51,2970.55,2185.2,5160.13,0.0,1013.62,1089.89,165.03,1254.92,74.0,3905.21,177.61999999999995,-152.75,0.0,48.129999999999995,9.51588868940754,8.15,0.32,52.09,20.0,0.38,6.476273736640034,8.496316281000313,8.557004254436027,8.817095569160529,10.290946352599356,9.71,9.42,2.73,2.16,12,2015,0.0004733511757137876,7.400268765598003,385.48
2016-03-31,989.23,58.47,7.9,0.0,220.79,73.56,126.68,454.0,915.67,92.33,1296.82,804.41,651.77,2945.04,2194.19,5143.61,0.0,921.85,1013.47,166.46,1179.93,74.0,3963.68,137.94,-106.9,0.0,53.12,14.3675,8.48,0.3,7.9,0.0,0.0,4.56,5.96,5.92,6.08,7.12,5.93,5.91,2.91,2.26,3,2016,0.0,7.40126582278481,58.47
2016-06-30,926.4100000000001,51.629999999999995,6.977787465940055,20.0,196.79,67.22,120.78999999999999,420.0,859.1899999999999,61.72000000000001,1112.06,732.41,671.48,2717.67,2212.03,4933.89,0.0,857.84,897.69,168.88,1066.57,74.0,3867.31,56.94,-101.25999999999999,-148.0,53.57,15.049985473561884,8.04,0.28,14.88,20.0,1.34,4.18292098092643,5.477188010899182,5.345885558583106,5.495945504087194,6.5463651226158035,5.77,5.75,3.03,2.28,6,2016,147.98387096774192,7.399193548387096,110.1
2016-09-30,997.97,52.849999999999994,7.141804234427738,0.0024250462738432763,217.28000000000003,68.81,120.10999999999999,444.0,929.1600000000001,78.60999999999999,1052.8,831.23,743.06,2840.86,2251.76,5096.96,0.0,973.01,1005.09,171.72,1176.8,74.0,3920.16,-0.4199999999999875,-54.92999999999998,0.0,51.30000000000001,15.539602649006623,8.38,0.3,22.02,20.0,0.91,4.151457502301319,5.3839214482970235,5.396894752991716,5.474734581159864,6.64233200368211,5.61,5.59,2.83,2.09,9,2016,0.017945562684957395,7.400090826521343,162.95
2016-12-31,1002.71,116.56,15.750675110013955,0.0006131789409179389,258.21000000000004,146.26000000000002,198.27000000000004,436.0,856.44,105.08000000000001,1011.23,832.51,748.57,2824.04,2456.84,5284.65,0.0,1000.75,1077.0,184.02,1261.02,74.0,4023.63,71.12999999999997,-125.96000000000004,0.0,52.00999999999999,6.9182082189430325,8.02,0.31,37.77,20.0,0.53,8.824047797932096,11.359501985617689,11.593030660799256,11.759836857357518,14.111804228829024,7.17,7.14,2.62,1.93,12,2016,0.004537718977388749,7.400317712470214,279.51
2017-03-31,963.51,0.33,0.04,0.0,179.37,0.44,54.92,476.0,963.07,27.36,942.98,759.38,846.62,2778.25,2535.0,5319.16,0.0,1055.13,1121.58,173.62,1295.2,74.0,4023.95,130.13,-194.29,0.0,54.48,2975.0,8.75,0.32,0.04,0.0,0.0,0.04,0.04,0.04,0.04,0.04,0.03,0.03,2.48,1.72,3,2017,0.0,8.25,0.33
2017-06-30,1022.4300000000001,11.45,1.545458404074703,20.0,165.49,15.530000000000001,75.46999999999998,414.0,1006.9,17.6,582.84,861.1,940.71,2648.37,2631.41,5288.24,0.0,1202.32,1224.15,176.68,1400.84,74.0,3887.4,-68.38,-150.56000000000003,-148.0,59.940000000000005,66.97110043668123,7.88,0.36,1.59,20.0,12.58,0.8553480475382004,1.2052631578947368,1.166383701188455,1.166383701188455,1.5162988115449914,0.59,0.59,2.16,1.39,6,2017,148.17610062893078,7.40880503144654,11.78
2017-09-30,1034.8899999999999,26.03,3.5179396984924622,-0.025915742233173722,182.60000000000002,32.77,92.98000000000002,418.0,1002.1200000000001,41.37,505.46,876.42,880.75,2392.71,2885.91,5469.68,0.0,1355.83,1378.11,178.13,1556.24,74.0,3913.44,62.269999999999996,-139.35999999999996,0.0,60.209999999999994,29.704744525547447,7.9,0.4,5.11,20.0,3.91,1.9001005025125626,2.533467336683417,2.671155778894472,2.671155778894472,3.276984924623115,1.25,1.25,1.74,1.1,9,2017,-0.1917562062301954,7.3992172211350296,37.81
