,revenue,net_profit,eps,dps,gross_profit,ebit,ebitda,close_price,allowance_doubtful_accounts,expense,operating_profit,cash,account_receivable,inventory,current_asset,property_plant_equipment,total_asset,short_term_loan,account_payable,current_portion_long_term_debt,current_liability,non_current_liability,total_liability,paid_in_capital,total_equity,cash_flow_operation,cash_flow_investment,cash_flow_financing,depreciation,P/E,P/BV,D/E,EPS,DPS,DPR%,ROA%,ROAA%,ROE%,ROAE%,ROCE%,NPM%,NPMA%,TIE,CurrentRatio,QuickRatio,month,year,dividend,number_of_shares,return_old
2000-03-31,377.45,20.61,1.24,0.0,109.26,30.57,50.69,2.75,0.0,346.88,26.26,18.67,75.35,70.91,188.56,553.39,810.56,38.0,76.19,13.87,195.19,176.61,371.8,166.02,438.76,22.48,-15.0,11.92,20.12,0.555,1.04,0.85,1.24,0.0,0.0,10.16,0.0,18.8,0.0,19.88,5.52,5.46,0.0,0.97,0.6,3,2000,0.0,16.620967741935484,20.61
2000-06-30,346.84999999999997,18.9,1.1384965831435079,1.0,107.93999999999998,29.36,49.66,2.65,0.0,317.5,24.399999999999995,26.15,58.32,59.41,158.18,741.41,990.47,25.0,47.26,13.53,134.69,169.79,304.47,166.02,686.0,46.47,-6.899999999999999,-29.08,20.3,0.5801071428571429,0.64,0.44,2.38,1.0,0.42,7.634624145785877,0.0,11.02141230068337,0.0,13.394077448747153,5.53,5.45,0.0,1.17,0.73,6,2000,16.600840336134453,16.600840336134453,39.51
2000-09-30,361.9000000000001,20.0,1.2031591329188374,0.0013273667726205335,116.17000000000002,30.68,50.670000000000016,1.85,0.0,331.22,25.710000000000008,34.63,70.24,61.75,185.3,737.78,1014.14,1.03,90.09,13.55,142.2,165.94,308.14,166.02,706.0,52.36999999999999,-16.270000000000003,-28.66,19.989999999999995,0.386815,0.44,0.44,3.58,1.0,0.28,7.891110737691145,0.0,11.332549151403127,0.0,13.967400436901363,5.55,5.48,0.0,1.3,0.87,9,2000,0.02206469179850501,16.62290502793296,59.51
2000-12-31,358.05999999999995,19.550000000000004,1.1770554009612955,1.4991774863020377,110.88999999999999,29.03,49.129999999999995,3.2,0.0,329.01999999999987,22.11999999999999,23.34,89.69,67.62,218.08,737.49,1050.03,15.48,102.56,13.57,190.79,158.6,349.39,166.02,700.64,44.93000000000001,-43.45,-27.21,20.10000000000001,0.6773682864450127,0.76,0.5,4.76,2.5,0.53,7.448090058183659,0.0,11.157298254490263,0.0,13.76858082469011,5.56,5.47,0.0,1.14,0.79,12,2000,24.900204215764518,16.60924369747899,79.06
2001-03-31,391.06,21.07,1.27,0.0,116.2,30.99,49.6,3.5,0.0,360.07,11.46,63.6,81.07,69.17,245.27,732.83,1067.46,0.0,118.43,13.59,219.8,155.0,374.79,166.02,692.66,57.8,1.34,-3.39,18.61,0.69,0.84,0.54,1.27,0.0,0.0,7.88,13.2,12.16,14.880000000000003,14.64,5.67,5.39,0.0,1.12,0.8,3,2001,0.0,16.590551181102363,21.07
2001-06-30,391.09999999999997,19.659999999999997,1.1825926835256568,1.75,122.21999999999998,29.01,48.32,4.4,0.0,362.09,17.27,31.71,72.58,61.02,192.75,737.14,1018.68,0.0,81.26,11.01,155.61,150.75,306.36,166.02,712.32,26.290000000000006,-23.16,-35.019999999999996,19.310000000000002,0.9322736520854528,1.03,0.43,2.45,1.75,0.71,7.72305425975939,11.52665848269089,11.043967591455928,11.256351583599312,13.418806776331941,5.43,5.21,0.0,1.24,0.85,6,2001,29.092857142857138,16.624489795918365,40.73
2001-09-30,365.58000000000004,17.020000000000003,1.0256207792207794,-0.003128014842300136,113.27000000000001,25.700000000000003,43.69000000000001,4.0,0.0,339.87,5.830000000000002,69.96,54.77,61.43,198.32,736.9,1023.44,2.67,82.51,11.03,145.68,148.42,294.11,166.02,729.34,46.19999999999999,-7.259999999999998,-16.180000000000007,17.989999999999995,0.9755067567567565,0.91,0.4,3.48,1.75,0.5,6.6488519480519495,9.9143341991342,9.336685714285716,9.489939393939396,11.50581471861472,5.27,5.03,0.0,1.36,0.94,9,2001,-0.051908866995066916,16.594827586206897,57.75
2001-12-31,382.43000000000006,17.879999999999995,1.0780483934946448,1.2490185886826517,112.37,25.42,43.56999999999999,4.03,0.0,357.02,6.5,21.32,103.85,60.86,214.53,880.78,1182.63,12.06,110.71,33.65,276.19,179.98,456.17,166.02,726.46,69.03,-161.33999999999997,43.660000000000004,18.150000000000006,0.930570469798658,0.92,0.63,4.56,3.0,0.66,6.052201507338357,9.409282030940101,9.844284014280046,10.023958746529152,11.593748512495038,5.18,4.94,0.0,0.78,0.56,12,2001,20.715630671506347,16.585526315789473,75.63
2002-03-31,417.7,21.43,1.29,0.0,124.45,29.73,48.63,4.4,0.0,387.96,9.17,43.09,115.16,75.91,256.59,898.9,1244.36,0.0,130.6,37.67,335.56,185.8,521.36,166.02,723.0,60.17,-37.94,-0.46,18.9,0.8525,1.01,0.72,1.29,0.0,0.0,6.880000000000001,10.28,11.84,12.12,13.080000000000002,5.4,5.13,0.0,0.76,0.54,3,2002,0.0,16.612403100775193,21.43
2002-06-30,425.7,23.9,0.14235605559232295,1.5,132.44,32.129999999999995,51.21,6.15,0.0,393.58,12.770000000000001,43.4,85.6,62.04,212.54,902.24,1197.07,0.0,97.58,34.69,266.14,185.28,451.42,166.02,745.65,41.269999999999996,-14.700000000000003,-26.25,19.08,10.801437238493726,1.37,0.61,0.27,1.5,5.56,7.993028899183764,11.768100595632031,12.822589896315906,13.117846900507391,14.003617913081841,5.64,5.37,0.0,0.8,0.57,6,2002,251.83333333333331,167.88888888888889,45.33
2002-09-30,361.08000000000004,10.36,0.061389836595439035,0.1877213144191058,112.33000000000004,13.799999999999997,33.78,4.36,0.0,347.28999999999996,-5.760000000000002,27.43,70.6,78.14,195.67,910.07,1187.18,23.42,89.84,31.71,267.55,192.66,460.2,166.02,726.98,9.100000000000009,-26.03,0.9600000000000009,19.980000000000004,17.75253137065637,1.0,0.63,0.33,1.68,5.08,3.489919195546777,5.09721673550009,5.699953312982582,5.692512120667983,6.124101274914706,4.87,4.62,0.0,0.73,0.44,9,2002,31.679393939393947,168.75757575757575,55.69
2002-12-31,400.6399999999999,15.930000000000007,0.09564227869310252,-0.022184763016932632,122.38999999999999,22.03,42.079999999999984,4.5,0.0,378.60000000000014,0.9600000000000009,28.31,114.62,83.44,245.23,867.36,1184.65,43.42,138.33,31.73,282.6,166.1,448.71,166.02,735.94,35.749999999999986,-29.409999999999997,-5.469999999999999,20.050000000000004,11.768069679849338,1.02,0.61,0.43,1.68,3.9,5.3826584752862345,7.339988829935774,8.656738341245466,8.710120078190451,9.635403518570236,4.7,4.46,0.0,0.87,0.57,12,2002,-3.6950528541225935,166.55813953488374,71.62
2003-03-31,438.93,21.48,0.13,0.0,133.79,30.31,54.91,4.0,0.43,408.62,14.86,27.84,103.46,78.74,240.22,873.84,1187.15,15.0,123.62,19.75,278.19,176.44,454.63,166.02,732.52,66.33,-37.96,-28.84,24.6,7.6925,0.91,0.62,0.13,0.0,0.0,7.239999999999999,9.96,11.72,11.8,13.319999999999999,5.08,4.89,0.0,0.86,0.58,3,2003,0.0,165.23076923076923,21.48
2003-06-30,403.19,17.94,0.10922374429223745,0.15,120.9,25.680000000000003,49.88000000000001,4.48,0.71,377.51,7.539999999999999,25.22,68.18,82.26,200.13,923.12,1196.53,3.04,118.12,37.71,246.71,199.37,446.07,166.02,750.46,51.60000000000001,-59.029999999999994,4.800000000000001,24.199999999999996,10.25601170568562,0.99,0.59,0.24,0.15,0.63,5.98910197869102,8.51945205479452,9.557077625570777,9.593485540334855,10.722130898021309,4.88,4.68,0.0,0.81,0.48,6,2003,24.6375,164.25,39.42
2003-09-30,367.41999999999996,6.719999999999999,0.040780234070221064,0.13048764629388818,104.63999999999999,10.050000000000004,33.92,5.25,0.77,357.37,-10.959999999999999,21.63,89.74,71.29,203.92,927.21,1206.05,43.07,107.89,37.28,271.84,197.9,469.74,166.02,736.31,5.269999999999996,-27.710000000000008,18.86,23.870000000000005,32.18470982142858,1.18,0.64,0.28,0.28,0.98,2.2312613784135236,3.2158127438231463,3.652743823146943,3.6760468140442124,4.118803641092327,4.0,3.81,0.0,0.75,0.49,9,2003,21.5025,164.78571428571428,46.14
2003-12-31,417.09000000000015,8.219999999999999,0.049900662251655625,-9.933774834436678e-05,113.00999999999999,11.36999999999999,37.79999999999998,4.56,1.37,405.72,-17.4,20.51,129.34,110.96,298.47,936.39,1308.84,84.4,168.36,36.84,385.36,180.27,565.63,166.02,743.21,8.019999999999996,-32.02999999999999,22.89,26.429999999999993,22.848394160583947,1.02,0.76,0.33,0.28,0.83,2.5101545253863136,3.7561589403973503,4.4215011037527585,4.44569536423841,5.068697571743929,3.53,3.34,0.0,0.77,0.49,12,2003,-0.016363636363635692,164.72727272727272,54.36
2004-03-31,466.82,20.62,0.12,0.0,130.67,29.09,56.53,4.02,0.34,437.73,4.38,26.34,148.59,111.86,327.87,926.31,1327.06,80.0,165.39,36.39,404.71,176.77,581.49,166.02,745.57,26.7,-16.02,-4.85,27.44,8.375,0.9,0.78,0.12,0.0,0.0,6.2,9.24,11.08,11.16,12.6,4.67,4.42,0.0,0.81,0.53,3,2004,0.0,171.83333333333334,20.62
2004-06-30,585.19,26.139999999999997,0.15652694610778445,0.11,161.77,35.849999999999994,63.459999999999994,3.66,0.26,549.34,1.6100000000000003,26.54,151.01,76.92,287.05,923.59,1284.16,50.53,151.06,36.0,336.64,175.81,512.45,166.02,771.7,88.75,-40.5,-48.05,27.609999999999996,5.845000000000001,0.79,0.66,0.28,0.11,0.39,8.13940119760479,11.71715996578272,13.550761334473906,13.729649272882805,15.31727972626176,4.71,4.44,0.0,0.85,0.62,6,2004,18.369999999999997,166.99999999999997,46.76
2004-09-30,441.1300000000001,2.760000000000005,0.016720516962843324,0.1487116316639742,112.97000000000003,6.680000000000007,34.60000000000001,3.88,0.29,434.44999999999993,-41.21,30.79,139.83,85.26,304.54,920.53,1299.86,120.78,138.5,36.0,385.9,172.82,558.73,166.02,741.14,-14.740000000000009,-26.35,45.339999999999996,27.92,57.997608695652076,0.87,0.75,0.3,0.26,0.87,0.849402261712441,1.2752180936995177,1.489240710823912,1.4936995153473371,1.7478513731825556,3.57,3.32,0.0,0.79,0.57,9,2004,24.54733333333334,165.0666666666667,49.52
2004-12-31,511.52,4.099999999999994,0.024468481909735138,0.0038726843217704726,132.82,9.75,39.56999999999999,3.72,4.59,501.77,-36.83,25.22,189.23,121.42,358.69,1144.74,1574.74,106.57,197.61,36.0,456.8,152.82,609.62,166.02,965.12,38.3,-11.670000000000002,-32.21,29.820000000000007,38.02442682926834,0.64,0.63,0.32,0.26,0.81,1.0429690414024606,1.7250279746363273,1.7005594927265923,1.9207758299142088,2.226631853785898,2.91,2.67,0.0,0.79,0.52,12,2004,0.6489166666666648,167.5625,53.62
2005-03-31,512.04,17.56,0.11,0.11999999999999998,140.18,24.87,55.62,3.62,-2.4,487.16,-21.8,51.33,170.22,145.25,404.17,1151.83,1626.3,125.0,204.29,38.0,507.29,156.21,663.5,166.02,962.8,35.21,-37.53,28.43,30.75,8.2275,0.62,0.69,0.11,0.12,1.09,4.32,6.72,7.28,8.24,8.88,3.75,3.43,0.0,0.8,0.51,3,2005,19.156363636363633,159.63636363636363,17.56
2005-06-30,548.2,6.050000000000001,0.03587462939432445,0.0064086866119902955,151.55,10.389999999999997,30.96,3.78,0.0,537.8199999999999,-21.970000000000002,29.27,125.79,147.92,342.35,1135.29,1547.11,165.0,137.23,38.0,444.4,134.14,578.54,166.02,968.57,-10.11,-14.030000000000001,2.080000000000002,20.57,26.34173553719008,0.65,0.6,0.14,0.12,0.86,1.5682337992376114,2.5522236340533677,2.5009741634900466,2.777721304531978,3.279966116052521,2.41,2.23,0.0,0.77,0.44,6,2005,1.0807792207792204,168.6428571428571,23.61
2005-09-30,507.0799999999999,-17.49,-0.11431372549019607,-0.012268907563025188,134.45,-20.57,20.180000000000007,3.88,-1.95,527.6399999999999,-62.49,37.23,135.95,110.36,332.2,1116.12,1517.92,70.0,155.18,38.0,386.28,180.08,566.36,166.02,951.56,60.160000000000004,-7.189999999999998,-45.0,40.74999999999999,-8.485420240137222,0.68,0.6,0.04,0.12,3.0,-4.572549019607843,-11.888627450980392,-7.316078431372548,-8.230588235294118,-14.860784313725489,0.42,0.39,0.0,0.86,0.57,9,2005,-1.8771428571428537,153.0,6.12
2005-12-31,487.22,6.37,0.040800640512409926,0.0024019215372297837,113.67000000000002,11.049999999999999,41.57000000000001,3.78,-0.1,476.18000000000006,-38.739999999999995,37.28,162.49,119.43,355.74,1115.74,1532.16,40.0,182.3,40.0,367.03,206.65,573.68,166.02,958.48,9.36,-5.349999999999994,-3.959999999999999,30.52000000000001,23.1614010989011,0.65,0.6,0.08,0.12,1.5,1.672826261008807,3.386453162530024,2.6520416333066454,2.6520416333066454,4.508470776621297,0.66,0.61,0.0,0.97,0.64,12,2005,0.375,156.125,12.49
2006-03-31,601.68,21.45,0.13,0.0,146.5,31.51,62.9,3.8,1.71,570.18,-8.99,42.08,214.64,127.92,437.14,1107.8,1605.81,30.0,234.48,42.0,420.26,205.0,625.26,166.02,980.55,30.66,-14.12,-11.74,31.39,7.307499999999999,0.64,0.64,0.13,0.0,0.0,5.36,7.8,8.76,8.84,10.64,3.83,3.57,0.0,1.04,0.74,3,2006,0.0,165.0,21.45
2006-06-30,600.0500000000001,14.2,0.08364656381486675,0.10000000000000002,149.11,21.669999999999998,53.080000000000005,4.0,2.51,578.37,-21.740000000000002,52.28,136.48,170.27,404.26,1097.04,1567.8,40.0,185.84,24.83,359.84,227.84,587.67,166.02,980.13,53.84,-14.42,-29.22,31.409999999999997,11.95655809859155,0.68,0.6,0.21,0.1,0.48,3.6167180925666202,5.43304347826087,5.799495091164095,5.831360448807854,7.0103786816269285,3.2,2.97,0.0,1.12,0.65,6,2006,16.976190476190478,169.76190476190476,35.65
2006-09-30,583.72,18.480000000000004,0.11266210973582119,0.11650576654086721,144.01,26.639999999999993,57.89999999999999,3.8,3.8,557.0800000000002,-18.849999999999998,27.3,175.88,137.16,392.29,1082.49,1540.27,12.78,202.38,38.87,357.73,204.75,562.48,166.02,977.79,41.379999999999995,-16.39,-49.970000000000006,31.260000000000005,8.435844155844153,0.65,0.58,0.33,0.22,0.67,4.793260668760393,7.128438943284686,7.565431368926659,7.661023462035842,9.21780897838537,3.28,3.03,0.0,1.1,0.71,9,2006,19.110476190476188,164.03030303030303,54.13
2006-12-31,573.3700000000001,-3.1700000000000017,-0.0192837519623234,0.0004774986917844472,147.14999999999998,-2.539999999999992,29.789999999999992,3.86,3.39,575.9099999999999,-34.489999999999995,29.76,190.7,169.75,424.2,1096.29,1588.75,55.0,215.55,22.51,406.93,204.51,611.44,166.02,977.31,21.319999999999993,-39.87,21.0,32.33,-50.03564668769713,0.66,0.63,0.31,0.22,0.71,-0.7987205651491369,-1.231671899529043,-1.2963657770800636,-1.311295133437991,-1.6272998430141297,2.32,2.16,0.0,1.04,0.63,12,2006,0.07849462365592075,164.38709677419357,50.96
2007-03-31,685.31,3.2,0.02,0.0,156.2,9.32,40.51,3.7,0.0,675.99,-42.21,51.08,236.76,162.89,490.04,1090.66,1648.7,72.71,253.46,36.63,482.79,185.2,667.99,166.02,980.71,33.35,-21.62,9.58,31.19,46.25,0.63,0.68,0.02,0.0,0.0,0.76,2.28,1.32,1.32,3.2,0.5,0.47,0.0,1.02,0.68,3,2007,0.0,160.0,3.2
2007-06-30,612.9000000000001,-9.0,-0.04655172413793103,0.12,139.74,-9.11,21.410000000000004,3.7,0.0,622.01,-54.76,39.18,169.24,158.33,388.49,1054.16,1532.12,94.0,156.41,36.74,402.55,174.1,576.66,166.02,955.46,-0.1700000000000017,-10.870000000000001,-0.8499999999999996,30.52,-19.869833333333332,0.64,0.6,-0.03,0.12,-4.0,-2.3586206896551727,0.062068965517241385,-3.7862068965517244,-3.7241379310344827,0.12413793103448277,-0.48,-0.45,0.0,0.97,0.57,6,2007,23.2,193.33333333333334,-5.8
2007-09-30,628.9200000000001,2.23,0.012492997198879552,-0.009971988795518213,141.08999999999997,5.55,36.16,3.38,0.0,623.3699999999999,-51.74000000000001,45.03,195.65,132.3,397.3,1040.44,1527.3,0.0,237.57,36.86,429.36,151.09,580.46,166.02,946.85,134.16,-14.899999999999999,-113.42,30.609999999999992,67.6378923766816,0.59,0.61,-0.02,0.12,-6.0,0.5746778711484595,-0.949467787114846,0.949467787114846,0.9244817927170869,-1.2992717086834735,-0.2,-0.19,0.0,0.93,0.62,9,2007,-1.7800000000000011,178.5,-3.57
2007-12-31,627.8499999999999,6.88,0.041570996978851964,-0.009425981873111776,141.18000000000006,10.23,36.459999999999994,2.94,0.0,617.6199999999999,-52.849999999999994,44.79,228.43,111.53,410.86,1026.83,1524.48,70.37,189.99,37.08,430.82,142.41,573.23,166.02,951.24,-45.3,-23.42,23.120000000000005,26.230000000000004,17.68059593023256,0.51,0.6,0.02,0.12,6.0,1.8291238670694865,8.563625377643504,2.9099697885196374,2.826827794561934,12.138731117824772,0.14,0.13,0.0,0.95,0.69,12,2007,-1.5599999999999987,165.5,3.31
2008-03-31,721.41,22.82,0.14,0.0,165.96,31.71,62.08,3.08,1.29,689.7,-28.3,32.35,257.92,148.69,466.36,1033.45,1585.18,0.0,265.85,36.38,491.59,120.22,611.81,166.02,973.37,109.0,-30.87,-45.21,30.37,5.5,0.53,0.63,0.14,0.0,0.0,5.76,7.840000000000001,9.36,9.36,11.6,3.46,3.16,0.0,0.95,0.65,3,2008,0.0,163.0,22.82
2008-06-30,650.7900000000001,-9.8,-0.060215053763440864,0.0,143.73999999999998,-10.05,20.430000000000007,3.3,1.57,660.8399999999999,-63.650000000000006,43.34,186.82,162.78,422.15,1026.31,1535.39,0.0,217.91,35.67,455.36,113.98,569.34,166.02,966.06,37.93000000000001,-25.039999999999996,-1.8900000000000006,30.48,-13.700892857142854,0.57,0.59,0.08,0.0,0.0,-2.5591397849462365,-4.2451612903225815,-4.064516129032259,-4.0946236559139795,-6.051612903225807,1.04,0.95,0.0,0.93,0.57,6,2008,0.0,162.75,13.02
2008-09-30,691.99,2.7300000000000004,0.015600000000000003,0.0,129.97000000000003,4.629999999999999,35.83999999999999,2.6,1.56,687.3700000000001,-48.040000000000006,29.49,233.12,139.67,435.6,1073.71,1592.96,83.0,268.43,36.13,530.37,96.59,626.96,166.02,966.0,-9.409999999999997,-69.52000000000001,65.07,31.21,41.66826923076922,0.45,0.65,0.09,0.0,0.0,0.6864000000000001,1.1717333333333335,1.1301333333333334,1.1440000000000001,1.7125333333333337,0.83,0.76,0.0,0.82,0.56,9,2008,0.0,175.0,15.75
2008-12-31,714.1999999999998,6.02,0.03594855305466238,0.0,127.30000000000001,2.6900000000000013,33.19,2.0,0.0,711.51,-62.29999999999998,25.5,273.09,135.74,477.4,1076.63,1632.46,119.41,224.93,34.57,522.01,143.59,665.61,166.02,966.86,-66.74000000000001,-24.049999999999983,77.4,30.5,13.904593023255815,0.34,0.69,0.13,0.0,0.0,1.4711254019292606,2.03524115755627,2.4887459807073955,2.510868167202572,2.8869453376205785,0.86,0.78,0.0,0.91,0.65,12,2008,0.0,167.46153846153845,21.77
2009-03-31,647.06,-16.14,-0.1,0.0,113.75,-14.74,15.88,1.96,0.0,661.8,-63.51,39.88,250.78,131.01,461.07,1082.56,1621.33,115.72,230.47,33.6,530.44,140.58,671.01,166.02,950.32,54.17,-33.38,-0.72,30.62,-4.9,0.34,0.71,-0.1,0.0,0.0,-4.0,-3.68,-6.8,-6.72,-5.4,-2.7,-2.49,0.0,0.87,0.62,3,2009,0.0,161.4,-16.14
2009-06-30,741.6600000000001,19.330000000000002,0.12119122257053293,0.07,142.12,21.38,52.85,2.0,0.0,720.28,-43.449999999999996,52.58,246.14,128.81,469.82,1090.02,1639.45,106.73,224.22,41.34,551.19,127.97,679.16,166.02,960.29,68.01,-31.160000000000004,-42.17,31.470000000000002,4.125711329539575,0.35,0.71,0.02,0.07,3.5,4.605266457680251,10.180062695924766,7.998620689655174,7.998620689655174,14.785329153605018,0.25,0.23,1.42,0.85,0.62,6,2009,11.165000000000001,159.5,3.19
2009-09-30,736.7099999999998,8.950000000000001,0.05160626029654037,0.005621911037891267,141.55,12.27,45.86,1.98,0.81,724.44,-41.519999999999996,25.66,253.47,152.54,472.79,1085.77,1643.01,119.98,270.7,42.21,564.96,107.6,672.56,166.02,970.46,13.109999999999985,-36.239999999999995,15.969999999999999,33.59,9.593312849162011,0.34,0.69,0.07,0.07,1.0,2.182207578253707,3.4502471169686983,3.6861614497528836,3.6861614497528836,5.160626029654037,0.62,0.57,3.01,0.84,0.57,9,2009,0.9749999999999996,173.42857142857142,12.14
2009-12-31,878.98,32.75,0.19698151035865452,-0.0030184896413455206,150.94,42.55,75.82,2.22,0.0,836.4299999999998,-10.400000000000006,37.47,362.25,144.56,602.87,1074.66,1762.26,99.43,347.0,51.02,663.39,96.01,759.39,166.02,1002.87,51.5,-16.510000000000005,-22.65,33.26999999999998,2.816761832061069,0.37,0.76,0.27,0.07,0.26,7.4415237246602794,10.564045444419692,13.073735798618848,13.307195366451323,16.3129873022945,1.63,1.49,7.39,0.91,0.69,12,2009,-0.5018518518518533,166.25925925925924,44.89
2010-03-31,811.21,14.14,0.09,0.0,157.58,19.13,49.2,2.7,0.0,792.08,-33.57,43.42,319.63,173.99,586.4,1249.11,1920.17,118.68,304.81,35.35,635.89,94.76,730.65,166.02,1189.52,19.62,-15.19,2.27,30.07,7.500000000000001,0.38,0.61,0.09,0.0,0.0,2.96,4.32,4.76,5.28,5.96,1.89,1.74,14.07,0.92,0.65,3,2010,0.0,157.11111111111111,14.14
2010-06-30,916.0999999999999,29.490000000000002,0.17573687829475132,0.14,181.00999999999996,38.06,69.03,4.14,0.19,878.0399999999998,-20.07,27.91,313.39,187.98,590.73,1251.03,1927.55,73.69,328.09,38.44,636.69,93.6,730.29,166.02,1197.26,81.78,-16.990000000000002,-80.3,30.97,5.888348592743302,0.57,0.61,0.26,0.14,0.54,6.11023607609443,8.678698143479258,9.841265184506073,10.922722897089159,11.977144166857666,2.73,2.53,15.25,0.93,0.63,6,2010,23.493076923076927,167.80769230769232,43.63
2010-09-30,898.9099999999999,32.57,0.19661679790026249,-0.0018217242075510055,147.20000000000005,41.33,73.24,4.7,-0.46,857.5799999999999,-38.17,60.7,302.89,138.28,546.21,1250.55,1886.39,67.21,252.47,26.14,553.4,99.08,652.48,166.02,1233.91,76.47999999999999,-18.799999999999997,-25.64,31.910000000000004,5.977617439361376,0.63,0.53,0.46,0.14,0.3,6.907233595800525,9.540188976377951,10.566015748031495,11.81410498687664,12.634766404199475,3.16,2.9,20.36,0.99,0.74,9,2010,-0.30177257525084045,165.65217391304347,76.2
2010-12-31,901.9700000000003,-0.9399999999999977,-0.005620515546106816,0.0013328865729240272,145.99999999999994,2.1500000000000057,34.0,5.0,0.42,899.8200000000002,-71.41,78.74,397.65,120.15,646.93,1238.36,1980.4,31.03,332.5,29.04,651.72,92.93,744.65,166.02,1235.74,81.68,-14.360000000000007,-48.86999999999999,31.849999999999994,-222.37728723404308,0.67,0.6,0.45,0.14,0.31,-0.1898485251129413,-0.26878554344937483,-0.30425724156258227,-0.33573212862078045,-0.37869784746213037,2.33,2.13,13.66,0.99,0.81,12,2010,0.22291787439613842,167.24444444444444,75.26
2011-03-31,887.47,7.83,0.05,0.0,148.42,11.52,42.11,4.98,0.0,875.95,-67.09,125.02,325.14,222.96,720.38,1252.89,2060.6,57.28,390.76,29.12,739.86,152.63,892.49,166.02,1168.11,50.55,-35.45,21.92,30.59,24.9,0.71,0.76,0.05,0.0,0.0,1.52,2.32,2.68,2.64,3.48,0.97,0.88,12.0,0.97,0.67,3,2011,0.0,156.6,7.83
2011-06-30,1016.75,7.209999999999999,0.04314494680851063,0.25,157.42,14.14,47.510000000000005,6.8,1.17,1002.6099999999999,-49.34,1.33,351.03,232.68,645.13,1254.5,1996.29,141.0,316.42,32.74,714.96,147.12,862.08,166.02,1134.22,-93.31,-57.06,36.96,33.370000000000005,39.404382801664354,1.0,0.76,0.09,0.25,2.78,1.4381648936170213,2.511994680851064,2.550345744680851,2.4736436170212763,3.8351063829787226,0.86,0.79,6.86,0.9,0.58,6,2011,41.77777777777778,167.11111111111111,15.04
2011-09-30,1064.09,4.350000000000001,0.026921093347086134,-0.008552518480316304,166.02000000000004,10.059999999999999,41.31,4.74,0.0,1054.0300000000002,-96.1,37.6,364.34,195.33,653.46,1248.01,2002.16,147.0,315.12,36.06,711.45,147.66,859.11,166.02,1143.04,72.59,-36.39999999999999,0.0899999999999963,31.249999999999993,44.01752873563217,0.69,0.75,0.12,0.25,2.08,0.8704486848891184,1.6511603919546163,1.5255286230015475,1.4627127385250134,2.485714285714286,0.71,0.65,6.01,0.92,0.64,9,2011,-1.3819444444444429,161.58333333333334,19.39
2011-12-31,1016.9000000000001,20.369999999999997,0.12295774647887323,0.006161971830985887,183.0,28.989999999999995,62.66999999999999,6.9,0.0,987.9099999999999,-53.109999999999985,67.94,363.67,223.93,707.34,1301.88,2105.26,116.0,349.97,36.8,747.35,173.3,920.65,166.02,1184.61,88.44,-46.72999999999999,-11.369999999999997,33.67999999999999,14.029209621993127,0.97,0.78,0.24,0.25,1.04,3.8731690140845063,6.496267605633803,6.8856338028169,6.742183098591548,9.775140845070421,1.09,1.0,6.99,0.95,0.65,12,2011,1.0208333333333286,165.66666666666666,39.76
2012-03-31,1108.44,46.47,0.28,0.0,202.55,62.33,95.85,8.55,0.0,1046.12,-22.97,57.04,415.44,213.78,772.36,1303.59,2167.69,148.0,313.1,36.65,758.62,176.1,934.71,166.02,1232.97,-1.28,-39.17,29.55,33.52,7.635000000000001,1.15,0.76,0.28,0.0,0.0,8.56,11.8,15.08,15.48,17.68,4.54,4.19,35.41,1.02,0.74,3,2012,0.0,165.9642857142857,46.47
2012-06-30,1166.81,29.769999999999996,0.1796196222455404,0.12,227.61,37.93000000000001,74.42000000000002,18.6,0.32,1128.87,-32.82,44.2,429.97,253.85,822.72,1405.15,2322.68,149.0,370.84,39.35,850.73,224.86,1075.59,166.02,1247.09,64.1,-102.36,25.41,36.49,25.884978165938865,2.48,0.86,0.46,0.12,0.26,5.123064008394543,7.247261280167891,9.543268625393493,9.996222455403988,10.636605456453303,3.63,3.35,19.1,0.97,0.67,6,2012,19.88869565217391,165.7391304347826,76.24
2012-09-30,1221.92,15.170000000000002,0.09127557160048136,0.0003327578088212245,225.79000000000002,21.97999999999999,57.599999999999994,18.7,-0.08,1199.9300000000003,-47.26,25.93,477.94,327.9,923.95,1464.16,2486.01,162.82,398.06,41.68,905.38,314.39,1219.77,166.02,1266.24,7.600000000000001,-120.61999999999998,94.75,35.61999999999999,51.21852340145023,2.45,0.96,0.55,0.12,0.22,2.442866207198338,3.617831747073625,4.792797286948913,5.038411552346571,5.131346679794334,2.82,2.61,14.69,1.02,0.66,9,2012,0.05530434782608751,166.2,91.41
2012-12-31,1178.9300000000003,26.83,0.1611070703653586,0.00024154262516913833,227.80999999999995,32.07000000000001,66.99000000000001,15.7,0.0,1146.8599999999997,-73.39999999999999,45.64,465.35,277.34,885.66,1650.04,2635.3,125.0,336.54,44.68,912.67,427.17,1339.85,166.02,1295.46,73.39,-118.54000000000002,64.87,34.920000000000016,24.359731643682448,2.01,1.03,0.71,0.12,0.17,4.075328146143438,5.90877198917456,8.286803112313939,8.658937753721244,8.132503382949933,2.72,2.53,11.28,0.97,0.67,12,2012,0.04022535211267453,166.53521126760563,118.24
2013-03-31,1189.01,43.49,0.23,0.3,241.18,54.11,88.09,16.4,0.09,1134.9,-22.22,42.17,500.5,325.74,963.08,2043.3,3142.44,58.0,433.77,55.26,1122.57,539.09,1661.66,199.22,1480.79,51.83,-202.05,146.75,33.98,17.825,2.21,1.12,0.23,0.3,1.3,5.52,8.16,11.76,12.84,10.72,3.95,3.66,9.77,0.86,0.57,3,2013,56.72608695652173,189.08695652173913,43.49
2013-06-30,1381.3500000000001,67.72999999999999,0.353204459629563,0.004179729951603975,266.44,89.58999999999999,130.99,12.0,-0.02,1291.7599999999998,-47.099999999999994,78.51,481.43,369.83,1014.8,2057.47,3206.15,142.0,411.17,69.98,1137.64,576.62,1714.26,199.22,1491.88,-52.489999999999995,35.60000000000002,53.24000000000001,41.4,8.493805551454306,1.6,1.15,0.58,0.3,0.52,8.452548102859197,12.666642690163638,18.171760474734757,19.779449739255526,16.92945513396871,4.77,4.33,13.15,0.89,0.57,6,2013,0.8014992503748175,191.75862068965517,111.22
2013-09-30,1320.21,65.32,0.33670103092783504,0.003466050479914628,244.40999999999997,78.32000000000002,119.92999999999998,12.6,-0.17,1241.88,-54.92,108.23,457.85,368.75,1099.38,2086.73,3256.66,190.0,386.19,97.47,1077.51,666.79,1744.3,199.22,1512.35,34.11,-169.38,164.98000000000002,41.61,9.358079454990815,1.66,1.15,0.91,0.3,0.33,8.021624561006004,11.440435028888636,17.271652883199273,18.810857596012234,15.081246176503909,5.03,4.54,12.69,1.02,0.68,9,2013,0.6724137931034377,193.99999999999997,176.54
2013-12-31,1284.77,6.219999999999999,0.031651346027577146,0.0038411030860144592,255.83000000000004,6.299999999999983,47.670000000000016,12.1,0.0,1278.4800000000005,-114.54,26.95,565.28,339.73,1114.21,2080.76,3245.96,142.0,362.79,115.02,988.24,763.22,1751.46,199.22,1494.5,-67.59,-42.83000000000004,29.149999999999977,41.37000000000002,95.56702572347268,1.61,1.17,0.93,0.3,0.32,0.7664390457430509,1.0564062158021448,1.66492886846137,1.7833661632742392,1.376323046618516,3.88,3.53,8.83,1.13,0.78,12,2013,0.7548387096774221,196.51612903225805,182.76
2014-03-31,1259.39,15.76,0.08,0.4000000000000001,344.47,23.95,71.38,12.4,0.0,1235.44,21.57,102.84,552.52,367.02,1167.88,2082.26,3299.73,148.0,405.38,133.94,1025.18,764.29,1789.47,199.22,1510.26,121.76,-38.89,-6.99,47.43,38.75,1.64,1.18,0.08,0.4,5.0,1.92,2.96,4.16,4.2,4.2,1.25,1.25,2.61,1.14,0.78,3,2014,78.80000000000001,197.0,15.76
2014-06-30,1359.3999999999999,59.46,0.300382876894443,0.0019143844722148335,396.37,72.22,125.75999999999999,12.5,0.0,1287.1799999999998,66.25,78.33,484.07,387.61,1098.08,2053.06,3199.64,200.0,331.21,144.04,976.68,732.92,1709.6,199.22,1490.03,54.61999999999999,-16.630000000000003,-62.49,53.54,10.401891187352842,1.67,1.15,0.38,0.4,1.05,7.430523796862537,9.485775059824515,15.9677213507046,15.9677213507046,13.691135336346717,2.88,2.87,5.28,1.12,0.73,6,2014,0.37894736842105203,197.94736842105263,75.22
2014-09-30,1263.85,20.570000000000007,0.10307547760726592,0.003237344849753604,365.36,26.14,73.42000000000002,13.2,0.0,1237.7000000000003,-1.1499999999999915,96.6,468.72,408.97,1113.31,2034.23,3198.25,143.0,295.0,144.39,970.95,716.69,1687.64,199.22,1510.6,132.11,-26.249999999999993,-87.60000000000001,47.28,32.015374331550795,1.74,1.12,0.48,0.4,0.83,2.576886940181648,3.2554671677628155,5.445821066917216,5.445821066917216,4.715703100532417,2.49,2.47,4.58,1.15,0.73,9,2014,0.6460526315789537,199.56250000000003,95.79
2014-12-31,1383.02,19.439999999999998,0.09784951835459514,-0.0017920680378374185,372.22,26.889999999999986,76.87,12.0,0.26,1356.1299999999997,56.39999999999999,90.79,668.19,354.52,1267.53,2048.35,3376.91,210.0,343.32,129.44,1102.8,744.06,1846.86,199.22,1530.05,1.0500000000000114,-42.89,36.040000000000006,49.97999999999999,30.659834104938277,1.56,1.21,0.58,0.4,0.69,2.301150741994272,3.043457432960166,5.081426711793804,5.142160895600103,4.426847175214787,2.21,2.19,4.31,1.15,0.83,12,2014,-0.3560344827586306,198.67241379310346,115.23
2015-03-31,1317.2,21.43,0.11,0.3,376.48,28.27,77.98,11.9,0.0,1288.94,24.81,136.41,659.59,353.83,1274.89,2838.9,4333.34,120.0,396.95,129.07,1085.18,917.84,2003.03,199.22,2330.3,198.6,-32.41,-120.56,49.71,27.044999999999998,1.02,0.86,0.11,0.3,2.73,1.96,2.96,3.68,4.48,3.48,1.63,1.63,3.49,1.17,0.85,3,2015,58.44545454545454,194.8181818181818,21.43
2015-06-30,1428.55,27.660000000000004,0.14086371969851294,0.002355599177762594,398.84000000000003,36.7,86.01,13.1,0.0,1391.8400000000001,2.16,89.1,496.92,397.08,1107.08,2844.21,4169.35,50.0,325.74,129.32,978.79,892.36,1871.15,199.22,2298.2,120.72,-1.7000000000000028,-166.33999999999997,49.309999999999995,23.24942154736081,1.14,0.81,0.25,0.3,1.2,2.6595070279079245,3.9667223467101245,4.823173762477084,5.837392544306375,4.597791810959462,1.81,1.79,4.17,1.13,0.73,6,2015,0.46254545454546303,196.36,49.09
2015-09-30,1296.15,8.449999999999996,0.04258776503302048,0.0031053180396245945,364.92999999999995,14.210000000000008,63.629999999999995,14.5,0.0,1281.9399999999996,1.9000000000000021,46.06,477.97,385.57,1003.25,2982.46,4202.36,0.0,306.56,89.32,869.89,1025.82,1895.71,199.22,2306.65,110.94999999999999,-187.57,33.579999999999984,49.42,85.11834319526632,1.25,0.82,0.29,0.3,1.03,0.8047619047619045,1.2570733402850185,1.4626694473409796,1.7681265206812642,1.3980535279805346,1.44,1.42,3.53,1.15,0.71,9,2015,0.6161379310344799,198.41379310344828,57.54
2015-12-31,1416.9100000000003,43.339999999999996,0.21910586835844567,-0.0009249637671252126,402.6099999999999,55.56999999999999,107.25,13.1,0.0,1361.3300000000004,48.17,135.5,607.47,339.0,1156.15,3031.03,4465.69,70.0,347.16,95.46,1005.09,1110.61,2115.7,199.22,2349.98,79.99000000000001,-109.57,119.01999999999998,51.68000000000001,14.949280110752193,1.11,0.9,0.51,0.3,0.59,3.88375892149088,5.911562252180809,7.372268041237113,8.936082474226804,6.684877081681205,1.87,1.85,4.32,1.15,0.81,12,2015,-0.18296146044625772,197.80392156862743,100.88
2016-03-31,1478.6,78.82,0.4,0.25,470.24,93.6,148.24,13.2,0.0,1385.0,87.83,156.28,635.68,326.38,1210.29,3200.32,4635.29,0.0,361.43,117.28,962.44,1244.04,2206.48,199.22,2428.8,128.93,-160.31,52.16,54.64,8.25,1.08,0.91,0.4,0.25,0.63,6.8,8.36,13.0,13.24,10.2,5.35,5.33,9.41,1.26,0.92,3,2016,49.262499999999996,197.04999999999998,78.82
2016-06-30,1595.15,92.34,0.4639658798784763,0.0024786749240476896,525.49,106.62,165.58999999999997,15.6,8.53,1488.5300000000002,143.12,153.26,551.32,395.94,1228.53,3367.02,4819.99,0.0,312.08,129.49,996.74,1351.9,2348.64,199.22,2471.34,163.44,-219.52999999999997,53.08,58.97,8.406006064544076,1.26,0.95,0.86,0.25,0.29,7.660831970086469,9.603014723066138,14.954807197943444,15.494302407104465,11.307819584014958,5.58,5.57,9.72,1.23,0.84,6,2016,0.49331395348837503,199.02325581395348,171.16
2016-09-30,1308.8199999999997,43.19,0.2176123163051085,0.29930590590264783,373.28999999999996,52.06,111.73000000000002,16.8,0.0,1256.77,14.27000000000001,115.11,491.38,297.38,1003.69,3395.27,4633.46,145.0,226.32,84.78,932.36,1246.32,2178.68,199.22,2454.77,138.71999999999997,-71.98000000000002,-104.89999999999999,59.67,19.305892567724012,1.36,0.89,1.08,0.55,0.51,3.7316482388616747,4.602097504082109,7.036131560531841,7.253743876836948,5.496725915558665,4.91,4.89,7.99,1.08,0.76,9,2016,59.403908268733844,198.4722222222222,214.35
2016-12-31,1349.5,26.730000000000018,0.13416002986560485,0.0021185337278544505,400.05999999999995,36.119999999999976,99.07999999999998,19.0,0.0,1313.37,22.299999999999983,136.2,545.96,276.8,1061.3,3407.82,4708.32,190.0,252.39,103.36,1008.19,1226.91,2235.1,199.22,2473.21,109.35000000000008,-106.83999999999997,18.580000000000002,62.96000000000001,35.39988776655441,1.53,0.9,1.21,0.55,0.45,2.2707416625186676,2.7896416127426598,4.324166251866603,4.435042309606772,3.454897959183676,4.23,4.21,6.91,1.05,0.78,12,2016,0.42209595959599255,199.23966942148763,241.08
2017-03-31,1443.55,85.47,0.43,0.35,452.97,105.21,170.05,15.9,-0.25,1338.34,115.86,140.68,626.24,298.58,1155.34,3401.74,4810.39,35.0,300.16,118.63,1017.17,1234.52,2251.69,199.22,2558.68,206.26,-57.4,-144.37,64.84,9.245,1.24,0.88,0.43,0.35,0.81,7.119999999999999,8.92,13.36,13.720000000000002,11.08,5.94,5.92,10.55,1.14,0.84,3,2017,69.56860465116279,198.7674418604651,85.47
2017-06-30,1402.74,68.16999999999999,0.3416486592033324,0.0013419319096891998,443.90999999999997,84.85000000000001,151.51,18.0,0.0,1317.8799999999999,65.98,190.48,447.46,229.7,1002.22,3370.5,4622.06,80.0,197.98,136.18,845.74,1219.18,2064.92,199.22,2557.13,177.25,-69.25,-58.21000000000001,66.66,13.17332844359689,1.4,0.81,0.77,0.35,0.45,5.892330122363966,7.152436865399635,10.666537360062483,10.844017183025253,8.927235095027337,5.41,5.4,9.52,1.19,0.91,6,2017,0.2677589852008424,199.5324675324675,153.64
2017-09-30,1457.1599999999999,73.38000000000002,0.3684838340234341,0.3793108336470155,468.44999999999993,82.55000000000001,150.82,16.5,0.0,1374.6200000000003,74.61999999999998,48.18,592.4,280.84,1064.71,3373.37,4683.54,0.0,269.5,304.33,1086.98,1041.74,2128.72,199.22,2554.81,111.79000000000002,-52.109999999999985,-201.98,68.27000000000001,11.191671436358678,1.29,0.83,1.14,0.73,0.64,6.270689807065458,7.563615540481016,11.494109770064314,11.713907144744962,9.800377059289934,5.3,5.28,9.13,0.98,0.72,9,2017,75.53609250398726,199.14035087719301,227.02
