,revenue,net_profit,eps,dps,gross_profit,ebit,ebitda,close_price,expense,operating_profit,cash,account_receivable,inventory,current_asset,property_plant_equipment,total_asset,short_term_loan,account_payable,current_portion_long_term_debt,current_liability,non_current_liability,total_liability,paid_in_capital,total_equity,cash_flow_operation,cash_flow_investment,cash_flow_financing,depreciation,P/E,P/BV,D/E,EPS,ROA%,ROAA%,ROE%,ROAE%,ROCE%,NPM%,NPMA%,TIE,CurrentRatio,QuickRatio,month,year,dividend,number_of_shares,return_old
2000-03-31,349.82,23.32,0.53,0.0,117.11,-32.86,9.92,0.08,382.68,2.71,236.73,147.07,187.48,805.19,376.76,2576.5,102.65,32.32,1706.5,2077.47,74.36,2151.83,437.61,424.67,-47.21,0.21,-5.88,42.78,0.0375,0.08,5.07,0.53,3.64,0.0,21.96,0.0,-26.319999999999997,6.2,6.67,0.0,0.39,0.3,3,2000,0.0,44.0,23.32
2000-06-30,299.32,808.12,18.467093235831808,0.0,109.39,-29.21,12.51,0.06,328.53000000000003,-0.6800000000000002,115.7,93.8,163.98,692.84,362.48,2346.5,103.36,37.27,305.72,1042.66,71.05,1113.71,437.61,1232.79,114.05000000000001,-102.64999999999999,-235.37,41.72,0.0,0.02,0.9,19.0,137.74507649379387,0.0,262.19384585778886,0.0,-18.505971326854613,124.09,128.08,0.0,0.66,0.51,6,2000,0.0,43.760000000000005,831.44
2000-09-30,498.38,172.01999999999998,3.930817969824407,0.0,118.83999999999997,-27.29,13.119999999999997,0.06,525.6800000000001,-9.01,101.53,127.66,149.67,746.04,354.1,2368.67,108.24,88.6,240.29,882.5,81.36,963.86,437.61,1404.8,-116.17,166.49,-31.189999999999998,40.41,0.0,0.02,0.69,22.93,29.046567675841583,0.0,48.98008331174137,0.0,-4.121101787814162,86.72,87.45,0.0,0.85,0.68,9,2000,0.0,43.761883994766684,1003.46
2000-12-31,429.8900000000001,-5.910000000000082,-0.1350789434113597,0.0,98.72000000000003,8.230000000000004,46.33,0.06,421.65999999999985,10.83,93.92,143.98,174.64,749.6,349.5,2359.28,72.37,82.62,243.23,883.37,77.01,960.38,437.61,1398.9,13.909999999999997,-25.019999999999996,-26.850000000000023,38.099999999999994,-0.0,0.02,0.69,22.8,-1.0019539872688226,-0.0,-1.6899086762568527,-0.0,0.1303393313618383,63.12,63.24,0.0,0.85,0.65,12,2000,0.0,43.75219298245614,997.55
2001-03-31,579.8,74.58,1.59,0.0,110.88,24.7,60.13,0.08,555.1,19.71,76.33,233.07,157.87,820.88,342.33,2397.85,99.79,53.85,172.84,666.48,142.89,809.37,552.61,1588.48,-59.12,-6.04,44.32,35.43,0.0125,0.03,0.51,1.59,12.44,3.96,18.8,29.64,5.72,13.18,12.86,0.0,1.23,0.99,3,2001,0.0,46.90566037735849,74.58
2001-06-30,556.29,15.620000000000005,0.29785365853658546,0.0,112.25999999999999,23.52,70.41,0.1,532.7699999999999,-1.1300000000000026,165.4,181.44,184.66,889.01,337.6,2505.85,58.63,59.43,174.68,657.68,135.92,793.6,658.61,1712.25,120.47,-66.58999999999999,34.52,46.88999999999999,0.08661971830985912,0.04,0.46,1.72,2.4936585365853663,1.3784390243902442,3.6504390243902445,4.246146341463416,1.8079024390243907,8.25,7.94,0.0,1.35,1.07,6,2001,0.0,52.44186046511628,90.2
2001-09-30,488.8600000000001,171.72000000000003,3.002739767868052,0.0,66.75,-15.89,26.120000000000005,0.07,504.75,-40.709999999999994,94.14,132.48,193.62,696.73,353.75,2319.86,21.58,58.13,78.48,241.66,133.2,374.86,718.61,1945.0,135.6,-45.75,-161.34,42.010000000000005,0.0038131842534358256,0.02,0.19,4.58,29.60780085522297,3.6190226023213197,35.324807574832015,41.01558949297496,4.091069028711058,16.84,16.12,0.0,2.88,2.08,9,2001,0.0,57.18777292576419,261.92
2001-12-31,552.6200000000001,-80.93,-1.328040775733466,0.0,137.26,-78.28999999999999,-53.16,0.08,630.9200000000001,-82.42,43.65,181.44,222.96,741.01,359.32,2264.33,41.98,40.58,78.36,236.92,152.19,389.11,718.61,1864.55,-47.639999999999986,-0.1600000000000108,2.8400000000000034,25.13000000000001,-0.016772828370196467,0.03,0.21,2.97,-14.290970771865851,3.5593281396762255,-17.36737499309354,-19.835652798497154,4.060138129178408,8.61,8.31,0.0,3.13,2.19,12,2001,0.0,60.93939393939394,180.99
2002-03-31,571.71,6.46,0.08999999999999998,0.0,115.08,2.26,39.26,0.1,569.45,-12.14,68.22,179.68,434.68,810.18,367.01,2402.93,58.86,163.02,77.86,373.85,150.55,524.4,718.61,1867.36,-42.43,62.85,4.15,37.0,0.285,0.04,0.28,0.09,1.08,0.36,1.4,1.48,0.43999999999999995,1.16,1.13,0.0,2.17,1.0,3,2002,0.0,71.77777777777779,6.46
2002-06-30,592.77,-18.08,-0.24895008605851976,0.0,88.77,-18.47,23.47,0.08,611.25,-34.54,34.38,176.49,355.96,696.7,361.6,2223.26,19.42,53.3,81.52,216.35,140.6,356.95,728.61,1859.27,-15.770000000000003,32.690000000000005,-50.76,41.94,-0.07551714601769911,0.03,0.19,-0.16,-3.2363511187607577,-4.294388984509466,-3.8587263339070565,-4.045438898450946,-5.041239242685026,-1.03,-1.0,0.0,3.22,1.57,6,2002,0.0,72.625,-11.62
2002-09-30,731.44,-469.2,-6.479530801547356,0.0,79.03,-469.02000000000004,-437.33000000000004,0.07,1200.45,-477.93,68.53,220.6,250.38,682.76,360.92,2206.6,18.0,72.01,110.76,266.78,540.73,807.51,728.61,1390.12,98.26,-41.300000000000004,-22.810000000000002,31.689999999999998,-0.00256191389599318,0.04,0.58,-6.64,-85.05360009982945,-83.6874339669731,-135.016247244291,-112.5330560292833,-97.62232852210808,-25.95,-25.36,0.0,2.56,1.62,9,2002,0.0,72.41265060240964,-480.82
2002-12-31,584.1799999999998,-113.68,-1.568,0.0,58.81,-113.22000000000003,-65.71999999999997,0.06,697.4000000000001,-126.66999999999996,102.98,180.65,248.49,640.64,369.54,2145.72,33.13,110.66,123.25,336.35,527.14,863.49,728.61,1276.55,45.239999999999995,-17.480000000000004,16.17,47.5,-0.013073979591836735,0.03,0.68,-8.2,-21.19477073170732,-20.758790243902443,-35.62037073170732,-28.950634146341468,-25.302165853658536,-24.55,-23.97,0.0,1.9,1.17,12,2002,0.0,72.5,-594.5
2003-03-31,743.86,-21.89,-0.3,0.0,91.29,-21.45,16.17,0.05,765.31,-27.12,64.94,243.6,330.96,753.8,364.15,2233.82,149.2,110.89,141.59,474.97,501.11,976.08,728.61,1254.74,-138.03,-8.34,108.33,37.62,-0.04,0.03,0.78,-0.3,-3.9199999999999995,-3.7199999999999998,-6.96,-5.6,-4.88,-2.97,-2.94,0.0,1.59,0.89,3,2003,0.0,72.96666666666667,-21.89
2003-06-30,951.63,-61.05,-0.8391246684350131,0.0,67.79,-62.16,-19.01,0.07,1013.79,-71.08999999999999,99.58,249.41,328.21,790.87,313.9,2222.91,98.79,230.44,141.44,552.47,478.71,1031.17,728.61,1193.76,109.13,-0.9700000000000006,-73.52,43.15,-0.02037837837837838,0.04,0.86,-1.14,-10.982228116710875,-11.070557029177717,-20.462864721485413,-15.987533156498671,-14.750928381962863,-4.94,-4.89,0.0,1.43,0.84,6,2003,0.0,72.75438596491229,-82.94
2003-09-30,1223.28,-73.30000000000001,-1.0039810547875065,0.0,63.879999999999995,-70.41000000000001,-32.370000000000005,0.11,1293.69,-74.91000000000001,78.18,199.0,277.58,670.09,311.04,2079.55,113.57,162.29,140.76,504.48,455.66,960.14,730.61,1122.52,-1.4299999999999997,-12.409999999999998,-7.560000000000002,38.040000000000006,-0.02664392905866303,0.07,0.86,-2.14,-14.093266769073221,-13.492754736303125,-26.122273425499234,-23.344905273937535,-18.3531490015361,-5.4,-5.35,0.0,1.33,0.78,9,2003,0.0,73.00934579439253,-156.24
2003-12-31,1284.0400000000004,-0.5199999999999818,-0.007098749681040834,0.0,82.66999999999999,13.01000000000002,56.55,0.12,1271.0299999999997,-62.01999999999998,166.29,229.21,371.14,875.94,291.81,2213.66,85.0,344.46,137.12,646.11,431.75,1077.86,742.75,1133.78,55.76,63.56,-31.21,43.53999999999999,-3.768269230769363,0.08,0.95,-2.14,-0.0939423322276058,-0.08584843072211999,-0.1835059964276537,-0.172625669813722,-0.11941821893339721,-3.84,-3.73,0.0,1.36,0.78,12,2003,0.0,73.25233644859813,-156.76
2004-03-31,1105.84,-41.23,-0.55,0.0,81.57,-38.19,-0.65,0.1,1144.03,-53.52,21.31,322.92,439.46,899.8,285.56,2201.97,79.9,370.37,130.44,671.34,417.68,1089.02,761.45,1111.25,-136.76,0.08,-8.31,37.54,-0.045,0.07,0.98,-0.55,-7.48,-6.88,-14.84,-13.960000000000003,-10.0,-3.79,-3.73,0.0,1.34,0.69,3,2004,0.0,74.96363636363635,-41.23
2004-06-30,1234.28,-34.1,-0.04526748971193416,0.0,74.23000000000002,-31.260000000000005,6.510000000000001,0.11,1265.55,-71.63999999999999,14.31,360.36,473.57,976.98,274.9,2228.13,78.01,412.86,123.81,735.42,404.2,1139.62,771.45,1087.15,-7.439999999999998,14.49,-14.040000000000001,37.77,-0.5854090909090909,0.08,1.05,-0.1,-6.120164609053498,-5.6493827160493835,-12.54814814814815,-11.968724279835392,-8.419753086419753,-3.3,-3.22,0.0,1.33,0.68,6,2004,0.0,753.3,-75.33
2004-09-30,1216.46,-29.629999999999995,-0.039521722560975615,0.0,112.42000000000002,-25.959999999999994,10.469999999999999,0.08,1242.4099999999999,13.86,31.84,376.94,449.11,989.4,263.26,2198.98,77.73,407.96,116.03,751.61,389.02,1140.63,771.45,1057.52,-14.120000000000005,1.3699999999999992,30.270000000000003,36.42999999999999,-0.4959298008774891,0.06,1.08,-0.14,-5.386246189024389,-5.036196646341463,-11.212877286585364,-10.874119664634147,-7.441375762195121,-2.97,-2.95,0.0,1.32,0.72,9,2004,0.0,749.7142857142856,-104.96
2004-12-31,1514.4300000000003,11.079999999999998,0.014162760971452916,0.0,124.44,26.689999999999998,76.64,0.08,1487.7399999999998,27.310000000000002,164.93,424.64,350.18,1049.93,252.59,2214.06,76.36,447.15,108.07,766.32,379.14,1145.46,771.45,1068.6,163.7,4.529999999999999,-35.14,49.95,1.3768501805054154,0.06,1.07,-0.12,2.001670217298679,1.4634853003834682,4.149688964635705,4.026945036216446,2.2424371538133783,-1.86,-1.85,0.0,1.37,0.91,12,2004,0.0,782.3333333333334,-93.88
2005-03-31,1600.57,25.03,0.03,0.0,165.51,27.84,64.17,0.09,1572.73,26.33,109.97,497.84,441.52,1168.03,242.18,2296.59,60.53,511.83,108.77,818.6,364.37,1182.96,791.45,1113.63,-41.98,-2.4,-10.58,36.33,0.7825,0.07,1.06,0.03,4.36,4.96,9.0,9.0,7.52,1.57,1.56,0.0,1.43,0.89,3,2005,0.0,834.3333333333334,25.03
2005-06-30,1468.5800000000002,10.329999999999998,0.011685520361990949,0.0,93.11000000000001,13.809999999999999,49.879999999999995,0.1,1454.77,0.33000000000000185,53.17,410.16,439.33,1028.84,234.41,2125.07,61.4,354.96,108.43,649.18,351.94,1001.12,791.45,1123.96,-33.13,-4.77,-18.9,36.07000000000001,2.182187802516941,0.07,0.89,0.04,1.9397963800904974,2.231934389140271,3.680938914027149,3.739366515837104,3.295316742081447,1.16,1.15,0.0,1.58,0.91,6,2005,0.0,884.0,35.36
2005-09-30,1098.27,-286.82,-0.3649980116121848,0.0,65.05000000000001,-283.51,-246.62,0.13,1381.79,-48.769999999999996,272.71,320.37,487.2,1169.72,228.13,2416.28,111.04,316.94,108.15,947.91,388.73,1336.64,791.45,1079.64,-16.450000000000003,-21.259999999999998,257.25,36.89,-0.0876717104804407,0.09,1.24,-0.32,-47.49536626103555,-47.814739521196216,-106.2600461305973,-107.35504016543386,-75.14396564065854,-6.09,-6.03,0.0,1.23,0.72,9,2005,0.0,785.8125,-251.46
2005-12-31,1135.6599999999999,7.810000000000002,0.008975169300225736,0.0,53.80000000000001,-45.77999999999997,-4.0,0.49,1181.4300000000003,-58.730000000000004,465.59,326.74,350.99,1187.86,227.93,2417.05,0.0,187.73,63.16,336.82,125.74,462.56,1333.2,1954.5,53.18,-339.62,479.32000000000005,41.77999999999999,13.57077464788732,0.33,0.24,-0.28,1.2924243792325059,1.5924514672686234,1.5988623024830704,2.0668532731376983,1.7732370203160277,-4.64,-4.59,0.0,3.53,2.48,12,2005,0.0,870.1785714285713,-243.65
2006-03-31,1298.06,104.22,0.07,0.0,117.7,165.88,207.18,0.32,1132.18,-38.34,204.79,356.95,440.18,1505.74,243.04,2959.6,0.0,188.76,62.7,535.84,123.28,659.12,1577.73,2300.48,-164.15,-339.28,242.62,41.3,1.1425,0.22,0.29,0.07,14.08,25.24,18.12,24.44,27.359999999999996,9.62,8.03,0.0,2.81,1.99,3,2006,0.0,1488.8571428571427,104.22
2006-06-30,1388.9900000000002,-192.85,-0.13055398849148142,0.0,53.67999999999999,-197.18,-142.76,0.27,1586.18,-116.63,156.27,490.75,405.56,1419.95,301.45,2863.6,123.03,233.92,64.09,655.78,120.22,775.99,1578.23,2047.29,-167.36999999999998,-110.89000000000004,229.75,54.42,-0.5204743323826808,0.21,0.38,-0.06,-26.98115762157283,-10.879499040956787,-37.686584677874315,-48.65311971115875,-12.359110910526908,-3.61,-3.3,0.0,2.17,1.55,6,2006,0.0,1477.1666666666667,-88.63
2006-09-30,997.6999999999998,-598.63,-0.3832569915315892,0.0,41.91,-619.73,-608.5699999999999,0.17,1617.4100000000003,-166.97,94.36,241.17,406.85,1208.17,376.76,2706.18,187.79,68.39,35.71,487.43,136.18,623.61,1749.23,2075.7,-78.36000000000001,-484.57,501.02,11.159999999999997,-0.10906519887075489,0.14,0.3,-0.44,-88.4975234991124,-88.5672065884818,-115.36035445100835,-151.76976864650933,-102.22509210488025,-19.59,-18.65,0.0,2.48,1.64,9,2006,0.0,1561.9545454545455,-687.26
2006-12-31,706.3900000000003,-294.4,-0.1829391031518041,0.0,-22.17999999999998,-305.73,-260.15999999999997,0.12,1012.1299999999992,-210.50000000000006,69.82,142.6,311.0,877.6,433.36,2333.48,202.23,36.9,14.7,421.72,135.05,556.77,1749.23,1784.6,103.31,-87.22000000000003,-40.620000000000005,45.56999999999999,-0.16672214673913044,0.12,0.31,-0.61,-50.467200456369824,-48.319915245604385,-65.99003320905405,-62.99103151804086,-60.04001385408389,-23.44,-22.36,0.0,2.08,1.34,12,2006,0.0,1609.27868852459,-981.66
2007-03-31,825.97,-63.76,-0.04,0.0,84.95,-57.26,-18.68,0.08,883.23,-46.54,62.37,215.6,153.48,749.61,758.4,2648.33,146.96,94.69,27.5,477.05,459.89,936.94,1749.23,1721.4,138.3,-424.58,278.82,38.58,-0.4825,0.08,0.54,-0.04,-9.64,-8.16,-14.8,-12.68,-10.56,-8.34,-7.72,0.0,1.57,1.25,3,2007,0.0,1594.0,-63.76
2007-06-30,580.77,-74.14000000000001,-0.04301087744742568,0.0,28.039999999999992,-68.19999999999999,-11.02,0.1,648.96,-171.87,91.02,104.94,143.21,690.37,760.3,2556.06,100.01,100.5,40.25,454.36,459.77,914.13,1749.23,1641.93,108.69999999999999,-30.5,-49.53999999999999,57.18000000000001,-0.5719483409765308,0.1,0.56,-0.08,-11.612936910804935,-9.957018129079044,-18.064568527918787,-16.086068165337203,-12.838746918056565,-10.64,-9.8,0.0,1.52,1.2,6,2007,0.0,1723.75,-137.9
2007-09-30,600.1299999999999,-215.42999999999998,-0.12194265983641354,0.0,22.190000000000012,-190.93,-168.99,0.1,791.0700000000002,-96.08000000000001,115.06,103.35,148.66,822.09,750.45,2284.42,16.51,99.0,353.59,710.45,147.66,858.11,1749.23,1426.32,-84.4,209.32999999999998,-100.9,21.939999999999998,-0.20911467762150118,0.12,0.6,-0.2,-37.72905895338635,-30.924658534514474,-60.41039368295927,-49.21605750997651,-49.020949254238246,-18.46,-17.61,0.0,1.16,0.95,9,2007,0.0,1766.6499999999999,-353.33
2007-12-31,1944.8000000000002,540.93,0.31717643923240935,0.0,32.98999999999998,561.4,613.71,0.14,1383.3999999999996,-137.56,134.83,174.73,110.32,1400.39,753.57,2986.19,110.51,105.87,353.34,842.21,174.18,1016.4,1749.23,1969.79,-81.05999999999999,10.330000000000013,90.50999999999999,52.30999999999999,0.10924518884143976,0.12,0.52,0.11,72.43156503198294,106.22527292110874,109.80071641791044,115.22155010660981,131.8300618336887,5.91,4.75,0.0,1.66,1.53,12,2007,0.0,1705.4545454545455,187.6
2008-03-31,1829.49,727.75,0.42,0.0,28.2,747.42,764.98,0.21,1082.07,-87.95,91.52,114.14,297.89,2540.72,746.13,3848.47,135.79,117.71,351.5,982.64,168.29,1150.94,1749.23,2697.54,-486.25,423.92,19.02,17.56,0.1275,0.14,0.43,0.42,75.64,92.04,107.92,131.76,104.32,73.21,39.78,0.0,2.59,2.28,3,2008,0.0,1732.7380952380954,727.75
2008-06-30,1026.68,-23.970000000000027,-0.013623575549177317,0.0,19.98,-4.110000000000014,13.230000000000018,0.41,1030.7900000000002,-102.14,112.5,70.16,651.27,2881.74,734.84,4177.82,119.21,339.64,346.73,1076.86,168.65,1245.51,1814.23,2932.31,-204.08000000000004,-8.970000000000027,234.01,17.34,-7.487021276595736,0.25,0.42,0.4,-2.295572480036378,-3.0080854812583513,-3.2696581318025557,-4.19197419648186,-3.2655710591378027,36.6,24.64,0.0,2.68,2.07,6,2008,0.0,1759.4499999999998,703.78
2008-09-30,1510.38,279.09000000000003,0.15617477387650455,0.0,63.169999999999995,298.07000000000016,316.48,0.52,1212.31,-55.91999999999999,36.23,496.51,362.59,3351.18,740.69,4686.71,161.0,314.76,344.85,1308.39,166.93,1475.32,1814.23,3211.39,-55.90999999999997,-56.51999999999998,36.16,18.410000000000004,0.8275984449460746,0.29,0.46,0.55,23.818072786838545,33.93819813403604,34.76734420625312,48.14726301545475,35.01722384445553,31.92,22.51,0.0,2.56,2.28,9,2008,0.0,1787.0363636363636,982.87
2008-12-31,-469.1300000000001,-2154.93,-1.2134650103237035,0.0,46.96000000000001,-2131.2200000000003,-2112.8900000000003,0.07,1662.0900000000001,-74.68,57.71,587.02,105.77,1062.17,577.02,2332.61,238.76,171.2,341.83,1110.22,165.92,1276.15,1814.23,1056.46,72.81000000000006,-107.5,56.18000000000001,18.33,-0.014957167982254646,0.13,1.21,-0.66,-369.55525314403695,-301.3805825640325,-815.8897469412827,-569.6666648465094,-655.7123655785539,-30.98,-30.07,0.0,0.96,0.86,12,2008,0.0,1775.8484848484848,-1172.06
2009-03-31,483.43,-130.05,-0.07,0.0,19.3,-107.56,-88.87,0.05,590.99,-81.73,63.38,420.23,99.05,821.77,563.41,2095.25,177.16,124.13,341.4,1008.58,160.26,1168.84,1814.23,926.41,79.61,-4.01,-69.93,18.69,-0.185,0.1,1.26,-0.07,-24.84,-14.48,-56.16,-28.72,-39.6,-27.64,-26.9,0.0,0.81,0.72,3,2009,0.0,1857.857142857143,-130.05
2009-06-30,366.29,-32.47999999999999,-0.0019984002953300924,0.0,31.830000000000002,-11.649999999999991,7.210000000000008,0.05,377.93999999999994,-64.39,406.99,425.96,123.91,1246.98,550.42,2531.46,242.77,65.96,341.03,1027.57,156.88,1184.46,2720.36,1347.0,-147.89,-5.98,497.47,18.859999999999996,-6.255003078817736,0.1,0.88,-0.01,-5.131891958407676,-2.837728419368731,-9.648276625853685,-6.07513689780348,-6.338925736787053,-19.84,-19.13,-4.15,1.21,1.09,6,2009,0.0,16253.0,-162.53
2009-09-30,430.81999999999994,-335.69000000000005,-0.013475573040022483,0.0,8.79,-312.20000000000005,-293.21000000000004,0.05,743.0200000000001,-97.63,46.01,431.04,119.92,1163.43,281.77,2179.75,244.1,50.72,339.74,1012.15,156.3,1168.45,2720.36,1011.3,-345.79999999999995,-21.92,6.75,18.990000000000002,-0.9276043373350412,0.13,1.16,-0.02,-61.610319938982784,-33.877590622616516,-132.78829673638154,-63.604704748906116,-99.58448476576613,-40.86,-38.91,-18.58,1.15,1.03,9,2009,0.0,24911.0,-498.22
2009-12-31,639.77,-73.29999999999995,-0.002565089585666292,0.0,21.090000000000003,-39.19999999999999,-24.819999999999993,0.05,678.97,-23.360000000000014,27.6,447.4,103.58,1196.37,302.36,2166.74,238.36,85.14,340.4,1065.03,162.65,1227.68,2720.37,938.01,21.74000000000001,-30.49,-9.680000000000007,14.380000000000003,-4.873124147339703,0.15,1.31,-0.02,-13.533412653975356,-10.732334826427767,-31.258181690929433,-29.401056830907038,-21.916125419932797,-31.98,-29.76,-15.33,1.12,1.03,12,2009,0.0,28576.0,-571.52
2010-03-31,509.03,-293.39,-0.01,0.0,27.09,-269.33,-252.78,0.03,778.36,-71.35,50.81,374.98,97.85,994.85,311.58,1963.58,329.27,63.73,340.41,1161.49,156.89,1318.38,2720.37,644.62,-39.07,-21.4,83.69,16.55,-0.75,0.13,2.05,-0.01,-59.76,-53.08,-182.04,-149.4,-134.32,-58.02,-57.64,-38.2,0.86,0.77,3,2010,0.0,29338.999999999996,-293.39
2010-06-30,475.85,-116.34000000000003,-0.00567886168940522,0.0,10.34,-66.33000000000004,-49.16,0.03,542.1899999999999,-67.30000000000001,45.25,353.65,73.85,854.17,330.29,1834.66,331.89,37.96,340.42,1148.22,157.68,1305.9,2720.37,528.28,53.71,-53.699999999999996,-5.590000000000003,17.169999999999998,-1.320687209902011,0.15,2.47,-0.02,-25.361796304883708,-17.468178556610454,-88.09050252605375,-49.63325116540162,-55.53926732238304,-42.0,-41.6,-20.85,0.74,0.68,6,2010,0.0,20486.5,-409.73
2010-09-30,401.0000000000001,-91.44999999999999,-0.003649387445628317,0.0,16.9,-90.10999999999996,-73.24000000000001,0.02,491.10000000000014,-74.4,231.85,370.11,69.26,1069.42,324.64,2079.65,328.88,52.05,340.43,1187.46,143.66,1331.12,4273.18,747.4,-53.61,-58.41,298.63,16.870000000000005,-1.3700929469655552,0.11,1.78,-0.02,-17.590047487928487,-14.590251007622008,-48.94558442076698,-41.59571810527155,-34.829753781076654,-36.74,-36.16,-17.13,0.9,0.84,9,2010,0.0,25059.0,-501.18
2010-12-31,410.0799999999999,-419.43,-0.013668002737315476,0.0,9.170000000000002,-394.73,-377.42,0.02,804.81,-106.95999999999998,23.8,400.85,44.61,841.1,95.95,1686.16,330.14,61.79,340.44,1238.92,118.76,1357.68,4273.18,327.96,-57.19,-142.29000000000002,-8.580000000000041,17.310000000000002,-0.36764698519419214,0.26,4.14,-0.03,-99.50305992765666,-77.61603154430215,-511.5660064522436,-265.0499090820217,-334.3375709583863,-52.32,-51.26,-23.77,0.68,0.64,12,2010,0.0,30687.0,-920.61
2011-03-31,366.65,-6.34,0.0,-0.0,13.28,19.06,31.33,0.02,347.59,-58.34,19.48,360.7,42.8,757.15,93.23,1664.44,333.38,69.29,340.45,1249.4,103.55,1352.96,4273.18,310.66,43.34,-67.35,19.7,12.27,0.0,0.28,4.36,0.0,-1.52,4.2,-8.16,-5.32,18.36,-2.52,-1.73,2.77,0.61,0.57,3,2011,0.0,-inf,-6.34
2011-06-30,237.19000000000005,-78.21,0.0,-0.0,3.5299999999999994,-54.09,-42.86,0.02,291.28000000000003,-62.849999999999994,243.58,47.7,44.14,456.24,130.46,1381.38,182.47,49.37,340.46,1043.87,105.7,1149.56,4273.18,232.46,408.86,-2.930000000000007,-181.82999999999998,11.23,0.0,0.37,4.95,0.0,-22.644361916026018,-8.066128917800118,-134.57115079834415,-82.25231460674156,-38.4066138379657,-18.16,-14.0,-2.48,0.44,0.39,6,2011,0.0,-inf,-84.55
2011-09-30,286.65999999999997,-160.57,-0.006550669060052219,0.0,39.870000000000005,-138.28,-125.94999999999999,0.02,424.93999999999994,-29.49000000000001,120.8,16.15,54.13,339.92,316.75,1331.89,208.24,28.29,339.74,1071.16,190.36,1261.53,4273.18,71.89,-100.64999999999998,-130.95,22.340000000000003,12.329999999999998,-0.7632808121068694,1.19,17.55,-0.01,-48.21292428198432,-26.621919060052218,-893.4326517624021,-156.7968146214099,-174.16918896866838,-32.26,-27.53,-9.86,0.32,0.27,9,2011,0.0,24512.0,-245.12
2011-12-31,279.5899999999999,-73.70999999999998,-0.002311890349088856,0.0,26.839999999999996,-82.32999999999998,-76.36000000000001,0.02,361.9200000000001,-121.5,18.33,18.81,69.78,216.81,571.34,1452.36,294.37,264.87,388.66,1210.86,158.62,1369.48,4273.18,84.45,-59.410000000000025,-206.53,163.45999999999998,5.969999999999999,-2.1627323293989966,1.01,16.22,-0.01,-20.29839726500015,-15.064277514662981,-349.13243295800265,-142.98579431044755,-97.8946849418185,-30.8,-27.25,-13.17,0.18,0.12,12,2011,0.0,31882.999999999996,-318.83
2012-03-31,272.37,-52.41,0.0,-0.0,21.88,-32.24,-26.14,0.01,304.6,-35.26,74.31,8.62,33.64,232.48,659.18,1554.28,296.85,229.13,73.01,1280.93,200.66,1481.59,4679.63,72.69,40.8,-93.67,109.03,6.1,0.0,0.64,20.38,0.0,-13.48,-7.999999999999999,-288.4,-109.36,-47.16,-20.15,-19.24,0.0,0.18,0.16,3,2012,0.0,-inf,-52.41
2012-06-30,245.78999999999996,-48.22,0.0,-0.0,16.470000000000002,-27.96,-22.630000000000003,0.02,273.76,-32.74,22.76,5.55,53.59,201.93,740.63,1592.27,296.07,203.42,102.53,1304.78,243.03,1547.8,4879.63,44.47,-108.09,-62.739999999999995,119.25,5.33,0.0,2.19,34.81,0.0,-12.113699691940775,-7.76273477094306,-433.7356176090629,-139.30754645731892,-40.13621385272781,-20.07,-19.42,0.0,0.15,0.11,6,2012,0.0,-inf,-100.63
2012-09-30,258.57000000000005,-28.75,0.0,-0.0,19.82,-9.849999999999994,-5.1399999999999935,0.02,268.41999999999996,-30.150000000000006,13.55,4.04,26.84,165.08,787.77,1522.3,255.71,185.08,104.91,1251.75,254.83,1506.58,4879.63,15.72,-11.89,38.459999999999994,-35.72,4.710000000000001,0.0,6.21,95.84,0.0,-7.555263564693152,-4.364275776781573,-731.5539496058124,-262.52318750966145,-23.01244396351832,-17.54,-16.66,0.0,0.13,0.11,9,2012,0.0,-inf,-129.38
2012-12-31,278.1299999999999,-155.0,-0.005450453618397918,0.0,4.789999999999999,-142.03000000000003,-136.91,0.04,420.1500000000001,-76.91999999999999,169.52,6.35,26.1,357.72,821.13,1489.88,76.95,112.05,227.16,1082.73,168.45,1251.18,6702.93,43.05,-139.69,104.14,191.57999999999998,5.120000000000001,-1.8347096774193548,6.23,29.06,-0.01,-41.61966383008651,-31.438216470919194,-1440.1842604965186,-972.557141852451,-113.56565159293903,-28.54,-26.96,0.0,0.33,0.31,12,2012,0.0,28438.0,-284.38
2013-03-31,190.14,-45.16,0.0,-0.0,4.58,-33.95,-31.52,0.05,224.1,-35.54,83.32,9.7,18.13,237.24,869.11,1524.7,70.29,95.48,109.24,961.35,291.91,1253.26,6902.93,77.89,-17.85,-154.35,85.98,2.43,0.0,4.43,16.09,0.0,-11.84,-8.84,-231.92,-239.92,-24.12,-23.98,-23.75,-14.96,0.25,0.23,3,2013,0.0,-inf,-45.16
2013-06-30,188.71000000000004,-31.180000000000007,0.0,-0.0,13.979999999999999,-18.709999999999994,-16.180000000000003,0.04,207.41,-22.17,420.79,5.86,7.34,576.37,1110.72,2099.63,66.67,90.04,410.83,1306.3,37.41,1343.71,9203.91,564.43,-23.049999999999997,-240.66,601.16,2.53,0.0,0.65,2.38,0.0,-5.94682735132303,-4.656169766832592,-22.104553314121038,-40.95795651034845,-10.84805868483102,-20.44,-20.15,-15.58,0.44,0.44,6,2013,0.0,-inf,-76.34
2013-09-30,36.35999999999996,-39.36999999999999,0.0,-0.0,10.93,-23.650000000000006,-20.929999999999993,0.04,60.00999999999999,-26.479999999999997,162.14,14.94,64.92,417.05,1261.59,2126.08,23.21,60.07,295.89,1259.02,152.98,1412.0,9204.46,525.21,-11.43,-192.45000000000005,-54.85000000000002,2.7199999999999998,0.0,0.7,2.69,0.0,-7.403778411546106,-5.688932676518881,-29.98258058940454,-58.22309567020999,-11.976700371618701,-28.55,-27.87,-10.27,0.33,0.28,9,2013,0.0,-inf,-115.71
2013-12-31,359.15000000000003,204.01999999999998,0.0,0.0,11.350000000000005,180.4,185.76,0.03,178.74,-49.77000000000001,377.9,10.26,141.11,681.37,1478.69,2597.68,10.38,37.94,118.15,591.13,339.21,930.34,12002.01,1499.1,-2.230000000000004,-270.5,492.70000000000005,5.359999999999999,0.0,0.24,0.62,0.0,31.419680670365754,47.037110180047556,54.42997622013361,105.81039519873171,47.96121843505831,20.23,11.4,20.41,1.15,0.91,12,2013,0.0,inf,88.31
2014-03-31,82.97,10.82,0.0,0.0,25.0,8.77,21.23,0.03,74.21,-17.16,280.41,42.37,155.55,655.91,1548.96,2639.46,3.84,12.82,301.24,808.42,150.8,959.22,12031.2,1517.85,-95.88,-77.93,79.0,12.46,0.0,0.24,0.63,0.0,1.6399999999999997,1.68,2.84,5.44,1.92,19.25,13.04,2.16,0.81,0.62,3,2014,0.0,inf,10.82
2014-06-30,88.33000000000001,17.41,0.0,0.0,7.859999999999999,11.129999999999999,20.63,0.03,77.19000000000001,-46.459999999999994,185.1,37.57,170.78,563.5,1601.41,2603.84,0.57,10.07,304.31,708.35,115.68,824.03,12361.84,1624.58,-50.83000000000001,-33.56999999999999,-11.0,9.5,0.0,0.23,0.51,0.0,2.66422954303932,2.0968473255402054,4.292369819341126,6.364548352816152,2.590223166843783,33.31,16.48,4.72,0.8,0.55,6,2014,0.0,inf,28.23
2014-09-30,248.21999999999997,11.510000000000002,0.0,0.0,30.75,7.91,19.58,0.03,240.30999999999997,-19.910000000000004,99.8,144.03,1.72,426.06,1646.81,2512.1,11.06,1.41,304.1,615.42,111.02,726.43,1236.18,1636.23,-33.42999999999998,-57.02000000000001,5.159999999999997,11.670000000000002,0.0,0.02,0.44,0.0,1.8304781077000505,1.3902365374937091,2.8152289884247614,4.263392048314041,1.7030397584297938,12.93,9.47,4.43,0.69,0.69,9,2014,0.0,inf,39.74
2014-12-31,92.96000000000004,-26.330000000000002,-0.0,0.0,7.780000000000001,-27.95,-11.149999999999999,0.05,120.92000000000002,-61.879999999999995,479.09,47.85,18.15,809.19,2428.68,3891.17,22.16,6.01,49.2,426.1,605.38,1031.47,1648.25,2640.05,60.31999999999999,-397.98,715.5300000000001,16.799999999999997,-0.0,0.03,0.39,0.0,-2.670305741983595,0.0,-4.005458612975391,-5.104996271439225,0.0,3.7,2.62,-0.01,1.9,1.86,12,2014,0.0,inf,13.41
2015-03-31,147.77,23.83,0.0,0.0,0.33,15.35,45.01,0.05,132.42,-72.07,792.06,67.44,25.36,1144.88,2488.62,4349.69,21.04,5.44,63.66,324.09,589.67,913.76,1807.96,3235.68,-36.52,-149.21,498.7,29.66,0.0,0.03,0.28,0.0,2.2,1.76,2.96,4.0,1.5199999999999998,39.52,16.13,0.98,3.53,3.45,3,2015,0.0,inf,23.83
2015-06-30,182.92,15.760000000000005,0.0,0.0,16.240000000000002,19.769999999999996,50.199999999999996,0.04,163.15,-64.68,325.68,46.52,26.99,718.06,3019.68,4404.15,31.03,23.77,78.12,382.59,575.14,957.73,1807.96,3251.46,9.640000000000004,-469.51,-6.509999999999991,30.430000000000003,0.0,0.02,0.29,0.0,1.4330891639302858,1.5923212932558732,1.9426319777721652,2.579560495074514,1.3853195251326096,29.27,11.97,1.3,1.88,1.81,6,2015,0.0,inf,39.59
2015-09-30,153.92000000000002,1.7099999999999937,0.0,0.0,3.120000000000001,6.600000000000001,37.61,0.03,147.32,-58.139999999999986,150.64,53.36,41.81,592.56,3273.67,4561.49,30.67,24.1,102.43,447.32,672.1,1119.42,1807.96,3253.16,4.300000000000001,-286.22,106.89000000000004,31.00999999999999,0.0,0.02,0.34,0.0,0.15071186440677914,0.1954285714285707,0.2103341404358346,0.2798934624697326,0.16727360774818342,18.72,8.52,0.97,1.32,1.23,9,2015,0.0,inf,41.3
2015-12-31,123.17999999999995,-41.16,-0.0,0.0,-27.21,-49.86,-18.61999999999999,0.03,173.03999999999996,-102.37,80.91,35.53,33.59,472.35,3158.92,4498.06,39.69,22.91,99.27,465.13,653.52,1118.65,1807.96,3210.9,-22.65,-9.099999999999909,-37.97000000000003,31.24000000000001,-0.0,0.02,0.35,0.0,-0.0,223.43999999999997,-0.0,-0.0,235.2,0.05,0.02,-0.13,1.02,0.94,12,2015,0.0,inf,0.14
2016-03-31,131.89,-22.98,0.0,-0.0,7.71,-19.72,12.4,0.03,151.6,-79.79,278.85,42.46,30.52,670.25,3411.9,4948.48,25.85,12.79,113.88,470.32,632.23,1102.55,2033.95,3685.25,-35.45,-248.98,482.37,32.12,0.0,0.02,0.3,0.0,-1.84,-1.6799999999999997,-2.48,-2.64,-1.76,-32.0,-17.42,-3.07,1.43,1.36,3,2016,0.0,-inf,-22.98
