,revenue,net_profit,eps,dps,gross_profit,ebit,ebitda,close_price,allowance_doubtful_accounts,expense,cash,account_receivable,property_plant_equipment,total_asset,total_liability,paid_in_capital,total_equity,cash_flow_operation,cash_flow_investment,cash_flow_financing,P/E,P/BV,D/E,EPS,DPS,DPR%,ROA%,ROAA%,ROE%,ROAE%,NPMA%,month,year,operating_profit,depreciation,dividend,ROCE%,number_of_shares,return_old
2000-03-31,37.57,9.94,0.99,0.0,,9.94,9.94,21.5,0.0,9.9,185.16,0.0,47.37,433.73,167.98,100.0,265.75,2.37,-46.17,0.46,5.43,8.09,0.63,0.99,0.0,0.0,9.16,0.0,14.96,0.0,26.46,3,2000,,,0.0,,10.04040404040404,9.94
2000-06-30,36.11000000000001,0.4800000000000004,0.04790786948176588,0.0,,0.4800000000000004,0.4800000000000004,21.5,0.0,9.799999999999999,207.05,0.0,46.33,425.04,159.19,100.0,265.84,4.51,17.970000000000002,-0.46,112.1778124999999,8.09,0.6,1.04,0.0,0.0,0.45143953934740927,0.0,0.7223032629558548,0.0,14.14,6,2000,,,0.0,,10.019230769230768,10.42
2000-09-30,32.94999999999999,10.200000000000001,1.0190106692531524,0.0,,10.200000000000001,10.200000000000001,21.5,0.0,9.490000000000002,176.91,0.0,46.0,421.24,144.8,100.0,276.44,-1.8399999999999999,-21.3,0.0,5.276294117647058,7.78,0.52,2.06,0.0,0.0,9.695441319107664,0.0,14.760814742967993,0.0,19.34,9,2000,,,0.0,,10.009708737864077,20.62
2000-12-31,29.03,-0.41000000000000014,-0.04097971301335974,0.0,,-0.41000000000000014,-0.41000000000000014,21.5,0.31,10.91,151.11,0.0,45.09,412.29,136.71,100.0,275.58,-3.25,-70.55,0.0,-131.11853658536583,7.8,0.5,2.02,0.0,0.0,-0.3976249381494311,-0.0,-0.5948144482929244,-0.0,14.9,12,2000,,,0.0,,10.004950495049505,20.21
2001-03-31,24.24,5.97,0.6,0.0,,5.97,5.97,21.5,0.02,10.02,131.63,0.0,44.61,422.24,142.12,100.0,280.12,8.46,-11.24,0.0,8.9575,7.68,0.51,0.6,0.0,0.0,5.64,5.56,8.52,8.76,24.63,3,2001,,,0.0,,9.95,5.97
2001-06-30,23.400000000000002,3.4300000000000006,0.343,1.0,,4.000000000000001,4.000000000000001,18.0,0.02,10.379999999999999,107.49,0.0,45.36,421.56,146.84,100.0,274.72,12.61,37.26,0.0,13.12026239067055,6.55,0.53,0.94,1.0,1.06,3.2548510638297876,3.4445957446808513,4.991744680851064,5.079319148936171,19.73,6,2001,,,10.000000000000002,,10.000000000000002,9.4
2001-09-30,24.78,5.359999999999999,0.5374525745257451,-0.0027100271002711085,,8.22,8.22,18.0,0.02,10.080000000000002,109.04,0.0,44.66,414.8,144.19,100.0,270.61,-7.09,37.53,0.0,8.371343283582089,6.65,0.53,1.48,1.0,0.68,5.171165311653116,6.318699186991869,7.916531165311653,7.84390243902439,20.38,9,2001,,,-0.027027027027028083,,9.972972972972974,14.76
2001-12-31,23.260000000000005,1.33,0.13308266003729025,0.002082878403574426,,0.4299999999999997,0.4299999999999997,18.0,0.51,11.379999999999999,93.86,0.0,43.86,406.37,128.11,100.0,278.26,-4.23,-45.949999999999996,-10.0,33.8131954887218,6.47,0.46,1.61,1.0,0.62,1.3093349906774394,1.5044126786824115,1.9111000621504042,1.921019266625233,16.82,12,2001,,,0.020815846902802804,,9.993788819875776,16.09
2002-03-31,24.31,4.96,0.5,0.0,,6.62,6.62,18.0,0.0,10.67,101.35,0.0,43.28,413.77,127.29,100.0,286.47,3.82,8.67,0.0,9.0,6.28,0.44,0.5,0.0,0.0,4.8,6.32,6.920000000000001,7.0,20.4,3,2002,,,0.0,,9.92,4.96
2002-06-30,24.38,5.06,0.5049900199600799,0.0,,6.999999999999999,6.999999999999999,18.0,0.0,10.81,101.52,0.0,42.68,414.28,130.15,100.0,284.13,5.449999999999999,-15.27,-10.0,8.911067193675889,6.34,0.46,1.0,0.0,0.0,4.888303393213572,6.58506986027944,7.130459081836326,7.251656686626745,20.58,6,2002,,,0.0,,10.02,10.02
2002-09-30,26.299999999999997,0.870000000000001,0.08707988980716264,0.0,,2.7500000000000018,2.7500000000000018,18.0,0.0,10.650000000000002,112.89,0.0,42.24,419.72,142.01,100.0,277.7,7.5,-0.14000000000000057,0.0,51.6649137931034,6.48,0.51,1.09,0.0,0.0,0.8276584022038576,1.2526721763085413,1.2526721763085413,1.2686501377410482,14.52,9,2002,,,0.0,,9.990825688073395,10.89
2002-12-31,26.210000000000008,3.75,0.37397540983606553,0.0,,3.6400000000000006,3.6400000000000006,18.0,0.0,10.5,143.05,0.0,41.6,421.03,134.98,100.0,286.05,5.370000000000001,-35.41,0.0,12.03408,6.29,0.47,1.46,0.0,0.0,3.565573770491803,4.959016393442623,5.245901639344262,5.317622950819673,14.47,12,2002,,,0.0,,10.027397260273974,14.64
2003-03-31,27.25,4.62,0.46,1.0,,5.21,5.21,18.2,0.0,11.74,157.6,0.0,43.9,420.98,126.96,100.0,294.03,-0.65,-1.8,0.0,9.8925,6.19,0.43,0.46,1.0,2.17,4.4,5.0,6.28,6.36,16.95,3,2003,,,10.043478260869565,,10.043478260869565,4.62
2003-06-30,29.810000000000002,8.169999999999998,0.8176387802971069,-0.005133086310636637,,10.46,10.46,18.2,0.0,11.569999999999999,131.6,0.0,43.19,424.18,122.23,100.0,301.95,-3.48,31.490000000000002,-10.0,5.56529375764994,6.03,0.4,1.28,1.0,0.78,7.7164659890539475,9.556153244722438,10.833713838936669,11.140328381548082,22.42,6,2003,,,-0.05129076086956452,,9.9921875,12.79
2003-09-30,21.879999999999995,2.49,0.2493259162303665,0.9994733720549738,,7.4300000000000015,7.4300000000000015,18.0,0.0,11.500000000000004,127.68,0.0,42.7,457.24,153.79,100.0,303.45,13.54,16.039999999999996,0.0,18.041445783132527,5.93,0.51,1.53,2.0,1.31,2.1771204188481676,3.4351570680628276,3.2852356020942413,3.4286387434554975,19.36,9,2003,,,9.981668709150327,,9.986928104575163,15.28
2003-12-31,31.700000000000003,8.12,0.8119999999999999,0.002614379084967311,,10.809999999999995,10.809999999999995,18.9,0.0,12.009999999999998,188.44,0.0,41.96,461.92,151.08,100.0,310.84,0.1999999999999993,53.550000000000004,0.0,5.821182266009853,6.08,0.49,2.34,2.0,0.85,7.037333333333334,10.660102564102562,10.451897435897436,10.882188034188035,21.15,12,2003,,,0.02614379084967311,,10.0,23.4
2004-03-31,33.94,5.9,0.59,0.0,,6.01,6.01,24.9,0.0,12.66,126.17,0.0,41.3,441.53,143.17,100.0,298.35,-2.71,-67.56,0.0,10.55,8.35,0.48,0.59,0.0,0.0,5.36,5.56,7.92,7.959999999999999,17.38,3,2004,,,0.0,,10.000000000000002,5.9
2004-06-30,35.55,0.05999999999999961,0.0060402684563758,0.0,,0.71,0.71,24.9,0.0,12.379999999999999,122.52,0.0,40.92,445.72,156.18,100.0,289.55,0.8499999999999999,24.510000000000005,-14.0,1030.58333333334,8.6,0.54,0.6,0.0,0.0,0.05395973154362381,0.06241610738254993,0.08295302013422765,0.08134228187919411,8.58,6,2004,,,0.0,,9.933333333333334,5.96
2004-09-30,32.97,-8.25,-0.8286026200873363,0.0,,-8.33,-8.33,24.9,0.0,12.119999999999997,110.98,0.0,40.33,460.86,181.42,100.0,279.44,2.69,-9.240000000000002,0.0,-7.512587878787879,8.91,0.65,-0.23,0.0,0.0,-7.20524017467249,-5.043668122270742,-11.816593886462881,-11.384279475982535,-2.24,9,2004,,,0.0,,9.956521739130434,-2.29
2004-12-31,39.510000000000005,6.68,0.6695216400911161,0.0,,6.74,6.74,24.9,0.1,9.690000000000005,138.96,0.0,39.54,436.19,150.11,100.0,286.08,2.1,18.28,0.0,9.29753368263473,8.7,0.52,0.44,0.0,0.0,6.1474259681093395,6.93867881548975,9.31243735763098,8.947243735763097,3.09,12,2004,,,0.0,,9.977272727272727,4.39
2005-03-31,35.84,3.81,0.38,1.4,,3.81,3.81,24.9,0.0,11.4,119.67,0.0,38.81,423.31,137.05,100.0,286.25,-5.54,-2.75,0.0,16.3825,8.7,0.48,0.38,1.4,3.68,3.6,3.52,5.32,5.2,10.63,3,2005,,,14.036842105263158,,10.026315789473685,3.81
2005-06-30,34.61999999999999,5.34,0.5310819672131147,0.003986194995685699,,5.729999999999999,5.729999999999999,24.9,0.0,10.520000000000001,150.2,0.0,38.13,407.96,122.55,100.0,285.41,-9.8,39.03,-2.5,11.720224719101124,8.72,0.43,0.91,1.4,1.54,5.229114754098361,5.229114754098361,7.493508196721311,7.423475409836065,12.99,6,2005,,,0.04008097165991664,,10.054945054945055,9.15
2005-09-30,22.02000000000001,-10.52,-1.0750364963503651,0.21148231330713077,,-9.479999999999999,-9.479999999999999,25.0,0.0,16.08,143.32,0.0,37.56,397.7,124.42,100.0,273.28,-13.190000000000001,-27.700000000000003,0.0,-5.813709600760457,9.15,0.46,-0.14,1.65,-11.79,-10.443211678832116,0.3071532846715328,-15.357664233576642,-15.357664233576642,-1.48,9,2005,,,2.069505494505494,,9.785714285714285,-1.37
2005-12-31,23.0,2.12,0.1978666666666667,0.14300000000000013,,0.69,0.69,25.0,0.0,12.5,170.96,0.0,38.99,391.71,115.09,100.0,276.62,-3.2099999999999973,38.27,0.0,31.586674528301888,9.04,0.42,0.07,1.65,23.57,2.1482666666666668,2.0352,3.0528000000000004,3.0528000000000004,0.65,12,2005,,,1.5321428571428584,,10.714285714285714,0.75
2006-03-31,24.81,3.9,0.39,0.0,,4.87,4.87,27.0,0.0,11.35,184.29,0.0,39.21,397.78,118.08,100.0,279.7,2.49,0.84,0.0,17.3075,9.65,0.42,0.39,0.0,0.0,3.92,4.76,5.56,5.52,15.72,3,2006,,,0.0,,10.0,3.9
2006-06-30,26.3,-0.8599999999999999,-0.08486842105263155,0.0,,0.05999999999999961,0.05999999999999961,15.0,0.0,11.290000000000001,209.69,0.0,38.52,408.45,135.91,100.0,272.54,5.609999999999999,19.51,0.0,-44.186046511627914,5.5,0.5,0.3,0.0,0.0,-0.8373684210526314,-1.3692105263157892,-1.2673684210526315,-1.233421052631579,5.95,6,2006,,,0.0,,10.133333333333335,3.04
2006-09-30,31.189999999999998,-20.58,-2.053306727480045,0.0,,-18.189999999999998,-18.189999999999998,14.3,0.0,13.79,235.63,0.0,38.71,452.04,195.32,100.0,256.72,15.410000000000002,46.93,0.0,-1.7407896015549076,5.57,0.76,-1.75,0.0,0.0,-18.209897377423033,-14.643010262257697,-32.05505131128849,-31.06946408209806,-21.31,9,2006,,,0.0,,10.022857142857143,-17.54
2006-12-31,27.28,-6.940000000000001,-0.6945669934640525,0.0,,-11.22,-11.22,15.0,0.0,8.399999999999999,247.14,0.0,38.88,471.41,223.42,100.0,247.99,11.719999999999995,-54.44,0.0,-5.3968876080691635,6.05,0.9,-2.45,0.0,0.0,-5.885392156862747,-6.429705882352942,-11.192450980392158,-10.580098039215688,-22.34,12,2006,,,0.0,,9.991836734693877,-24.48
2007-03-31,33.11,1.87,0.19,0.0,,1.87,1.87,21.0,0.0,11.03,274.75,0.0,38.13,474.13,226.08,100.0,248.06,10.1,-31.69,0.0,27.6325,8.47,0.91,0.19,0.0,0.0,1.56,1.72,3.0,2.84,5.65,3,2007,,,0.0,,9.842105263157896,1.87
2007-06-30,33.39,7.06,0.7036282194848824,0.0,,7.06,7.06,23.0,0.0,10.890000000000002,275.67,0.0,37.7,486.27,226.54,100.0,259.73,2.620000000000001,42.010000000000005,0.0,8.171076487252124,8.86,0.87,0.89,0.0,0.0,5.818768197088466,6.324748040313549,10.878566629339305,10.625576707726763,13.43,6,2007,,,0.0,,10.03370786516854,8.93
2007-09-30,29.799999999999997,2.9700000000000006,0.29700000000000004,0.0,,6.710000000000001,6.710000000000001,36.25,0.0,11.68,223.6,0.0,37.9,482.4,219.35,100.0,263.04,1.6899999999999995,-33.760000000000005,0.0,30.511279461279457,13.78,0.83,1.19,0.0,0.0,2.465848739495799,3.3443697478991603,4.512403361344538,4.572302521008405,12.36,9,2007,,,0.0,,10.0,11.9
2007-12-31,27.620000000000005,2.1899999999999995,0.21915542938254076,0.0,,-1.5500000000000007,-1.5500000000000007,65.0,0.0,12.25,104.97,0.0,37.68,468.08,202.74,100.0,265.34,-10.8,-74.43,0.0,74.1494292237443,24.5,0.76,1.41,0.0,0.0,1.8713697657913406,1.8651525904897086,3.3013200851667843,3.413229240596167,11.37,12,2007,,,0.0,,9.99290780141844,14.09
2008-03-31,27.04,-1.84,-0.18,1.0,,-1.84,-1.84,55.0,0.0,13.39,97.65,0.0,37.09,466.4,205.35,100.0,261.05,-12.59,11.27,0.0,-76.39,21.07,0.79,-0.18,1.0,-5.56,-1.56,-1.56,-2.8,-2.88,-6.8,3,2008,,,10.222222222222223,,10.222222222222223,-1.84
2008-06-30,26.97,-1.2,-0.11842105263157893,-0.008771929824561372,,-1.2,-1.2,52.0,0.0,13.189999999999998,129.92,0.0,36.76,483.4,241.52,100.0,241.88,24.8,3.67,-10.0,-109.77566666666668,21.5,1.0,-0.3,1.0,-3.33,-0.9947368421052631,-0.9947368421052631,-1.9894736842105263,-1.9105263157894736,-5.63,6,2008,,,-0.08888888888888857,,10.133333333333335,-3.04
2008-09-30,28.449999999999996,-4.9799999999999995,-0.4967581047381546,-0.010806317539484895,,-4.9799999999999995,-4.9799999999999995,52.0,0.0,13.490000000000002,125.08,0.0,36.08,474.46,248.23,100.0,226.23,4.119999999999997,1.040000000000001,0.0,-26.169678714859437,22.99,1.1,-0.8,1.0,-1.25,-4.197605985037407,-4.172768079800498,-8.817456359102245,-8.146832917705735,-9.73,9,2008,,,-0.10833333333333606,,10.024999999999999,-8.02
2008-12-31,29.870000000000005,-9.219999999999999,-0.919860788863109,-0.0001740139211135432,,-9.219999999999999,-9.219999999999999,52.0,0.0,13.119999999999997,213.52,0.0,35.74,454.36,246.52,100.0,207.84,4.190000000000001,0.259999999999998,0.0,-14.131377440347071,25.02,1.19,-1.72,1.0,-0.58,-8.107610208816705,-8.000649651972159,-17.734060324825986,-15.594849187935035,-15.35,12,2008,,,-0.0017441860465101655,,10.023255813953488,-17.24
2009-03-31,43.29,-11.22,-1.12,0.0,,-10.16,-10.16,52.0,0.0,13.58,227.87,0.0,36.17,491.14,294.8,100.0,196.34,19.07,-23.72,0.0,-11.6075,26.48,1.5,-1.12,0.0,0.0,-9.12,-8.48,-22.84,-19.64,-25.92,3,2009,,,0.0,,10.017857142857142,-11.22
2009-06-30,46.1,6.620000000000001,0.6620000000000003,0.0,,5.6000000000000005,5.6000000000000005,52.0,0.0,13.51,273.24,4.62,35.68,549.38,336.15,100.0,213.23,36.02,-7.16,0.0,19.636858006042296,24.39,1.58,-0.46,0.0,0.0,4.835478260869566,5.065739130434784,12.434086956521742,11.628173913043481,-5.15,6,2009,,,0.0,,9.999999999999998,-4.6
2009-09-30,48.52999999999999,-4.800000000000001,-0.48,0.0,,-4.840000000000001,-4.840000000000001,52.0,0.0,13.110000000000003,329.0,4.92,35.02,576.08,361.12,100.0,214.96,49.25,-14.489999999999998,0.0,-27.08375,24.19,1.68,-0.94,0.0,0.0,-3.3293617021276596,-3.656170212765958,-8.925957446808512,-8.70127659574468,-6.82,9,2009,,,0.0,,10.000000000000002,-9.4
2009-12-31,51.18000000000001,-14.479999999999999,-1.449212730318258,0.0,,-14.479999999999999,-14.479999999999999,52.0,0.22,13.799999999999997,273.92,4.79,34.27,525.97,326.26,100.0,199.7,-42.09,-2.990000000000002,0.0,-8.971491712707184,26.04,1.63,-2.39,0.0,0.0,-11.011591289782244,-11.811993299832494,-29.008509212730317,-28.426398659966498,-12.63,12,2009,,,0.0,,9.991631799163178,-23.88
2010-03-31,64.71,-6.02,-0.06,0.0,,-3.59,-3.59,47.25,0.0,14.81,261.9,4.44,33.71,544.2,349.81,100.0,194.39,2.43,-8.45,0.0,-196.875,24.31,1.8,-0.06,0.0,0.0,-4.44,-2.76,-12.4,-12.32,-9.3,3,2010,,,0.0,,100.33333333333333,-6.02
2010-06-30,71.05,11.54,1.1498188405797103,0.0,,11.85,11.85,47.25,0.0,14.589999999999998,201.72,7.66,33.09,592.05,387.19,100.0,204.86,46.01,-13.190000000000001,0.0,10.273466204506066,23.06,1.89,0.55,0.0,0.0,7.776956521739131,12.12536231884058,22.49463768115942,22.076521739130435,4.07,6,2010,,,0.0,,10.036363636363635,5.52
2010-09-30,89.74000000000001,-0.9499999999999993,-0.09562363238512028,0.0,,1.08,1.08,47.25,0.0,14.380000000000003,189.8,8.43,32.49,636.14,421.56,100.0,214.58,13.170000000000002,8.91,0.0,-123.53431578947378,22.02,1.96,0.46,0.0,0.0,-0.5986870897155356,-1.2805251641137845,-1.7711159737417927,-1.7711159737417927,0.0,9,2010,,,0.0,,9.934782608695652,4.57
2010-12-31,77.75999999999999,1.04,0.10381461675579323,0.0,,2.540000000000001,2.540000000000001,47.25,-0.06,13.949999999999996,153.5,9.14,31.98,820.1,591.99,100.0,228.11,9.810000000000002,-66.11999999999999,0.0,113.79129807692307,20.71,2.6,0.56,0.0,0.0,0.5042424242424243,1.3125133689839572,1.8241711229946524,1.9428163992869876,0.0,12,2010,,,0.0,,10.017857142857142,5.61
2011-03-31,78.13,4.75,0.47,0.0,,8.96,8.96,71.25,0.0,0.0,106.1,1.81,34.95,993.87,769.56,100.0,224.3,39.69,-3.09,0.0,37.9,31.77,3.43,0.47,0.0,0.0,1.92,4.68,8.48,9.08,0.0,3,2011,,,0.0,,10.106382978723405,4.75
2011-06-30,66.84,14.059999999999999,1.4052525252525252,0.0,,12.689999999999998,12.689999999999998,90.0,0.0,0.0,88.68,0.0,34.48,1367.83,1126.87,100.0,240.96,-0.5899999999999963,-16.82,0.0,16.010574324324324,37.35,4.68,1.88,0.0,0.0,4.126060606060606,6.607676767676767,23.35111111111111,25.234747474747472,0.0,6,2011,,,0.0,,10.00531914893617,18.81
2011-09-30,68.25,-2.6099999999999994,-0.261,0.0,,-0.41999999999999815,-0.41999999999999815,90.0,0.0,32.44,117.99,0.0,34.83,1366.92,1137.07,100.0,229.85,50.46999999999999,-21.169999999999998,0.0,-86.2137931034483,39.16,4.95,1.62,0.0,0.0,-0.7668888888888887,-1.366222222222222,-4.543333333333332,-4.6979999999999995,0.0,9,2011,,,0.0,,9.999999999999998,16.2
2011-12-31,61.41999999999999,-65.96,-6.601302250803859,0.0,,-66.01,-66.01,90.0,0.0,-32.44,116.8,0.0,35.83,2203.0,2022.61,100.0,180.39,-57.24999999999999,56.07,0.0,-3.4079866585809584,49.89,11.21,-4.98,0.0,0.0,-11.983086816720256,-15.69466237942122,-146.236077170418,-129.16282958199355,0.0,12,2011,,,0.0,,9.991967871485942,-49.76
2012-03-31,64.07,-29.55,-2.95,0.0,,-29.55,-29.55,90.0,0.0,0.0,243.15,0.0,35.37,2151.61,1994.43,100.0,157.18,72.24,54.11,0.0,-7.6275,57.26,12.69,-2.95,0.0,0.0,-5.48,-7.52,-75.2,-61.96000000000001,0.0,3,2012,,,0.0,,10.016949152542372,-29.55
2012-06-30,30.41000000000001,-3.429999999999996,-0.3432080048514247,0.0,,-3.429999999999996,-3.429999999999996,55.0,0.0,0.0,249.82,0.0,35.08,2035.04,1884.45,100.0,150.59,98.03000000000002,-91.37,0.0,-40.07118075801754,36.52,12.51,-3.3,0.0,0.0,-0.6739357186173431,-0.8070588235294109,-9.110612492419637,-7.009763493026069,0.0,6,2012,,,0.0,,9.993939393939394,-32.98
2012-09-30,46.64,-20.150000000000006,-2.01386222473179,0.0,,-20.150000000000006,-20.150000000000006,46.75,0.0,0.0,93.36,0.0,34.38,1900.45,1763.42,100.0,137.03,-119.25,-37.199999999999996,0.0,-5.800794044665011,34.12,12.87,-5.31,0.0,0.0,-4.247694334650857,-4.930359495576888,-58.81539619800491,-43.93329568981744,0.0,9,2012,,,0.0,,10.005649717514126,-53.13
2012-12-31,196.11,-10.189999999999998,-1.018678142766898,0.0,,-10.189999999999998,-10.189999999999998,78.0,0.0,0.0,110.88,0.0,33.24,1818.75,1688.61,100.0,130.14,-48.910000000000004,66.42999999999999,0.0,-19.138920510304224,59.94,12.98,-6.33,0.0,0.0,-2.2401263423878706,-2.027700568540745,-31.323145925457982,-26.250675931775106,0.0,12,2012,,,0.0,,10.003159557661927,-63.32
2013-03-31,81.63,26.02,2.6,0.0,,30.62,30.62,75.0,0.0,0.0,159.89,0.0,32.7,1807.8,1613.75,100.0,194.05,-17.66,66.66,0.0,7.2125,38.65,8.32,2.6,0.0,0.0,5.76,6.2,53.64000000000001,59.28,0.0,3,2013,,,0.0,,10.007692307692308,26.02
2013-06-30,76.07,-8.52,-0.852,0.0,,-12.71,-12.71,65.0,0.0,0.0,230.68,0.0,32.2,1785.39,1607.14,100.0,178.24,27.509999999999998,43.290000000000006,0.0,-19.07130281690141,36.47,9.02,1.75,0.0,0.0,-1.90848,-1.830582857142857,-19.12374857142857,-20.72064,0.0,6,2013,,,0.0,,10.0,17.5
2013-09-30,82.49000000000001,-8.83,-0.8860553633217993,0.0,,-12.120000000000001,-12.120000000000001,75.0,0.0,0.0,221.74,0.0,31.74,1683.31,1516.5,100.0,166.81,4.98,-13.920000000000002,0.0,-21.16196772366931,44.96,9.09,0.87,0.0,0.0,-2.11838523644752,-1.3036216839677048,-21.183852364475204,-23.261499423298734,0.0,9,2013,,,0.0,,9.96551724137931,8.67
2013-12-31,85.26999999999998,-12.83,-1.2953365384615385,0.0,,1.4400000000000004,1.4400000000000004,68.0,0.0,0.0,282.08,0.0,31.2,1407.93,1254.4,100.0,153.53,37.54,22.799999999999997,0.0,-13.123616523772409,44.29,8.17,-0.42,0.0,0.0,-3.700961538461538,5.551442307692308,-33.432019230769235,-36.14605769230769,0.0,12,2013,,,0.0,,9.904761904761905,-4.16
2014-03-31,87.62,-3.79,-0.38,0.0,,-9.38,-9.38,44.0,0.0,0.0,250.11,0.0,33.96,1389.26,1238.57,100.0,150.69,55.87,-87.84,0.0,-28.9475,29.2,8.22,-0.38,0.0,0.0,-1.08,-2.36,-10.08,-8.8,0.0,3,2014,,,0.0,,9.973684210526315,-3.79
2014-06-30,84.00999999999999,-18.86,-1.8901633554083885,0.0,,-23.79,-23.79,42.0,0.0,0.0,129.6,0.0,33.47,1433.93,1299.61,100.0,134.32,14.850000000000001,-135.35999999999999,0.0,-5.554414103923648,31.27,9.68,-2.27,0.0,0.0,-5.262481236203091,-6.861209713024283,-56.15533774834437,-48.261615894039736,0.0,6,2014,,,0.0,,9.977973568281937,-22.65
2014-09-30,97.19999999999999,0.4599999999999973,0.04602073005858468,0.0,,-2.3999999999999986,-2.3999999999999986,52.0,0.0,0.0,148.8,0.0,32.74,1433.42,1295.84,100.0,137.58,-19.6,38.78999999999999,0.0,282.44010869565386,37.8,9.42,-2.22,0.0,0.0,0.1285263632266779,0.1890581342947262,1.3375033799008482,1.2089770166741705,0.0,9,2014,,,0.0,,9.995495495495495,-22.19
2014-12-31,107.49000000000001,-10.109999999999996,-1.0109999999999997,0.0,,-7.899999999999999,-7.899999999999999,37.0,0.0,0.0,42.14,0.0,32.07,1397.2,1271.04,100.0,126.16,29.28000000000001,-135.94000000000003,0.0,-9.153264094955494,29.33,10.07,-3.23,0.0,0.0,-2.892148606811145,-3.881238390092878,-32.05151702786377,-28.92148606811145,0.0,12,2014,,,0.0,,10.0,-32.3
2015-03-31,115.31,13.82,1.38,0.0,,11.07,11.07,35.0,0.0,0.0,33.36,0.0,33.38,1464.36,1324.38,100.0,139.98,24.14,-32.92,0.0,6.339999999999999,25.0,9.46,1.38,0.0,0.0,3.7599999999999993,3.12,39.48,38.04,0.0,3,2015,,,0.0,,10.01449275362319,13.82
2015-06-30,138.05,55.309999999999995,5.528599739621003,0.0,,61.13999999999999,61.13999999999999,44.0,0.0,0.0,39.14,0.0,34.03,1400.43,1205.14,100.0,195.28,27.299999999999997,-21.519999999999996,0.0,1.9904090580365215,22.53,6.17,6.91,0.0,0.0,15.809715029654276,16.32177057717344,113.29228988861564,134.25456386518155,0.0,6,2015,,,0.0,,10.004341534008683,69.13
2015-09-30,100.33999999999997,19.450000000000003,1.9454391510498987,0.0,,21.77000000000001,21.77000000000001,48.0,0.0,0.0,28.94,5.48,33.21,1246.53,1031.79,100.0,214.74,-47.05,36.839999999999996,0.0,6.1709974293059116,22.35,4.8,8.86,0.0,0.0,6.244727929555205,6.156897719575525,36.22996161661775,44.161029577782806,0.0,9,2015,,,0.0,,9.997742663656885,88.58
2015-12-31,79.80000000000001,-7.840000000000003,-0.7836115927669065,0.0,,-8.66000000000001,-8.66000000000001,60.0,0.0,0.0,36.48,17.68,32.67,1167.41,960.22,100.0,207.19,-44.89,52.43,0.0,-19.129406887755092,28.96,4.63,8.07,0.0,0.0,-2.6877780530096618,-2.582908100074314,-15.136229873668572,-18.814446371067632,0.0,12,2015,,,0.0,,10.004956629491945,80.74
2016-03-31,61.28,2.34,0.23,0.0,,-0.4,-0.4,68.75,0.0,0.0,26.75,4.52,32.41,1043.97,834.44,100.0,209.53,-9.35,-0.38,0.0,74.7275,32.81,3.98,0.23,0.0,0.0,0.8800000000000001,-0.11999999999999998,4.48,5.36,0.0,3,2016,,,0.0,,10.17391304347826,2.34
2016-06-30,56.269999999999996,-0.7399999999999998,-0.07399999999999998,0.0,,-3.19,-3.19,55.25,0.0,0.0,171.77,14.47,31.95,1039.98,831.19,100.0,208.79,145.12,-0.09999999999999998,0.0,-186.65405405405411,26.46,3.98,0.16,0.0,0.0,-0.27749999999999986,0.5364999999999998,-1.4244999999999997,-1.4614999999999996,0.0,6,2016,,,0.0,,10.0,1.6
2016-09-30,73.33999999999999,-8.35,-0.8411851851851853,0.0,,-10.31,-10.31,55.25,0.0,0.0,43.41,10.06,31.56,1035.71,835.26,100.0,200.44,-128.18,-0.17000000000000004,0.0,-16.420284431137727,27.56,4.17,-0.68,0.0,0.0,-3.216296296296296,-6.03674074074074,-16.67525925925926,-16.08148148148148,0.0,9,2016,,,0.0,,9.926470588235293,-6.75
2016-12-31,72.22000000000003,14.2,1.4295302013422817,0.0,,21.83,21.83,40.0,0.0,0.0,48.14,7.08,31.15,992.03,776.83,100.0,215.2,4.859999999999999,-0.14,0.0,6.994867957746479,18.59,3.61,0.75,0.0,0.0,5.718120805369127,5.5656375838926175,26.37959731543624,26.913288590604022,0.0,12,2016,,,0.0,,9.933333333333334,7.45
2017-03-31,79.12,2.89,0.29,0.0,,4.02,4.02,36.25,0.0,0.0,93.03,15.93,30.72,967.33,749.24,100.0,218.09,45.01,-0.11,0.0,31.25,16.62,3.44,0.29,0.0,0.0,1.2,1.6,5.32,5.4,0.0,3,2017,,,0.0,,9.965517241379311,2.89
2017-06-30,92.32,-7.35,-0.741591928251121,0.0,,-9.94,-9.94,55.0,0.0,0.0,90.2,14.73,30.24,1010.54,799.8,100.0,210.75,-2.769999999999996,-0.06999999999999999,0.0,-18.540857142857142,26.1,3.8,-0.45,0.0,0.0,-2.900448430493274,-3.8233183856502237,-13.974887892376682,-14.040807174887892,0.0,6,2017,,,0.0,,9.911111111111111,-4.46
2017-09-30,110.69,-4.010000000000001,-0.4024203069657616,0.0,,-6.42,-6.42,55.0,0.0,0.0,83.28,22.13,29.63,1066.89,860.15,100.0,206.74,-7.670000000000002,0.76,0.0,-34.170430174563585,26.6,4.16,-0.85,0.0,0.0,-1.4960566706021252,-2.215678866587958,-7.764344746162928,-7.87796930342385,0.0,9,2017,,,0.0,,9.964705882352941,-8.47
