,revenue,net_profit,eps,dps,gross_profit,ebit,ebitda,close_price,allowance_doubtful_accounts,expense,operating_profit,cash,account_receivable,inventory,current_asset,property_plant_equipment,total_asset,short_term_loan,account_payable,current_portion_long_term_debt,current_liability,non_current_liability,total_liability,paid_in_capital,total_equity,cash_flow_operation,cash_flow_investment,cash_flow_financing,depreciation,P/E,P/BV,D/E,EPS,DPS,DPR%,ROA%,ROAA%,ROE%,ROAE%,ROCE%,NPM%,NPMA%,TIE,CurrentRatio,QuickRatio,month,year,dividend,number_of_shares,return_old
2000-03-31,3503.22,-237.58,-0.95,0.0,319.22,86.45,378.52,2.75,0.0,3416.77,-62.86,1410.32,3644.32,0.0,9608.54,6947.11,26241.34,949.46,4006.58,3515.51,9506.2,10101.96,19608.16,2500.0,6587.84,292.35,-10.44,-982.12,292.07,-0.7225,1.04,2.98,-0.95,0.0,0.0,-3.64,0.0,-14.44,0.0,2.08,-7.11,-6.78,0.0,1.01,1.01,3,2000,0.0,250.08421052631581,-237.58
2000-06-30,3809.43,-152.77,-0.6105320865889586,0.0,300.85,20.129999999999995,297.6,1.88,0.0,3789.2999999999997,-42.57000000000001,1418.97,3405.31,593.95,9533.74,6673.27,25610.61,1051.47,4371.94,3186.26,10057.07,9555.03,19612.1,2500.0,5983.01,599.31,-103.37,-639.12,277.46999999999997,-0.7665444786280029,0.78,3.28,-1.56,0.0,0.0,-2.379509670808249,0.0,-10.206844114256437,0.0,1.08017215319585,-5.57,-5.34,0.0,0.95,0.89,6,2000,0.0,250.22435897435898,-390.35
2000-09-30,4042.7000000000007,-481.03,-1.9265931051894696,0.0,403.6099999999999,-168.29,77.33000000000004,1.5,0.0,4210.99,123.94000000000001,2130.79,3591.64,589.18,10269.96,6469.6,25748.64,1094.59,3726.2,3965.52,10948.86,9565.09,20513.95,2500.0,5234.69,696.8100000000001,-524.6199999999999,-84.20000000000005,245.62,-0.19473494376650105,0.72,3.92,-3.49,0.0,0.0,-7.46347816107783,0.0,-36.76535839702541,0.0,-0.9274144460510912,-8.02,-7.67,0.0,0.94,0.88,9,2000,0.0,249.67908309455586,-871.38
2000-12-31,3811.449999999999,-3095.4,-12.383847352260522,0.0,-380.9799999999999,-2781.73,-2437.51,1.08,0.0,6593.180000000002,-896.09,2650.65,3264.95,570.87,9621.73,6305.4,23115.73,1126.7,4078.74,4510.66,11874.78,9110.65,20985.44,2500.0,2130.29,1108.59,-679.57,-24.819999999999936,344.22000000000014,-0.0224263907734057,1.26,9.85,-15.87,0.0,0.0,-53.5618955424803,0.0,-581.2214783779287,0.0,-78.96946137673378,-26.99,-26.15,0.0,0.81,0.76,12,2000,0.0,249.95463137996222,-3966.78
2001-03-31,3632.36,-337.53,-1.35,0.0,286.1,-22.41,215.95,1.03,0.0,3654.77,36.3,3016.8,2996.97,603.75,10671.99,6041.25,23574.57,1211.54,4141.56,5102.93,13406.43,8416.11,21822.54,2500.0,1740.21,363.38,-12.6,-109.46,238.36,-0.18999999999999997,1.47,12.54,-1.35,0.0,0.0,-5.72,-0.36,-77.6,-32.44,-0.88,-9.18,-9.29,0.0,0.8,0.75,3,2001,0.0,250.02222222222218,-337.53
2001-06-30,4549.02,-2342.95,-9.37012176923536,0.0,-163.01000000000002,-2059.63,-1788.97,1.13,0.0,6608.65,-2115.19,4023.27,2795.96,618.98,11143.45,6133.82,21526.09,1422.73,3972.11,5693.26,14499.21,7753.82,22253.03,2500.0,-728.3,19.139999999999986,870.49,131.98,270.65999999999997,-0.02860154932883758,-3.86,-30.55,-10.72,0.0,0.0,-43.52911045782844,-30.872453441174713,1286.818401928013,-356.69396376768333,-103.5957865755387,-38.55,-32.76,0.0,0.77,0.73,6,2001,0.0,250.04477611940297,-2680.48
2001-09-30,5663.669999999999,315.90999999999985,1.263869794508092,0.0,742.7199999999999,779.04,1060.4499999999998,0.83,0.0,4884.629999999999,383.7299999999998,4335.98,2675.23,0.0,11152.41,6042.08,21045.95,1553.6,3898.64,6542.48,14966.62,6990.18,21956.8,2500.0,-931.39,184.93000000000006,-57.19999999999993,99.77000000000001,281.40999999999997,0.16841133550694828,-2.23,-23.57,-9.46,0.0,0.0,6.006721560368267,2.9766404885454847,-135.67495282440353,58.73120102175022,11.452316996324907,-19.36,-17.08,0.0,0.75,0.75,9,2001,0.0,249.95454545454544,-2364.57
2001-12-31,5791.43,-163.41999999999962,-0.6535532972836112,0.0,646.54,173.8699999999999,488.19000000000005,1.73,0.0,5617.560000000001,536.5400000000002,3341.47,3139.06,653.51,11708.97,6788.0,22426.5,1046.56,4645.41,6313.09,15070.28,8156.57,23226.85,2500.0,-855.92,1590.7899999999997,-2286.81,857.21,314.32000000000005,-0.657444468241343,-5.05,-27.14,-10.11,0.0,0.0,-2.9141624769085253,-1.282541782206414,76.37070874489201,-102.58782795817999,-3.9691565235621886,-14.09,-12.87,0.0,0.78,0.73,12,2001,0.0,250.0484668644906,-2527.99
2002-03-31,5521.74,251.28,1.01,0.0,617.11,587.0,795.92,1.97,0.0,4934.74,377.66,4726.73,3599.89,712.25,14134.45,7402.27,25506.83,1528.11,4717.07,6725.22,16398.58,9452.78,25851.36,2500.0,-401.28,1315.5,-960.32,656.56,208.92,0.4875,-12.27,-64.42,1.01,0.0,0.0,3.96,9.56,-250.48,150.12,25.76,4.73,4.55,0.0,0.86,0.82,3,2002,0.0,248.79207920792078,251.28
2002-06-30,5666.59,5820.1,22.028912372475453,0.0,658.08,164.0,454.22000000000014,3.05,0.0,5502.59,458.69,3801.07,3640.66,667.75,13781.88,8232.67,23379.22,1696.34,4687.49,1224.64,9053.45,5114.45,14167.9,3738.68,9148.05,-913.22,-881.7799999999999,1084.68,290.22,0.03390317176680813,1.25,1.55,22.98,0.0,0.0,99.58065349228677,12.807061327078852,254.49241325695314,553.0043067638659,20.092515375417122,56.24,54.27,0.0,1.52,1.45,6,2002,0.0,264.20278503046126,6071.38
2002-09-30,4662.1,-4.550000000000182,-0.015112093135954635,0.0,305.0999999999999,17.940000000000055,360.75,2.63,0.0,4644.16,40.41999999999996,2899.09,3949.85,907.34,13549.24,8574.95,23523.13,1253.5,4914.39,2549.22,10332.96,4032.71,14365.66,3738.68,9105.56,41.700000000000045,-797.1600000000003,-211.72000000000003,342.81000000000006,-43.33449999999827,1.08,1.58,20.15,0.0,0.0,-0.07736791701762184,-0.010349721353656277,-0.1998846184910486,-0.44530801093818484,-0.017489529128062637,39.1,38.28,0.0,1.31,1.22,9,2002,0.0,301.0833746898263,6066.83
2002-12-31,5571.23,269.5100000000002,0.844300258508856,0.0,592.3400000000001,477.05999999999995,828.7699999999998,2.27,0.0,5094.17,441.1200000000001,3323.33,3986.43,0.0,14139.4,8446.94,24131.4,1133.27,5343.32,1153.02,8877.84,5832.4,14710.23,3738.68,9364.83,-1035.06,-267.5499999999997,1053.6,351.71000000000004,0.6465413157211229,0.91,1.57,19.85,0.0,0.0,4.467773257116889,0.9102279865032502,11.511406648001852,25.338365239239078,1.390011710230197,30.12,29.58,0.0,1.59,1.59,12,2002,0.0,319.2110831234257,6336.34
2003-03-31,4375.56,130.13,0.35,0.0,291.66,203.13,520.79,1.72,24.32,4172.43,98.34,2566.91,4582.9,1010.93,14926.33,8226.75,25130.26,1696.07,5290.86,457.93,11953.82,3608.0,15561.81,3738.68,9511.69,57.42,-77.58,-196.2,317.66,1.2275,0.68,1.64,0.35,0.0,0.0,2.08,3.2,5.48,11.44,6.16,3.06,2.97,0.0,1.25,1.16,3,2003,0.0,371.8,130.13
2003-06-30,5384.429999999999,303.58,0.8119545318300245,0.0,569.49,462.66999999999996,752.01,3.35,25.46,4921.76,374.72,2590.96,3263.95,1086.62,13736.83,8083.46,23888.88,1002.46,4298.73,367.43,7891.47,6028.42,13919.89,3738.68,9881.95,622.49,-102.76,-617.1300000000001,289.34,1.0322006555109033,1.27,1.41,1.16,0.0,0.0,5.095714648036706,7.895557861243687,12.291311705978648,12.767285052223835,11.647347766941044,4.55,4.44,0.0,1.74,1.6,6,2003,0.0,373.8879310344828,433.71
2003-09-30,4245.0,134.62000000000006,0.36004152517023574,0.0,369.82000000000005,287.4200000000001,733.26,6.8,0.0,3957.58,149.10999999999996,2046.52,3408.39,1258.92,12984.85,8529.34,23958.48,760.61,3571.19,652.01,8022.55,5522.84,13545.39,3738.68,10323.52,103.55000000000007,-854.3000000000001,336.32000000000005,445.8399999999999,4.717789147229236,2.46,1.31,1.52,0.0,0.0,2.2455221438248913,3.808860345221967,5.220602114968417,5.5427445322259965,5.665916632942131,4.18,4.06,0.0,1.62,1.46,9,2003,0.0,373.9013157894737,568.33
2003-12-31,4337.750000000002,352.28999999999996,0.9413584323608002,0.0,664.0899999999999,511.72,419.19000000000005,13.8,20.06,3826.040000000001,487.16999999999996,1971.2,3578.0,1347.31,14367.96,8726.92,25350.38,860.8,4468.82,1337.55,9765.7,5077.65,14843.36,3738.68,10416.34,-411.41,-266.81999999999994,593.5799999999999,-92.52999999999997,3.6650757898322412,4.95,1.43,2.46,0.0,0.0,5.5563107471052104,9.061531576546239,13.531070800112966,14.250482935413089,14.388242706002476,5.14,5.02,0.0,1.47,1.33,12,2003,0.0,374.2357723577236,920.62
2004-03-31,5059.61,278.35,0.07,0.5,303.21,381.7,605.34,9.75,0.0,4677.91,165.83,1705.53,3779.34,1655.6,15211.35,8692.95,26434.2,819.88,4809.36,1392.0,10359.59,5063.94,15423.53,3738.68,10905.16,-490.37,-113.45,338.16,223.64,34.8225,3.34,1.41,0.07,0.5,7.14,4.2,5.92,10.2,10.92,9.48,5.93,5.5,0.0,1.47,1.31,3,2004,1988.2142857142858,3976.4285714285716,278.35
2004-06-30,6100.88,340.52,0.09353886922940198,-0.046150934075700256,590.4200000000001,501.83,712.0400000000001,10.1,0.0,5599.049999999999,408.5999999999999,1769.97,3753.67,2083.15,17708.69,9896.89,30407.83,1952.75,5590.8,1751.94,13384.43,6004.22,19388.65,3738.68,10913.11,-885.7399999999999,-1707.06,2657.2400000000002,210.21000000000004,26.993323960413484,3.46,1.78,0.17,0.5,2.94,4.489865723011294,7.152972352836621,12.479185612487273,13.095441692116276,11.422746618837559,5.78,5.55,0.0,1.32,1.17,6,2004,-168.0084033613448,3640.411764705882,618.87
2004-09-30,5292.5700000000015,404.15,0.10666507008660632,0.01960314731354801,562.41,564.1200000000001,784.3800000000001,9.2,0.0,4728.450000000001,401.37,3732.1,7087.08,2089.72,21549.22,10453.75,35312.76,1876.28,6465.2,872.79,17605.73,6332.15,23937.88,3738.68,11241.07,2373.2599999999998,-954.5200000000002,543.3499999999999,220.26,21.56024458740567,3.06,2.13,0.27,0.5,1.85,4.582647455572715,7.7114895114465005,14.380031670935074,14.996318742546578,12.926226271236143,6.44,6.22,0.0,1.22,1.11,9,2004,74.2755991285403,3788.9629629629626,1023.02
2004-12-31,14813.329999999998,194.5,0.05271781983047507,-0.013485518832453592,695.1399999999999,387.6999999999998,912.1599999999999,9.6,89.72,14425.630000000001,359.96000000000004,4251.39,4435.74,2019.11,21700.45,11390.92,36078.95,2987.86,8412.07,745.61,18706.45,5722.46,24428.91,3738.68,11506.16,1342.19,-1447.1199999999994,624.0900000000001,524.4599999999999,45.52398046272493,3.12,2.12,0.33,0.5,1.52,2.153443064590315,3.821243182863526,6.760661015835469,7.099333070503975,6.747880938300809,4.0,3.89,0.0,1.16,1.05,12,2004,-49.754208754208776,3689.454545454545,1217.52
2005-03-31,7734.4,274.97,0.07,0.0,504.14,426.11,676.25,10.3,15.47,7308.29,284.57,4838.56,5454.25,2091.31,23141.66,12316.5,38772.22,2953.72,8336.34,636.49,18562.61,3813.46,22376.07,4193.68,16242.08,-673.43,-1190.31,2450.89,250.14,36.785,2.66,1.38,0.07,0.0,0.0,2.84,5.24,6.76,8.12,8.44,3.63,3.56,0.0,1.25,1.13,3,2005,0.0,3928.1428571428573,274.97
2005-06-30,9205.56,252.05999999999995,0.06217444927233743,0.07,460.13,383.28999999999996,653.8299999999999,9.55,51.08,8822.27,188.15000000000003,3926.17,7573.8,2068.23,25745.14,13467.15,42539.77,4379.33,8908.23,1536.44,22710.17,3370.98,26081.15,4193.68,16223.18,-617.2500000000001,-1972.2800000000002,1677.1300000000006,270.53999999999996,38.39921427437912,2.47,1.61,0.13,0.07,0.54,2.372194372236874,4.24699315029505,6.217444927233743,7.422672713128284,7.805284708650361,3.18,3.11,0.0,1.13,1.04,6,2005,283.7853846153846,4054.076923076923,527.03
2005-09-30,10306.41,262.95000000000005,0.06324274032253982,0.0017460909429060695,402.3399999999999,453.80000000000007,747.5,9.8,38.14,9852.6,172.45999999999992,3552.63,6103.2,2001.35,24857.13,13787.43,41792.47,4567.84,8015.97,1231.41,20893.8,4221.46,25115.26,4193.68,16440.68,-348.31999999999994,-795.8899999999999,745.5499999999993,293.70000000000005,38.74041490777714,2.5,1.53,0.19,0.07,0.37,2.5163953517810578,4.367077647535381,6.40415959897719,7.602443099825313,8.041813716802958,2.97,2.9,0.0,1.19,1.09,9,2005,7.259878542510194,4157.789473684211,789.98
2005-12-31,11870.250000000004,472.01,0.11220611890743984,0.0008127806501094023,1060.09,742.72,1224.0,8.25,0.0,11127.539999999997,663.5000000000001,2177.2,8045.22,1824.38,24553.31,14271.17,42411.58,4816.74,8098.24,1120.0,20697.23,4543.17,25240.4,4193.68,16890.54,-158.77999999999997,-830.2900000000004,-403.6300000000001,481.2800000000001,18.381350501048708,2.05,1.49,0.3,0.07,0.23,4.458323124588943,7.644976901560233,11.175729443181007,13.300165294495203,13.823793849396587,3.32,3.23,0.0,1.19,1.1,12,2005,3.4190701754385486,4206.633333333333,1261.99
2006-03-31,9037.62,197.08,0.05,0.06,569.49,379.43,726.01,6.95,7.42,8658.2,298.43,2978.47,7242.83,1808.95,25050.02,14447.73,42852.69,5154.24,7752.37,1192.03,20650.35,5124.67,25775.02,4193.68,16793.85,1390.03,-468.18,-118.28,346.58,34.75,1.74,1.53,0.05,0.06,1.2,1.84,3.7200000000000006,4.68,4.76,6.84,2.21,2.18,0.0,1.21,1.13,3,2006,236.49599999999998,3941.6,197.08
2006-06-30,9353.159999999998,178.31999999999996,0.04275119872136387,0.003301438465636662,596.44,420.22999999999996,815.1600000000001,5.05,16.52,8932.919999999998,257.09999999999997,3047.49,6990.09,2152.37,27884.34,14579.16,48662.52,7707.57,7197.45,1361.92,24917.37,6619.0,31536.36,4193.68,16849.31,1888.3700000000001,-4525.679999999999,2682.94,394.93,29.530750897263353,1.26,1.87,0.09,0.06,0.67,1.4630410229088973,3.3250932338838566,4.237118806606286,4.313120937666489,6.403179541822055,2.08,2.04,0.0,1.12,1.03,6,2006,13.770666666666699,4171.111111111111,375.4
2006-09-30,9863.07,-1795.63,-0.42986995064179756,8.669957213501897e-05,40.5,-1502.23,-1053.5900000000001,5.65,27.04,11365.310000000001,-265.09,3397.15,8178.73,2527.47,27565.44,14667.13,49157.08,7254.79,7977.93,1140.65,24138.5,9569.67,33708.17,4193.68,15167.84,118.30999999999995,-364.5,623.7000000000003,448.6400000000001,-3.286342759922701,1.56,2.22,-0.34,0.06,-0.18,-14.615578321821117,-7.788232046921977,-47.33626750596734,-45.46506889729128,-14.210994838864128,-5.12,-5.03,0.0,1.14,1.04,9,2006,0.3621568627450529,4177.147058823529,-1420.23
2006-12-31,12276.130000000005,-725.31,-0.1724079252775525,0.00042492799015632967,840.28,-370.52999999999986,112.93,5.4,229.46,12646.650000000001,315.15000000000003,3312.27,8160.66,2759.74,28403.92,15240.16,50653.28,8713.4,8484.4,1272.54,25485.62,10185.6,35671.22,4193.68,14601.87,-236.67999999999984,-885.3600000000006,1022.69,483.4599999999998,-7.831571534929893,1.55,2.44,-0.51,0.06,-0.12,-5.7334086523672365,-3.123625940322716,-19.864097430017615,-18.43074526692581,-5.76045303280293,-5.39,-5.29,0.0,1.11,1.01,12,2006,1.787647058823552,4206.941176470588,-2145.54
2007-03-31,10699.05,238.31,0.06,0.0,776.01,579.35,1142.07,4.9,39.11,10119.7,475.49,1969.82,8303.72,3100.16,28096.49,15199.36,50210.54,8727.47,8244.06,1567.24,26437.0,8583.67,35020.67,4193.68,14806.57,-1138.01,-468.97,223.77,562.72,20.417500000000004,1.39,2.37,0.06,0.0,0.0,1.8800000000000001,5.0,6.44,6.04,9.76,2.27,2.23,0.0,1.06,0.95,3,2007,0.0,3971.8333333333335,238.31
2007-06-30,12162.32,522.95,0.12365157764758426,0.0,858.3700000000001,910.61,1268.0200000000002,6.05,0.0,11251.719999999998,478.02,1988.11,7992.82,3141.65,28385.8,15203.75,50921.51,5972.56,8191.46,1811.36,24074.3,10934.01,35008.31,4193.68,15525.39,-96.65000000000009,-438.4,512.21,357.40999999999997,12.231546323740318,1.63,2.25,0.18,0.0,0.0,4.094241126553346,8.215960381472822,13.464282899403623,12.914720332081025,15.250361243202061,3.42,3.33,0.0,1.18,1.05,6,2007,0.0,4229.222222222223,761.26
2007-09-30,11237.41,132.09000000000003,0.03105042816365367,0.0,738.8299999999999,519.23,994.73,7.6,0.0,10718.160000000003,479.1300000000001,2666.27,7798.78,3330.21,29770.31,15250.22,52179.64,6144.63,8049.39,2958.01,26201.68,9981.28,36182.95,4193.68,15575.43,981.47,-489.4799999999999,228.27999999999997,475.5000000000001,61.189977477477456,2.05,2.32,0.21,0.0,0.0,1.0113568030447195,2.348003805899144,3.394846812559468,3.436247383444339,4.571805899143674,2.67,2.62,0.0,1.14,1.01,9,2007,0.0,4254.047619047619,893.35
2007-12-31,12454.720000000001,117.38,0.027872132023389035,0.0,810.0900000000001,527.0499999999997,1134.9699999999998,8.25,0.0,11927.689999999995,411.65999999999985,2969.51,7172.47,3218.24,30349.93,15006.53,52984.63,5317.93,8181.77,3130.69,25496.83,10670.47,36167.3,4193.68,15767.19,-211.33999999999997,-750.0799999999999,899.0899999999999,607.9199999999998,74.00940833191345,2.19,2.29,0.24,0.0,0.0,0.8872628694112176,2.2715787599062063,2.977672771165395,3.093806654596183,4.28766297626468,2.22,2.17,0.0,1.19,1.06,12,2007,0.0,4211.375,1010.73
2008-03-31,11563.48,66.81,0.02,0.0,782.72,373.13,880.83,7.9,0.0,11190.35,302.03,2280.83,7763.52,3153.78,31125.47,14616.79,53611.42,7108.84,8324.38,3118.68,26513.4,10655.79,37169.19,4193.68,15502.31,-1386.38,101.65,1141.91,507.7,98.75,2.14,2.4,0.02,0.0,0.0,0.48,2.88,1.72,1.76,5.52,0.58,0.58,0.0,1.17,1.06,3,2008,0.0,3340.5,66.81
2008-06-30,10695.55,-468.27,-0.11664175758481543,0.07,232.07999999999993,-56.30000000000001,472.4599999999999,6.0,6.29,10751.85,-265.53,2337.03,8078.44,4331.39,33488.69,14934.01,56212.31,6836.42,8946.87,3522.35,26200.45,14605.31,40805.76,4193.68,14502.43,-1092.06,-2682.32,4192.99,528.76,-12.85988852585047,1.74,2.81,-0.1,0.07,-0.7,-3.312625915408758,2.752745479001644,-12.92390674039755,-12.457339710058287,4.9456105215961745,-1.83,-1.8,0.0,1.28,1.11,6,2008,281.022,4014.5999999999995,-401.46
2008-09-30,10106.870000000003,-1997.44,-0.4746095293676268,0.003226670557338795,-1290.36,-1471.6799999999998,-926.41,3.78,47.32,11578.560000000001,-1654.56,2022.92,7859.01,4583.49,33350.09,15462.3,56423.32,6830.62,9163.06,3308.53,26733.44,16542.12,43275.56,4193.68,12267.75,729.5,-1249.56,432.6800000000003,545.27,-1.9906363895786607,1.29,3.53,-0.57,0.07,-0.12,-14.155021051315185,-7.094163491600316,-65.11309683604986,-57.38612063862604,-12.956007503439077,-7.55,-7.41,0.0,1.25,1.08,9,2008,13.579754385964975,4208.596491228071,-2398.9
2008-12-31,11332.939999999995,-257.02999999999975,-0.06096881318408236,0.00011897705769432314,1238.52,325.9799999999999,911.09,2.24,231.74,11006.96,807.89,4047.22,9913.72,4254.8,33598.11,15513.51,57229.96,7353.3,9549.18,3710.05,29904.08,14631.19,44535.27,4193.68,11827.07,1360.94,632.9499999999998,66.17000000000007,585.1100000000001,-9.196505077228348,0.79,3.77,-0.63,0.07,-0.11,-1.7961605915818546,-0.5806553636579271,-8.69434631183803,-7.451743833610066,-1.1729238345890127,-6.2,-6.08,0.0,1.12,0.98,12,2008,0.5015789473683867,4215.761904761905,-2655.93
2009-03-31,11203.94,8.64,0.0,,543.03,594.03,1193.56,2.0,0.0,10609.92,240.96,3485.35,10552.69,3551.44,32826.23,15234.17,56005.67,8009.67,9385.78,3881.74,29611.2,13906.67,43517.87,4193.68,11806.8,360.53,-490.49,-272.38,599.53,0.0,0.71,3.69,0.0,0.0,0.0,0.08,4.32,0.28,0.24,9.0,0.08,0.08,0.0,1.11,0.99,3,2009,,inf,8.64
2009-06-30,11270.460000000001,47.5,0.008460990381189882,,445.57000000000005,603.45,1237.54,2.8,0.0,10666.999999999998,-224.17000000000002,3804.81,10154.27,3546.44,32581.22,15435.76,56190.47,7525.2,9246.05,2814.11,27963.03,15304.27,43267.3,4193.68,12228.61,1189.29,24.180000000000007,-1029.5500000000002,634.0899999999999,82.73263157894738,0.96,3.54,0.01,0.0,0.0,0.3384396152475953,7.2087638047737785,1.5568222301389385,1.4214463840399003,14.349839686498042,0.27,0.25,1.32,1.17,1.04,6,2009,,5614.0,56.14
2009-09-30,9452.5,-1.8800000000000026,-0.0003464799115370443,0.0,724.14,522.3,1138.37,3.7,0.0,8930.210000000003,332.83,2242.45,9330.13,3363.66,30591.84,15461.23,54765.56,7937.67,8261.26,4145.89,28229.64,13190.33,41419.98,4193.68,12522.92,181.24,-750.28,-1088.7699999999998,616.0700000000002,-2669.707446808507,1.24,3.31,0.01,0.0,0.0,-0.013859196461481774,-0.4282491706597868,-0.05959454478437163,-0.060980464430519805,-0.898075930704019,0.18,0.17,1.3,1.08,0.96,9,2009,0.0,5426.0,54.26
2009-12-31,9528.580000000002,-1828.37,-0.43284542672100373,0.0,435.7900000000002,-1249.03,-632.52,2.94,194.28,10777.600000000002,-358.98,1043.88,4586.5,1095.85,17407.32,8323.79,37992.76,4527.01,5171.71,3495.47,16217.19,11095.55,27312.74,4193.68,10680.02,496.40999999999985,-1075.51,720.9699999999998,616.5099999999998,-1.6980657634942598,1.15,2.56,-0.42,0.0,0.0,-19.25131564559131,4.081114023369464,-68.47202416986545,-64.968037382124,8.90424877826065,-4.47,-4.28,0.25,1.07,1.01,12,2009,0.0,4224.071428571428,-1774.11
2010-03-31,9559.49,189.97,0.05,0.0,863.95,748.06,1282.39,2.52,4.45,8811.43,428.3,3310.31,8577.84,3214.45,30548.19,14801.7,53841.15,10437.77,7458.82,3280.77,28352.83,13822.59,42175.42,4193.68,10829.13,1343.96,-327.37,-78.09,534.33,12.6,0.98,3.89,0.05,0.0,0.0,1.4,5.44,6.999999999999999,6.719999999999999,11.72,2.07,1.99,1.72,1.08,0.96,3,2010,0.0,3799.3999999999996,189.97
2010-06-30,9380.960000000001,-256.24,-0.07733212615059606,0.0,912.73,352.44000000000005,941.6299999999999,2.9,80.56,9028.52,186.96999999999997,2635.12,8967.58,3349.24,30024.79,14263.66,53238.22,11055.02,7716.75,2956.05,28175.34,13632.48,41807.82,4193.68,10613.84,-259.05999999999995,28.470000000000027,-329.70000000000005,589.1899999999999,-9.375146347174523,1.15,3.94,-0.02,0.0,0.0,-1.855971027614305,31.087514712539612,-9.589183642673909,-8.970526633469142,67.89760676022333,-0.36,-0.35,1.17,1.07,0.95,6,2010,0.0,3313.4999999999995,-66.27
2010-09-30,9659.399999999998,374.64,0.08504329214904174,0.0,-73.22000000000003,930.4000000000001,1439.73,5.05,208.8,8729.0,-626.39,3103.84,8428.07,3440.09,31173.94,13564.2,52363.65,9934.08,7263.36,693.58,24758.39,15688.97,40447.36,4193.68,11119.7,-134.07000000000005,2677.84,-1949.3600000000001,509.3299999999999,14.844792200512492,1.9,3.64,0.07,0.0,0.0,2.867173849596264,18.417947271135326,13.461138243019747,12.683599571942795,35.76677886953984,1.17,1.08,1.41,1.26,1.12,9,2010,0.0,4405.285714285714,308.37
2010-12-31,10547.54,-10.449999999999989,-0.00245535714285714,0.0,694.9899999999998,563.3399999999997,1126.0699999999997,4.64,293.69,9984.2,-69.86,2045.49,9412.5,3368.4,29843.68,13726.93,50825.85,8394.92,7150.81,883.61,23257.73,15916.7,39174.43,4193.68,10866.2,-202.14,1098.0900000000001,-1916.5799999999995,562.73,-472.46690909090967,1.79,3.61,0.07,0.0,0.0,-0.08278061224489786,-0.8193877551020398,-0.38443877551020367,-0.388647959183673,-1.3202806122448967,0.83,0.76,1.31,1.28,1.14,12,2010,0.0,4256.0,297.92
2011-03-31,11453.02,-207.45,-0.05000000000000001,0.0,1068.43,361.36,833.17,4.2,21.84,11091.66,409.85,1707.34,10675.12,3475.2,31138.32,12401.85,51826.38,9058.26,8163.02,1019.91,24897.6,15975.8,40873.4,4193.68,10082.02,-202.78,-406.83,269.56,471.81,-21.0,1.75,4.05,-0.05,0.0,0.0,-1.6,2.72,-8.24,-7.92,5.36,-1.84,-1.81,0.69,1.25,1.11,3,2011,0.0,4148.999999999999,-207.45
2011-06-30,11576.43,-389.65000000000003,-0.09135990621336461,0.05,837.02,265.0,773.59,3.54,43.42,11311.43,166.5,2016.96,9800.18,3556.26,31304.51,12122.42,51818.91,8170.28,7215.73,1314.27,24110.94,17461.21,41572.14,4193.68,9406.91,1586.03,-64.23000000000002,-937.3,508.59,-9.688604516874117,1.58,4.42,-0.14,0.05,-0.36,-3.0018254898676937,3.1062368112543965,-16.575297270139004,-15.557286886618657,5.899239658348685,-2.63,-2.59,0.47,1.3,1.15,6,2011,213.25,4265.0,-597.1
2011-09-30,10846.469999999998,-795.2699999999999,-0.1884837363631793,-0.0005415227274359538,320.33000000000015,-141.64,312.04999999999995,3.32,54.01,10988.109999999997,-272.69,2149.68,10026.21,4016.35,32201.42,11977.84,52476.5,8963.68,6611.91,1438.58,24910.84,18109.29,43020.13,4193.68,8564.62,-627.09,-37.879999999999995,748.54,453.68999999999994,-4.403297685062935,1.63,5.02,-0.33,0.05,-0.15,-6.0543260771203045,2.1018792418681813,-37.14843094867025,-32.32781660047257,4.0209863757478255,-4.18,-4.11,0.26,1.29,1.13,9,2011,-2.2848484848484816,4219.30303030303,-1392.37
2011-12-31,11069.419999999998,-306.09000000000015,-0.07388864029768145,-0.0009259635912603843,931.98,265.53999999999996,656.04,3.62,73.0,10803.89,228.32,2067.38,10646.65,4435.08,31224.82,11908.37,52404.1,7052.5,8712.34,1590.78,25426.66,18095.01,43521.67,4193.68,8055.47,3284.05,-1167.94,-1901.58,390.5,-12.249176549380895,1.88,5.4,-0.41,0.05,-0.12,-2.3356018981901263,1.0452539359184205,-15.195829633903658,-12.939522861886655,2.0040040978297995,-3.84,-3.78,0.32,1.23,1.05,12,2011,-3.835883222468567,4142.585365853659,-1698.46
2012-03-31,11465.54,-171.09,-0.04,0.0,959.98,489.84,909.68,3.54,20.63,10975.7,417.72,1711.26,13063.76,4316.78,33828.52,11949.78,55437.93,9800.41,7947.45,1598.68,28268.95,18224.58,46493.53,4193.68,8051.97,-2590.09,-835.98,2921.22,419.84,-22.125,1.84,5.77,-0.04,0.0,0.0,-1.24,3.64,-8.48,-7.56,7.2,-1.52,-1.49,0.87,1.2,1.04,3,2012,0.0,4277.25,-171.09
2012-06-30,11215.649999999998,-87.68999999999997,-0.020331555761650816,0.0,1249.1,429.42,857.87,3.1,468.0,10786.219999999998,712.6700000000001,1743.54,9304.31,4460.45,34387.96,12230.53,56919.54,10118.06,9535.03,2118.94,30230.5,18118.23,48348.73,4193.68,7841.03,931.4900000000002,-1107.0,409.82000000000016,428.45,-38.12054567225454,1.66,6.17,-0.06,0.0,0.0,-0.6099466728495245,2.2906886158126585,-4.472942267563179,-4.066311152330163,4.662703454671921,-1.16,-1.14,0.85,1.14,0.99,6,2012,0.0,4313.0,-258.78
2012-09-30,11241.250000000004,-13.740000000000009,-0.003025099075297228,0.0,1258.17,639.9000000000001,1136.7,3.6,492.76,10601.36,558.6299999999999,2370.15,9437.42,4681.6,34797.9,12777.01,58628.25,10415.94,10439.79,5251.43,34461.15,15283.12,49744.27,4193.68,8125.68,2380.04,-1548.9499999999998,-330.8899999999999,496.79999999999995,-297.51091703056744,1.86,6.12,-0.06,0.0,0.0,-0.09276970497578167,0.566701893439014,-0.6756054601497143,-0.6594715984147957,1.3007926023778082,-0.82,-0.8,0.94,1.01,0.87,9,2012,0.0,4542.0,-272.52
2012-12-31,13054.939999999995,398.67999999999995,0.09480342422320862,0.0,1658.8100000000004,1046.9999999999998,1487.7299999999996,4.2,510.38,12007.93,952.29,2203.88,9188.45,4419.89,33603.67,12562.32,58513.27,9756.27,9738.44,4609.37,31580.81,17416.94,48997.75,4193.68,8736.97,1378.8200000000002,-663.6500000000001,-777.9100000000003,440.73,11.075549312732015,2.02,5.61,0.03,0.0,0.0,2.7809004438807863,59.41014584654406,18.202257450856052,18.960684844641722,122.35961953075459,0.27,0.27,1.13,1.06,0.92,12,2012,0.0,4205.333333333333,126.16
2013-03-31,11169.02,341.98,0.08,0.0,1064.06,985.82,1427.48,7.65,3.84,10183.2,492.98,2159.06,10241.98,4125.02,34262.56,12466.51,61354.27,7191.03,9726.19,4367.18,30732.5,20581.01,51313.51,4193.68,9221.77,4069.84,-1181.72,-2623.68,441.66,23.9075,3.48,5.56,0.08,0.0,0.0,2.24,6.759999999999999,14.84,15.840000000000002,12.88,3.21,3.06,1.93,1.11,0.98,3,2013,0.0,4274.75,341.98
2013-06-30,10402.59,89.68,0.02077561043413798,0.0,1117.13,753.2099999999999,1224.6599999999999,5.0,0.0,9649.380000000001,568.74,2210.25,9395.9,4234.9,33203.38,12576.17,60837.12,6573.17,9946.18,9421.16,35835.65,15285.81,51121.46,4193.68,8932.28,3210.8599999999997,-1320.26,-1820.7400000000002,471.45,60.16670383586084,2.35,5.72,0.1,0.0,0.0,0.5900273363295186,2.451522031228282,4.013847935875457,4.2797757494324244,5.783929944864014,2.07,2.0,1.68,0.93,0.81,6,2013,0.0,4316.6,431.66
2013-09-30,11369.099999999999,23.75,0.005736589007707341,0.0,1105.15,653.6899999999998,1138.6,4.7,0.0,10715.41,617.73,2387.34,8955.52,4143.28,33623.43,12528.25,61929.47,7339.4,8686.4,7422.88,32948.63,17157.73,50106.36,4860.47,11044.95,-1037.5,-725.2199999999998,1852.75,484.90999999999997,204.83862421052632,2.07,4.54,0.11,0.0,0.0,0.15436639511648842,0.8281548494762961,0.8594453349728817,0.9908653740585406,1.7230627346786411,1.42,1.38,1.54,1.02,0.89,9,2013,0.0,4140.090909090909,455.41
2013-12-31,12114.470000000001,451.96,0.09961978024400191,0.0,1368.5199999999995,1139.9,1719.5,3.88,0.0,10974.569999999996,928.6800000000001,1586.3,9402.84,4198.15,35413.83,13098.8,65150.76,8357.56,9693.48,7541.5,35440.76,17326.57,52767.33,4860.47,11554.13,-701.9799999999996,-1488.08,1178.24,579.5999999999999,9.737022081600141,1.63,4.57,0.2,0.0,0.0,2.769429890783252,11.376578903865015,15.640305498308294,17.81201670762754,23.68958374202365,2.07,2.01,1.7,1.0,0.88,12,2013,0.0,4536.849999999999,907.37
2014-03-31,11136.82,155.79,0.03,0.0,1103.24,750.17,1226.74,3.54,44.93,10386.65,540.16,1533.14,10398.38,3910.56,38067.06,13384.37,68499.52,9435.24,11212.94,8041.4,38526.2,17414.52,55940.72,4860.47,11720.21,-1343.19,-263.46,1574.25,476.57,29.499999999999996,1.47,4.77,0.03,0.0,0.0,0.9200000000000002,4.64,5.32,5.96,10.0,1.43,1.4,1.31,0.99,0.89,3,2014,0.0,5193.0,155.79
2014-06-30,11837.580000000002,50.24000000000001,0.009753919332136098,0.0,1076.6699999999998,861.43,1357.11,4.96,21.79,10976.15,498.88,2998.04,12095.49,5635.88,43235.19,14659.48,74611.17,11040.58,13849.95,3281.49,38717.22,23240.87,61958.09,4860.47,11833.57,202.28999999999996,-884.22,2082.63,495.68,127.12838375796177,2.04,5.24,0.04,0.0,0.0,0.27310974129981075,2.3214328010483913,1.6971819637916812,1.9312760277629473,4.379509780129108,0.92,0.9,1.33,1.12,0.97,6,2014,0.0,5150.75,206.03
2014-09-30,13296.510000000002,290.58000000000004,0.058512716215944116,0.0,988.52,880.3400000000001,1410.56,5.9,24.74,12416.170000000002,483.05999999999995,3002.12,11704.6,5061.49,42154.35,15527.94,74200.61,8883.36,14409.34,6880.43,39972.1,20605.66,60577.76,4860.47,12133.27,1922.3500000000001,-534.47,-1420.8000000000002,530.22,25.208195677610295,2.36,4.99,0.1,0.0,0.0,1.5681407945873023,8.566261654014218,9.572680372928456,10.04078210265601,17.038902962082926,1.41,1.37,1.37,1.05,0.93,9,2014,0.0,4966.099999999999,496.61
2014-12-31,12915.729999999996,25.539999999999964,0.005380446231925684,0.0,1186.48,720.69,1247.42,6.4,5.19,12195.029999999999,495.1100000000001,2292.11,10439.72,4462.54,40835.03,16841.46,73756.82,7669.68,13976.37,7807.49,38529.81,19801.84,58331.65,5279.84,14059.56,-314.51000000000005,-1086.1399999999999,746.5799999999999,526.73,297.3638116679722,2.4,4.15,0.11,0.0,0.0,0.13891333907880857,0.9058714928660335,0.7258711098343378,0.7982625682275197,1.7843516230968086,1.09,1.06,1.3,1.06,0.94,12,2014,0.0,4746.818181818182,522.15
2015-03-31,11875.87,-509.6,-0.1,0.0,912.76,-209.17,372.88,7.15,568.61,12085.04,352.56,1472.78,9781.92,4338.53,40177.01,17228.21,73738.56,8922.8,13104.24,7610.36,38818.22,20169.16,58987.38,5279.84,13605.03,-1163.1,-770.58,1347.68,582.05,-17.875,2.77,4.34,-0.1,0.0,0.0,-2.76,-1.16,-15.0,-16.08,-2.4,-4.34,-4.29,-0.34,1.04,0.92,3,2015,0.0,5096.0,-509.6
2015-06-30,12283.609999999999,-51.18999999999994,-0.01004101357014211,0.0,928.6300000000001,522.96,1085.62,8.0,621.08,11760.649999999998,366.65000000000003,1856.99,9940.2,4730.82,41079.57,17508.94,74859.27,8400.3,13897.22,11371.31,42474.61,17684.75,60159.37,5279.84,13554.27,1470.81,-164.81999999999994,-894.46,562.6600000000001,-199.1905484469625,3.12,4.44,-0.11,0.0,0.0,-0.2738458246402393,0.15335366179853405,-1.511628952014121,-1.6138647265464772,0.3541739332013762,-2.35,-2.32,0.25,0.97,0.86,6,2015,0.0,5098.090909090909,-560.79
2015-09-30,13636.000000000004,190.02999999999997,0.035877926421404686,0.0,1411.5199999999998,967.55,1522.23,8.1,635.58,12668.439999999999,869.54,2117.28,10259.56,3924.41,44637.51,17459.17,78049.06,8549.06,14176.22,7811.07,40007.6,23103.09,63110.69,5279.84,13756.41,1290.43,-276.48000000000013,-850.51,554.6800000000001,56.43929853181077,3.11,4.59,-0.07,0.0,0.0,0.9840802675585282,-3.444280936454849,5.535451505016722,5.863478260869564,-6.909063545150501,-0.99,-0.98,0.68,1.12,1.02,9,2015,0.0,5296.5714285714275,-370.76
2015-12-31,14249.479999999996,9.019999999999982,0.0017454525349698644,0.0,1155.9099999999999,810.4600000000003,1310.7400000000002,7.5,599.6,13439.04,367.46000000000004,2501.74,10120.55,3273.27,43394.08,17701.93,78095.14,9698.16,14899.02,7039.89,40649.24,22869.39,63518.63,5279.84,13316.81,1392.8999999999999,-1060.1,204.45000000000002,500.28,1074.1913414634168,2.97,4.77,-0.07,0.0,0.0,0.04588046663349358,-0.27528279980096143,0.2712931940067446,0.263313982418311,-0.5575474097418024,-0.71,-0.7,0.83,1.07,0.99,12,2015,0.0,5167.714285714285,-361.74
2016-03-31,13245.06,68.5,0.01,0.0,1391.88,788.2,1375.94,7.3,0.0,12456.85,683.1,2616.32,9288.73,3328.23,41947.05,17682.85,76875.06,9087.22,14848.6,7347.58,40321.31,21942.05,62263.36,5279.84,13313.14,2207.86,-656.71,-1371.43,587.74,182.5,2.9,4.68,0.01,0.0,0.0,0.36,4.2,2.04,2.04,8.64,0.52,0.52,1.3,1.04,0.96,3,2016,0.0,6850.0,68.5
2016-06-30,11871.62,-185.06,-0.03175360329444063,0.0,1069.85,412.94000000000005,1026.2399999999998,6.65,64.66,11458.69,376.41999999999996,2538.88,8842.68,3332.46,40181.15,17544.25,75405.61,9276.97,13794.66,3739.46,35728.8,25155.65,60884.45,5279.84,13241.48,1437.4299999999998,-486.1199999999999,-982.0699999999999,613.3,-52.35626283367557,2.65,4.6,-0.02,0.0,0.0,-0.952608098833219,10.161153054221003,-5.588634179821551,-5.52512697323267,19.24268359643102,-0.47,-0.46,0.99,1.12,1.03,6,2016,0.0,5828.0,-116.56
2016-09-30,10033.669999999998,-182.52999999999997,-0.036617071784412716,0.0,879.06,456.1999999999998,1077.52,5.1,67.86,9577.470000000001,291.06999999999994,2818.54,8452.64,3340.92,39658.74,18093.17,75582.81,8685.5,13252.79,3804.19,35443.93,25828.11,61272.03,5279.84,13007.38,1583.7200000000003,-805.6600000000001,-506.3899999999999,621.3199999999999,-34.819824138497786,2.07,4.71,-0.06,0.0,0.0,-0.9764552475843391,5.272858336955431,-5.614617673609949,-5.4681493864723,10.0819004313083,-0.86,-0.85,0.92,1.12,1.02,9,2016,0.0,4984.833333333333,-299.09
2016-12-31,13238.830000000002,189.82,0.034743296421707696,0.0,1327.4099999999999,901.76,1508.5900000000001,4.92,160.72,12337.07,406.72,2588.43,8679.73,3811.62,41578.95,18510.77,78119.72,8290.54,14387.51,4772.82,37090.37,26695.96,63786.32,5279.84,12972.17,115.0,-1874.7099999999998,1490.6499999999999,606.8300000000002,35.40251290696449,2.0,4.92,-0.02,0.0,0.0,0.9728122998078156,-22.791602452640248,5.836873798846893,5.767387206003478,-43.3596339342912,-0.23,-0.23,1.08,1.12,1.02,12,2016,0.0,5463.5,-109.27
2017-03-31,13047.6,42.95,0.01,0.01,1646.35,803.09,1421.37,4.78,14.54,12244.51,774.53,3981.86,9103.0,3235.09,43494.07,19074.46,80791.34,7379.25,15048.84,6660.82,38983.41,27372.36,66355.78,5279.84,13026.12,1135.9,-766.39,1088.8,618.28,119.5,1.94,5.09,0.01,0.01,1.03,0.2,4.08,1.32,1.32,7.68,0.33,0.33,1.39,1.12,1.03,3,2017,42.95,4295.0,42.95
2017-06-30,12731.62,92.41000000000001,0.020480939716312055,0.0004809397163120586,1569.6399999999999,844.63,1487.54,4.36,72.78,11886.99,774.69,5514.92,9936.18,3893.93,45867.6,18814.14,83510.55,7423.86,14506.71,7975.3,39932.39,29102.17,69034.55,5279.84,13058.36,2053.33,-532.2400000000001,25.3900000000001,642.9100000000001,53.218993615409595,1.76,5.29,0.03,0.01,0.34,0.4369267139479906,5.652739361702127,2.8400236406619386,2.812715721040189,10.322393617021277,0.53,0.53,1.39,1.15,1.05,6,2017,2.170000000000009,4512.000000000001,135.36
2017-09-30,14375.229999999996,111.27999999999997,0.02255919558871229,0.000853065196237428,1436.7600000000002,835.6600000000001,1464.9700000000003,4.28,177.53,13539.57,876.8300000000002,4577.74,11878.26,3799.99,47795.59,19129.04,86015.15,7668.1,13353.69,9655.5,41194.8,30199.99,71394.79,5279.84,13133.84,-1279.13,-577.8699999999999,943.0700000000002,629.31,47.430769230769236,1.72,5.44,0.05,0.01,0.21,0.523373337658125,5.540538436587738,3.3929030165423284,3.4109503730132977,9.998235484917286,0.62,0.61,1.43,1.16,1.07,9,2017,4.207999999999984,4932.799999999999,246.64
