,revenue,net_profit,eps,dps,gross_profit,ebit,ebitda,close_price,allowance_doubtful_accounts,expense,operating_profit,cash,account_receivable,inventory,current_asset,property_plant_equipment,total_asset,short_term_loan,account_payable,current_portion_long_term_debt,current_liability,non_current_liability,total_liability,paid_in_capital,total_equity,cash_flow_operation,cash_flow_investment,cash_flow_financing,depreciation,P/E,P/BV,D/E,EPS,DPS,DPR%,ROA%,ROAA%,ROE%,ROAE%,ROCE%,NPM%,NPMA%,TIE,CurrentRatio,QuickRatio,month,year,dividend,number_of_shares,return_old
2009-09-30,,,,,,,,,0.0,,,1578.17,9104.28,7932.95,20294.88,49583.45,71152.51,9190.06,8109.22,4400.16,23415.0,26211.08,49626.09,3351.54,16085.39,,,,,,0.0,3.09,1.03,0.0,0.0,,,,,,5.83,5.78,4.25,0.87,0.53,9,2009,,3345.349514563107,3445.71
2009-12-31,21307.65,1378.3900000000003,0.4114511722393815,0.0,2869.08,2059.8500000000004,2857.620000000001,,0.0,19247.79,1768.4499999999998,1396.82,9962.81,9673.95,23566.0,49505.32,74260.11,10004.45,9003.96,4692.4,25785.36,26008.94,51794.3,3351.54,17179.03,1841.8499999999995,-2278.72,278.24000000000024,797.77,0.0,0.0,3.01,1.44,0.0,0.0,7.428979498766611,0.0,32.09319143467175,0.0,19.2696298998777,6.03,5.96,4.27,0.91,0.54,12,2009,0.0,3350.069444444445,4824.1
2010-03-31,24462.48,1529.3,0.39,0.0,3255.33,2214.58,3011.66,16.3,0.0,22247.89,1873.09,1711.39,11334.11,9082.01,23986.05,47823.94,72927.62,6347.62,9740.78,4621.81,23053.21,22768.48,45821.69,4334.27,23965.94,2585.01,198.83,-2352.61,797.08,10.4475,2.95,1.91,0.39,0.0,0.0,8.4,0.0,25.52,0.0,17.76,6.35,6.25,5.43,1.04,0.65,3,2010,0.0,3921.282051282051,1529.3
2010-06-30,24658.609999999997,2089.45,0.5023340932642487,0.33,3300.8999999999996,2661.2700000000004,3457.8,22.0,0.0,21997.35,1930.6700000000003,1633.49,11875.38,8953.2,24374.48,48236.08,73690.87,9006.78,8360.71,4831.68,24341.07,22148.71,46489.78,4334.27,23973.48,764.8499999999999,-1806.3899999999999,1047.98,796.5299999999999,10.95003320251741,3.98,1.94,0.87,0.33,0.38,11.340047806563039,0.0,34.85159295336787,0.0,22.81867053540587,7.54,7.37,7.36,1.0,0.63,6,2010,1372.6293103448274,4159.482758620689,3618.75
2010-09-30,25046.12000000001,2933.42,0.6984152120595162,0.003191976988092386,3700.300000000001,3527.1900000000005,4377.419999999999,28.25,0.0,21518.93,2281.01,2224.89,10583.21,9438.73,23992.77,47735.93,73713.63,5986.4,9326.49,5656.08,22877.33,20634.71,43512.04,4334.27,26889.56,4689.58,-555.2800000000002,-3554.51,850.2300000000002,10.112752239706554,4.55,1.62,1.56,0.33,0.21,15.920285218484869,20.77337553818048,43.641996712539516,54.60174311716577,29.602060141907188,9.13,8.83,8.04,1.05,0.64,9,2010,13.406651193634161,4200.108974358975,6552.17
2010-12-31,26484.48999999999,4008.2700000000004,0.9450924677380869,0.003192637406133664,4477.039999999999,4500.5599999999995,5388.6,57.75,0.0,21983.930000000008,3172.6000000000004,1482.64,11770.72,11384.26,26144.24,48748.09,78004.71,5364.89,10858.32,5976.28,24079.45,21520.66,45600.11,4334.27,32068.81,2343.6400000000003,-3749.1399999999994,659.3800000000001,888.04,15.274457783532547,7.81,1.42,2.49,0.33,0.13,20.5567100613232,25.733843097446698,49.99501198813686,65.11649147194625,36.33102450276693,10.9,10.49,9.64,1.09,0.61,12,2010,13.540424003706903,4241.140562248996,10560.44
2011-03-31,47339.05,11056.93,2.45,0.0,7162.58,11782.36,12872.61,52.5,0.0,35556.69,5043.41,4955.26,28514.46,17920.26,73618.73,66255.49,147212.66,9332.24,23201.53,6989.71,44005.92,41936.49,85942.41,4814.26,60876.24,2397.58,-40065.2,41023.56,1090.25,5.3575,4.15,1.41,2.45,0.0,0.0,30.039999999999996,42.8,72.64,104.24,45.68,27.27,23.36,31.26,1.67,1.27,3,2011,0.0,4513.032653061225,11056.93
2011-06-30,51990.55,2366.58,0.507747258354931,0.66,5315.299999999999,3301.1099999999988,4592.399999999998,46.5,0.0,48689.44,2713.0200000000004,5211.63,27252.17,18486.5,70464.6,67053.28,145817.82,10433.61,21132.44,5153.13,41945.64,42445.23,84390.87,4814.26,61045.38,3363.12,1616.3499999999985,-4711.019999999997,1291.29,22.90115763042027,3.67,1.38,2.88,0.66,0.23,6.49493367979016,9.689510180273265,15.507447515590183,22.270358915067668,10.239569710157776,14.61,13.51,13.37,1.68,1.24,6,2011,3076.221041666667,4660.940972222223,13423.51
2011-09-30,52118.44999999998,3602.379999999999,0.7638127463527602,0.5077487543725073,5582.390000000001,4449.680000000002,5658.450000000001,27.5,0.0,47668.76999999999,3185.42,4050.33,26618.31,20341.3,63900.6,66481.18,139017.56,10305.28,21205.22,5722.04,42534.84,35652.41,78187.26,4814.26,60457.69,2573.46,6277.639999999999,-10111.260000000002,1208.77,9.003581090834395,2.19,1.29,3.61,1.16,0.32,10.36754143248899,15.53861720004064,23.832650346031834,32.98994000313639,17.138180735338942,11.93,11.24,12.21,1.5,1.02,9,2011,2394.702060826407,4716.313019390582,17025.89
2011-12-31,44320.72,-1457.92,-0.3081041908482609,0.0038224760709188897,2281.4300000000003,-991.8199999999997,194.38000000000102,29.25,0.0,45312.54000000001,-301.64000000000124,12018.02,24508.78,21422.27,67770.41,66825.36,145826.11,12420.06,17978.08,6458.51,43201.34,43847.91,87049.25,4814.26,58637.75,355.0,-3967.300000000003,11756.57,1186.2000000000003,-23.732312695483976,2.4,1.48,3.29,1.16,0.35,-4.00067204651602,-6.207035188274387,-9.94549090215359,-12.859838142031364,-6.768927329638997,8.37,7.95,8.12,1.57,1.07,12,2011,18.087596595070863,4731.905775075988,15567.97
2012-03-31,53660.48,1691.33,0.35,0.0,4277.67,2470.27,3785.47,37.75,0.0,51190.21,1449.43,9166.44,26520.68,21953.63,67608.3,72446.53,152506.4,12613.29,21075.64,8589.44,49218.35,42812.6,92030.95,4814.26,60344.38,2428.76,-7877.89,2574.21,1315.2,26.965,3.01,1.53,0.35,0.0,0.0,4.44,6.6,11.2,11.16,9.56,3.22,3.15,4.77,1.37,0.93,3,2012,0.0,4832.371428571429,1691.33
2012-06-30,56272.409999999996,1225.94,0.25634356778769196,0.5,4205.289999999999,2487.14,4212.59,27.5,0.0,53785.27,1042.4399999999998,5679.53,29667.04,21437.07,65617.38,84862.48,174850.05,13269.79,21590.06,6201.59,48474.84,67210.21,115685.06,4814.26,58929.41,1728.3599999999997,-23587.02,18104.97,1725.45,26.818305055712347,2.25,1.96,0.61,0.5,0.82,2.807172184953741,5.194109012878479,8.320660069174263,8.169375340643823,6.58929039821477,2.73,2.65,3.51,1.35,0.91,6,2012,2391.2049180327867,4782.4098360655735,2917.27
2012-09-30,54317.56999999999,1565.6100000000001,0.3247950647797845,0.18393038096703648,4652.34,2471.2799999999997,4253.319999999999,28.75,0.0,51846.28999999999,1589.7000000000003,6375.04,26877.64,22297.54,61380.37,86666.5,170857.67,9440.05,23689.42,7197.88,47501.12,63681.79,111182.91,4814.26,59355.62,9700.45,-2812.5099999999984,-6889.68,1782.0399999999995,22.126490760789725,2.33,1.87,0.93,0.68,0.73,3.6600562138625174,6.691476818473839,10.547108555214505,10.449320793775431,8.40974748376044,2.8,2.73,3.45,1.29,0.82,9,2012,886.5998131500091,4820.301075268817,4482.88
2012-12-31,50936.97,128.35999999999967,0.026722877143674953,-0.0023961758519365664,4169.790000000001,1419.2200000000003,3260.2800000000007,25.25,0.0,49517.75,1385.5799999999995,4375.31,25606.69,24683.31,59960.68,86434.9,170475.29,11840.68,22315.6,5650.79,47286.12,63304.21,110590.34,4814.26,59552.74,1596.3999999999996,-2085.4100000000035,-515.6200000000008,1841.0600000000004,236.20211124961105,2.04,1.86,0.96,0.68,0.71,0.3006323678663433,0.6224203468047624,0.8618127878835172,0.868493507169436,0.799459407881609,2.19,2.14,2.81,1.27,0.75,12,2012,-11.509731182795804,4803.375,4611.24
2013-03-31,56118.64,490.98,0.1,0.0,4109.21,1607.02,3329.89,23.4,0.0,54511.62,1173.87,5497.6,27463.96,24893.78,63214.33,84019.62,171658.91,15128.81,23811.24,5044.99,51426.72,66224.86,117651.58,4814.26,53676.18,1891.11,-1588.77,820.32,1722.87,58.5,2.1,2.19,0.1,0.0,0.0,1.16,3.96,3.64,3.44,5.36,0.88,0.87,2.57,1.23,0.75,3,2013,0.0,4909.8,490.98
2013-06-30,57525.36,214.15999999999997,0.04555691068440309,0.18,3875.1400000000003,1584.88,3235.5099999999998,17.9,0.0,55940.48,962.0799999999999,4193.73,31018.49,24228.36,65380.55,89277.84,179645.12,15313.5,26162.49,5879.87,54508.73,67901.56,122410.3,4814.26,56839.04,4279.17,-2295.2400000000002,-3294.9100000000003,1650.63,98.2260415110198,1.52,2.15,0.15,0.18,1.2,0.4737918711177922,2.1867317128513486,1.5064151799642622,1.4821181609325804,3.0978699265394103,0.63,0.62,1.67,1.2,0.75,6,2013,846.168,4700.933333333333,705.14
2013-09-30,60017.98000000001,1090.1799999999998,0.2246767150145935,0.1456120580175122,5128.0599999999995,2565.9999999999995,4362.01,21.8,0.0,57451.97999999998,1951.5,3535.7,29557.62,25682.33,64935.5,90367.2,180476.96,15353.7,24987.19,5548.74,52878.65,68837.52,121716.17,4814.26,58253.68,2226.38,-1383.2199999999993,-1507.73,1796.0100000000002,24.25752040947367,1.8,2.09,0.37,0.32,0.86,2.4046480850210545,7.966914867544503,7.481127375621059,7.408259251832542,10.954507942873692,1.05,1.03,2.24,1.23,0.74,9,2013,706.5411891891891,4852.216216216216,1795.32
2013-12-31,58694.639999999985,-469.45000000000005,-0.09913943297608366,-0.007904374465802102,4229.009999999998,863.5300000000007,2745.66,20.0,0.0,57831.120000000024,481.8900000000003,4114.35,28827.19,28939.56,68422.65,96213.49,189041.85,15570.34,25663.25,3927.1,52980.5,74493.59,127474.08,4814.26,60505.52,1982.4400000000005,-1448.92,54.33000000000038,1882.13,-50.43502721269571,1.59,2.11,0.28,0.32,1.14,-0.9913943297608364,-5.211901619314112,-3.101647974537474,-3.129973526816355,-6.897271979907534,0.58,0.57,1.72,1.29,0.75,12,2013,-37.4291891891894,4735.249999999999,1325.87
2014-03-31,62246.28,368.48,0.08,0.0,5278.51,1783.65,3702.06,22.9,0.0,60462.63,1436.79,4112.94,30416.56,27171.4,68366.04,96109.89,187885.7,12469.87,27094.55,3657.24,50396.37,76093.75,126490.12,4814.26,60254.46,4751.18,-2118.23,-2624.33,1918.41,71.5625,1.83,2.1,0.08,0.0,0.0,0.8000000000000002,3.96,2.44,2.6,5.2,0.6,0.59,2.99,1.36,0.82,3,2014,0.0,4606.0,368.48
2014-06-30,66143.4,1482.84,0.30436618196746107,0.14,6624.6,3022.89,5068.140000000001,27.75,0.0,63120.51,2395.3,3541.39,31970.22,28080.96,70043.78,99489.94,193267.37,11006.54,28779.07,3204.51,50647.53,79501.8,130149.34,4814.26,60883.44,8187.49,-5419.25,-3333.74,2045.2499999999998,22.794418076124195,2.19,2.14,0.38,0.14,0.37,3.0757003651448693,8.265944731326837,9.739717822958754,10.092141823131604,10.796989823477302,1.47,1.44,2.7,1.38,0.83,6,2014,682.0652631578947,4871.894736842105,1851.32
2014-09-30,64284.44,587.1800000000001,0.12280574123436541,0.18734948361266093,5621.899999999998,1840.08,3926.33,25.5,0.0,62444.36,1304.2799999999997,3561.08,30331.74,29525.72,69741.5,98241.74,191412.85,12264.53,31198.37,3943.38,55432.65,74808.52,130241.17,4814.26,59111.38,6152.140000000001,-2931.76,-3190.33,2086.25,51.911253789297994,2.08,2.2,0.51,0.33,0.65,1.2232415009226985,3.438560754562231,3.9779428337092475,4.006838302234981,4.709961369694485,1.29,1.27,2.8,1.26,0.73,9,2014,895.7876780185758,4781.3725490196075,2438.5
2014-12-31,55062.75,-953.1199999999999,-0.1796668865879438,0.032568485148977575,4312.230000000003,292.9400000000005,2342.4299999999985,20.2,0.0,54769.81,163.85000000000036,5419.58,26202.99,29141.06,72180.19,98900.6,195488.08,8581.04,27764.21,4434.57,48065.72,71867.6,119933.33,4814.26,73481.04,3330.6699999999983,-8054.230000000001,6583.51,2049.49,-28.10645910273628,1.32,1.63,0.28,0.33,1.18,-1.9506690543833898,-9.265678008321101,-5.184673012966378,-5.698006974646217,-12.089014797560218,0.61,0.6,1.97,1.5,0.9,12,2014,172.77348739495824,5304.928571428572,1485.38
2015-03-31,54047.48,248.95,0.01,0.0,5502.02,1541.43,3650.76,26.0,0.0,52506.04,1381.97,14172.64,26094.75,24883.7,71397.09,97672.98,193731.64,7621.66,28754.91,5981.79,50650.59,70242.18,120892.77,4814.26,71062.72,9019.5,2930.78,-3174.25,2109.33,650.0,1.76,1.7,0.01,0.0,0.0,0.52,3.24,1.4,1.52,4.32,0.46,0.46,1.83,1.41,0.92,3,2015,0.0,24895.0,248.95
2015-06-30,65054.30999999999,5328.62,1.0222414779195959,0.19,8391.199999999999,7347.59,9757.0,27.75,0.0,57706.74,3503.71,5548.74,33651.86,32133.04,78377.19,110496.13,218685.36,12224.33,36559.82,5210.72,63104.0,75466.78,138570.79,4814.27,78043.37,6258.280000000001,-16951.989999999998,2069.01,2409.41,6.785358596597242,1.71,1.78,1.07,0.19,0.18,9.74473184558867,16.508722185467867,27.323463802336864,30.686351654932164,21.820556407180906,4.85,4.68,3.87,1.24,0.73,6,2015,990.4096261682241,5212.682242990653,5577.57
2015-09-30,62795.31999999999,625.1300000000001,0.11690889451367954,0.24477821491364404,6745.17,2122.3500000000004,4527.4299999999985,23.0,0.0,60672.95999999999,1771.38,4897.6,33356.26,32060.66,78376.94,120035.23,229427.42,14068.5,34024.96,6510.0,64581.69,79931.28,144512.98,4814.27,81700.13,2727.3500000000004,-4725.18,1346.02,2405.08,49.18958496632699,1.36,1.77,1.16,0.43,0.37,1.088462121334258,2.108391442436359,3.0597879633063028,3.5516115885017823,2.6929359150047563,3.5,3.41,3.38,1.21,0.72,9,2015,1308.867097969707,5347.1551724137935,6202.7
2015-12-31,58236.47,406.5600000000004,0.07381643330720844,0.012535402001810038,5882.360000000001,1409.9699999999993,3811.84,21.3,0.0,56826.5,683.71,3232.48,27499.57,31785.63,70548.2,120365.58,221640.62,12106.39,31148.97,5024.6,57383.15,81304.5,138687.65,4814.27,79825.24,6800.98,-2553.130000000001,-5848.259999999999,2401.870000000001,72.13840823002748,1.28,1.74,1.2,0.43,0.36,0.7332432375182705,1.466486475036541,2.0373335592789528,2.120992183693789,1.8601741193416528,2.82,2.75,3.41,1.23,0.68,12,2015,69.04144252873584,5507.716666666667,6609.26
2016-03-31,60785.09,4104.46,0.81,0.0,6553.85,5318.58,7661.7,22.8,0.0,55466.52,1776.45,7185.8,29548.17,34487.46,78850.0,133853.74,245808.23,21012.62,31455.99,8739.58,71762.73,87752.26,159514.99,4814.27,83143.44,4964.77,-18027.87,17011.09,2343.12,7.0375,1.32,1.92,0.81,0.0,0.0,6.68,9.68,19.76,21.28,12.24,7.18,6.75,5.16,1.1,0.62,3,2016,0.0,5067.234567901234,4104.46
2016-06-30,70424.66,5949.54,1.1835170081559578,0.24,11238.51,8322.12,11174.099999999999,29.0,0.0,62102.52,5278.06,3780.85,34761.69,38082.34,85856.71,137507.69,258293.75,17680.45,34082.59,13858.42,75878.78,93182.55,169061.32,4814.27,86172.44,3709.4799999999996,-10188.14,3055.829999999998,2851.9800000000005,6.125809726466247,1.62,1.96,2.0,0.24,0.12,9.207762323453352,13.539434573304158,27.62328697036006,28.97249635965785,17.70541444201313,8.11,7.66,4.98,1.13,0.63,6,2016,1206.48,5027.0,10054.0
2016-09-30,66495.28,3183.66,0.6301105482388881,0.3012132657886666,9396.59,4954.549999999999,7887.470000000001,28.25,0.0,61540.740000000005,3908.3600000000006,3415.29,31080.36,37005.48,79794.13,134189.78,250724.13,7406.52,34420.96,12113.96,64051.12,97424.45,161475.56,4814.27,86208.91,10426.41,-3811.3600000000006,-7015.769999999999,2932.92,11.205811455997186,1.58,1.87,2.62,0.54,0.21,5.079364419391342,7.455506486796004,14.776332856411178,15.170753199583611,9.581528336579124,6.99,6.7,4.75,1.25,0.67,9,2016,1521.8926717557251,5052.541984732824,13237.66
2016-12-31,65740.06000000003,2959.4400000000005,0.5755496971680116,0.009388105523177974,9232.84,4048.4000000000015,6985.810000000001,33.5,0.0,61691.649999999994,3779.879999999999,4025.65,31085.5,40458.85,84495.25,136860.35,258380.48,9205.55,37316.1,9910.58,65861.51,100704.04,166565.55,4814.27,89055.38,5845.52,-4354.820000000003,-828.4699999999993,2937.41,14.544573720028112,1.81,1.87,3.15,0.54,0.17,4.582471874594835,6.891979230849968,13.294284433633184,14.017832624358682,8.594875477708973,6.36,6.15,5.22,1.28,0.67,12,2016,48.2730425299892,5141.936507936508,16197.1
2017-03-31,72000.18,4426.47,0.8699999999999999,0.0,7857.38,6352.72,9162.78,35.25,0.0,65647.46,6026.19,4832.68,34075.12,40735.0,87740.8,134730.29,258923.38,8093.71,39933.01,11501.23,69137.24,96345.97,165483.21,4814.31,90805.77,7727.03,-4933.35,-1991.1,2810.06,10.13,1.87,1.82,0.87,0.0,0.0,6.84,10.08,19.48,20.359999999999996,13.4,6.18,6.15,6.06,1.27,0.68,3,2017,0.0,5087.896551724139,4426.47
2017-06-30,71767.96000000002,2937.08,0.5663916996557367,0.36,14013.86,4325.61,7201.17,38.0,0.0,67442.33999999998,4298.330000000001,5070.24,33351.72,41088.14,89032.48,142627.2,270777.17,11203.94,39561.46,4904.01,66558.76,109421.92,175980.68,4814.33,92787.62,8237.650000000001,-11813.78,3769.1899999999996,2875.56,16.772491556239533,1.97,1.9,1.42,0.36,0.25,4.339677248066489,6.445697089039933,12.668028437370563,13.13071461455412,8.344305885069023,5.14,5.12,3.84,1.34,0.72,6,2017,1866.8154929577468,5185.5985915492965,7363.55
2017-09-30,73101.25,3516.45,0.6657984375,0.456540448943662,12600.869999999999,5078.99,8212.32,42.25,1871.31,68022.27000000002,6580.939999999999,4448.26,31413.17,41931.71,86144.59,145108.84,269531.55,5598.83,34401.03,5517.43,57757.83,101137.97,158895.81,5244.96,108629.44,5840.450000000001,-5427.559999999998,-994.0799999999999,3133.330000000001,15.864636209813877,2.04,1.46,2.06,0.81,0.39,5.2229624999999995,7.834443749999998,12.953981249999998,14.440715624999998,9.618525,5.04,5.02,4.15,1.49,0.77,9,2017,2411.242759469438,5281.553398058252,10880.0
