,revenue,net_profit,eps,dps,gross_profit,ebit,ebitda,close_price,allowance_doubtful_accounts,expense,operating_profit,cash,account_receivable,inventory,current_asset,property_plant_equipment,total_asset,short_term_loan,account_payable,current_portion_long_term_debt,current_liability,non_current_liability,total_liability,paid_in_capital,total_equity,cash_flow_operation,cash_flow_investment,cash_flow_financing,depreciation,P/E,P/BV,D/E,EPS,DPS,DPR%,ROA%,ROAA%,ROE%,ROAE%,ROCE%,NPM%,NPMA%,TIE,CurrentRatio,QuickRatio,month,year,dividend,number_of_shares,return_old
2000-03-31,1466.1,14.28,0.04,0.0,557.74,408.54,650.4,2.43,0.0,1057.56,423.95,3151.39,3872.41,342.04,10277.82,3616.69,23664.22,3101.69,1531.86,3160.83,9107.66,12213.95,21321.61,3814.95,2109.44,778.78,-405.41,-161.98,241.86,15.1575,4.39,10.11,0.04,0.0,0.0,0.24,0.0,2.72,0.0,11.24,1.09,0.97,0.0,1.13,1.09,3,2000,0.0,357.0,14.28
2000-06-30,1085.73,-332.84,-0.9089992466097437,0.0,506.73,39.639999999999986,283.77,1.05,0.0,1046.0900000000001,366.59999999999997,3768.92,3871.94,286.27,9688.75,3569.12,22093.83,2880.23,1508.17,3407.12,8731.32,12015.35,20746.67,3865.01,1178.78,645.0699999999999,-93.22999999999996,-897.1099999999999,244.13,-0.28952169210431444,3.44,17.6,-0.87,0.0,0.0,-6.018201908588648,0.0,-112.92487192365644,0.0,14.000678051230537,-13.19,-12.48,0.0,1.11,1.08,6,2000,0.0,366.1609195402299,-318.56
2000-09-30,1116.83,-503.59,-1.3475618804354437,0.0,513.3199999999999,-120.22000000000003,126.16999999999996,0.86,0.0,1237.06,341.26,4573.25,3449.4,342.4,9593.2,3450.25,21625.34,2847.46,1268.27,3584.05,8739.7,12379.86,21119.56,4475.81,341.62,1119.83,-678.7299999999999,-177.48000000000002,246.39,-0.15917636370857247,11.27,61.82,-2.2,0.0,0.0,-9.310427537553974,0.0,-589.6440766283524,0.0,6.247786900200693,-23.78,-22.41,0.0,1.1,1.06,9,2000,0.0,373.70454545454544,-822.15
2000-12-31,1185.6000000000004,39.069999999999936,0.1037768810338661,0.0,491.0799999999999,473.05,745.9100000000001,0.82,0.0,712.54,298.6200000000001,2765.17,3338.5,316.79,8111.7,4044.94,19812.96,225.71,1058.99,2488.04,4582.53,14799.92,19382.45,4475.97,267.77,-53.00999999999976,-231.66000000000008,-1253.8,272.86,1.9541924750447948,13.71,72.38,-2.08,0.0,0.0,0.7883051540072521,-0.0,58.36451703529642,-0.0,-1.0497430658425686,-17.52,-16.13,0.0,1.77,1.7,12,2000,0.0,376.4807692307692,-783.08
2001-03-31,1029.64,-18.25,-0.05,0.0,495.28,385.59,646.07,0.82,0.0,644.06,346.87,2461.02,3254.76,298.32,8334.14,3953.86,19776.16,181.77,888.29,2507.42,4677.58,14757.13,19434.71,4476.08,180.81,554.22,-410.7,-136.16,260.48,-4.1,20.3,107.49,-0.05,0.0,0.0,-0.36,7.12,-40.36,-6.36,10.2,-1.86,-1.77,0.0,1.78,1.72,3,2001,0.0,365.0,-18.25
2001-06-30,1090.7099999999998,-63.66,-0.16321084116713466,0.0,464.98,313.06,575.41,0.69,0.0,777.6400000000001,313.35,2714.8,3291.87,269.47,7592.47,3809.48,19635.42,186.75,883.8,3145.91,4998.31,14112.77,19111.08,4476.08,363.7,-46.32000000000005,512.98,-649.86,262.35,-1.058293669494188,8.49,52.55,-0.21,0.0,0.0,-1.305686729337077,10.414406055426689,-70.00967891588328,-33.015221584666094,14.828870711756803,-4.12,-3.86,0.0,1.52,1.47,6,2001,0.0,390.04761904761904,-81.91
2001-09-30,1571.1,537.01,1.3805794330916281,0.0,479.8299999999999,936.93,1199.85,0.29,0.0,634.1600000000001,345.17999999999995,2698.33,857.88,261.36,5231.73,3654.59,17496.83,171.29,579.52,2972.57,4853.92,13440.42,18294.35,4745.36,-922.43,652.2199999999999,-246.29,-133.67000000000007,262.91999999999996,0.05296689074691347,-1.49,-19.83,1.17,0.0,0.0,12.271817183036696,39.45861217314876,-232.88133069655024,-739.6601810591079,61.07589013403647,15.24,12.33,0.0,1.08,1.02,9,2001,0.0,388.974358974359,455.1
2001-12-31,1400.38,221.66999999999996,0.5600953056429805,0.0,507.03,546.1199999999999,851.5500000000002,0.35,0.0,854.27,268.7600000000001,2526.87,767.1,241.52,4403.21,3566.93,18110.52,125.72,469.28,4446.52,5907.55,11101.24,17008.78,4745.36,946.94,8.350000000000136,548.11,-530.47,305.43000000000006,0.15265259169035056,1.75,17.96,1.71,0.0,0.0,4.900015071590053,15.079992907487032,93.63745378784519,145.99162551531538,23.42574050268185,16.2,13.29,0.0,0.75,0.7,12,2001,0.0,395.7719298245614,676.77
2002-03-31,1376.55,302.46,0.73,0.0,492.64,623.84,886.24,0.53,0.0,752.71,364.04,2656.06,751.75,214.44,4589.49,3481.97,18456.57,152.74,452.53,4310.86,5979.27,10972.84,16952.11,4745.51,1342.36,586.31,-1310.29,-51.34,262.4,0.18,1.86,12.63,0.73,0.0,0.0,6.56,13.04,90.12000000000002,158.84,20.0,27.12,21.97,0.0,0.77,0.73,3,2002,0.0,414.32876712328766,302.46
2002-06-30,1386.2900000000002,-1404.9,-3.389784478066834,0.0,466.73,-953.4300000000001,-557.79,0.51,0.0,2339.71,-1251.31,2198.79,704.03,179.25,4464.48,3016.5,17001.4,162.04,607.71,4922.14,6676.54,10241.4,16917.94,4745.51,-72.59,288.2800000000001,-10.910000000000082,-121.41999999999999,395.64,-0.03727375613922699,-33.34,-233.06,-2.66,0.0,0.0,-33.0312833351475,-9.175356481985414,7741.55410906716,-3860.7861108087513,-16.26077065418526,-50.06,-39.9,0.0,0.67,0.64,6,2002,0.0,414.45112781954884,-1102.44
2002-09-30,645.0899999999997,-529.98,-1.2791568346381446,0.0,417.9,-231.03000000000003,30.629999999999995,0.23,0.0,876.1300000000001,1645.44,1147.91,676.58,378.18,5116.66,2882.01,17193.78,183.04,733.67,5097.9,7321.32,10350.05,17671.38,4745.51,-628.7,532.42,-813.03,117.88999999999999,261.6600000000001,-0.046202309521114,-1.71,-28.11,-3.94,0.0,0.0,-12.32405924945786,-4.194595508508839,337.1909361561363,273.3369853346565,-7.376254640349909,-50.68,-47.9,0.0,0.7,0.65,9,2002,0.0,414.31979695431477,-1632.42
2002-12-31,3121.27,14.150000000000091,0.03410123156210049,0.0,605.1300000000001,204.51,370.06,0.2,0.0,2916.76,-784.3299999999999,1943.09,940.02,177.3,3743.82,2778.98,15636.34,209.97,681.22,4624.42,6935.71,9193.1,16128.8,4745.51,-620.0,266.71000000000004,1815.29,-1967.66,165.54999999999995,1.429567137809178,-1.53,-26.01,-3.9,0.0,0.0,0.36199768888998973,0.07379856266259695,-9.128987128229587,34.62411711271937,0.14305029445024717,-34.64,-24.79,0.0,0.54,0.51,12,2002,0.0,414.94102564102565,-1618.27
2003-03-31,1296.18,272.25,0.66,0.0,648.31,591.38,827.44,0.46,0.0,704.79,512.1,1238.69,861.39,206.49,4244.21,2719.96,15997.48,275.89,600.56,4604.73,7081.4,9124.89,16206.3,4746.68,-340.63,631.39,-699.87,44.24,236.06,0.175,-6.41,-47.58,0.66,0.0,0.0,6.8,13.72,-319.72,217.44,26.52,22.39,21.0,0.0,0.6,0.57,3,2003,0.0,412.5,272.25
2003-06-30,1837.64,369.34000000000003,0.8922785579575742,0.0,627.1600000000001,784.07,1023.3299999999999,0.68,0.0,1053.58,519.7499999999999,1508.76,864.46,257.24,4246.82,2609.7,15808.02,432.52,751.99,5264.11,8031.1,7584.18,15615.29,4746.68,52.55,263.41999999999996,517.62,-512.16,239.26,0.19108382520171113,60.97,297.15,1.55,0.0,0.0,9.34877663305226,19.296243395314768,2811.333714054147,-14744.10299786468,40.73395532972771,23.02,20.47,0.0,0.53,0.5,6,2003,0.0,413.9290322580645,641.59
2003-09-30,2162.2999999999997,3704.75,8.796601278316928,0.0,565.73,1216.91,1448.0900000000001,1.39,0.0,945.3900000000003,422.3100000000002,1942.07,825.03,178.87,5153.63,2459.94,16770.51,435.02,648.41,1567.53,3555.86,7967.79,11523.65,5219.7,5023.7,596.24,-670.84,505.18,231.18,0.038128362237667864,1.44,2.29,10.32,0.0,0.0,88.3751570286724,52.063605240271116,294.99300100774445,674.3720026505059,66.89508413975896,104.64,82.07,0.0,1.45,1.4,9,2003,0.0,421.15697674418607,4346.34
2003-12-31,1780.75,-102.68000000000029,-0.022744329187541008,0.0,601.3300000000002,98.10999999999967,433.92999999999984,1.19,0.0,1682.6399999999994,404.01,2427.34,1419.57,182.0,5122.38,1738.05,16202.77,429.18,798.24,1703.38,3714.9,7057.86,10772.76,6797.63,5277.12,449.71000000000004,326.25,-291.12,335.81999999999994,-13.121952181534828,1.53,2.04,0.94,0.0,0.0,-2.5347828996668045,-1.6356560139125234,-7.783399801115097,-17.637985323989252,-2.0847355348920567,73.22,59.97,0.0,1.38,1.33,12,2003,0.0,4514.531914893617,4243.66
2004-03-31,1513.82,390.91,0.06,0.0,644.5,656.43,903.43,1.16,0.0,857.4,517.22,2936.7,1391.25,274.04,6518.4,1640.12,17332.3,599.82,495.51,1712.42,3884.34,6979.76,10864.09,7834.28,6305.87,310.94,-551.81,749.95,247.0,4.8325,1.44,1.72,0.06,0.0,0.0,9.04,15.76,24.8,52.44,19.52,28.47,25.82,0.0,1.68,1.61,3,2004,0.0,6515.166666666667,390.91
2004-06-30,1577.32,18.94999999999999,0.002774117991509294,0.0,688.0699999999999,280.5200000000001,528.5000000000001,0.84,0.0,1296.79,574.8599999999999,3150.46,1500.37,212.56,6212.13,1554.91,16809.89,495.28,644.53,1374.07,3610.82,6739.59,10350.41,8314.15,6297.42,656.48,404.16999999999996,-844.59,247.98000000000002,75.6997361477573,1.11,1.64,0.06,0.0,0.0,0.4512565266188452,1.0634118967452295,1.2039672083150335,2.3875908846923326,1.3130825159810657,13.8,13.26,0.0,1.72,1.66,6,2004,0.0,6831.000000000001,409.86
2004-09-30,1501.06,120.63999999999999,0.01591856738925542,0.0,659.3800000000001,361.3399999999999,611.72,0.63,0.0,1139.7199999999998,545.26,3128.42,1079.06,353.76,6666.0,1535.25,16854.38,450.62,653.46,1379.16,3622.07,6722.21,10344.28,8317.7,6413.91,643.6999999999999,-548.72,-116.14999999999999,250.38,9.894106432360743,0.82,1.61,0.07,0.0,0.0,2.865342130065975,7.022362299717248,7.522660131950989,8.441388878416587,8.923494062205465,11.91,11.55,0.0,1.84,1.74,9,2004,0.0,7578.5714285714275,530.5
2004-12-31,1986.63,613.98,0.08047060673843143,0.0,734.03,876.8000000000002,1133.58,0.64,0.0,1109.83,554.6200000000001,3942.56,1570.22,351.56,7104.24,1487.65,17010.84,457.13,901.74,964.85,3610.3,5999.63,9609.94,8318.39,7094.97,486.9100000000003,1004.54,-681.02,256.78,1.9898569985993027,0.75,1.35,0.15,0.0,0.0,14.441791555990493,28.111065287292046,34.613090311757304,39.69883265762617,34.82767859639312,17.96,17.4,0.0,1.97,1.87,12,2004,0.0,7629.866666666667,1144.48
2005-03-31,1799.64,384.53,0.05,0.0,727.97,643.62,891.67,0.61,0.0,1156.02,602.88,4447.54,1245.3,364.92,7673.44,1352.73,17330.37,329.24,791.95,1007.62,3454.71,5893.19,9347.9,8319.15,7647.21,806.57,-40.62,-43.39,248.05,3.05,0.66,1.22,0.05,0.0,0.0,8.88,14.839999999999998,20.12,22.04,18.56,22.35,21.37,0.0,2.22,2.12,3,2005,0.0,7690.599999999999,384.53
2005-06-30,1811.91,10.25,0.0012981913977405139,0.0,743.79,262.22,521.2600000000001,0.52,0.0,1549.69,626.07,4613.35,1439.51,251.91,7733.53,1231.12,16944.54,334.93,913.27,1104.2,3338.16,5627.32,8965.48,8319.68,7629.41,321.4899999999999,220.46,-369.28000000000003,259.03999999999996,100.13931707317072,0.57,1.18,0.05,0.0,0.0,0.24198287653883177,0.5577030244693247,0.5369319621054766,0.588859618015097,0.6916763767161458,11.26,10.93,0.0,2.32,2.24,6,2005,0.0,7895.599999999999,394.78
2005-09-30,1560.4399999999996,230.47000000000003,0.029488364654138347,0.0,705.6200000000001,480.64,742.6499999999999,0.48,0.0,1079.8000000000002,572.45,4870.86,1278.18,158.62,7776.98,1143.36,16683.3,308.13,737.41,1145.69,2967.64,5490.15,8457.79,8319.88,7866.18,627.4300000000001,-315.34000000000003,-93.81,262.01000000000005,4.069401657482535,0.51,1.08,0.08,0.0,0.0,5.52906837265094,12.193438784486206,11.721624950019994,12.915903718512597,14.906368332666935,12.38,12.09,0.0,2.62,2.57,9,2005,0.0,7815.625,625.25
2005-12-31,1739.0500000000002,239.34000000000003,0.02768248533987208,0.0,699.2999999999997,521.1199999999999,806.4500000000003,0.46,0.0,1217.9299999999994,496.77,3587.87,1639.44,206.94,6774.07,2579.3,16593.39,389.06,726.06,1223.02,3192.94,4913.53,8106.47,8319.88,8101.78,403.0600000000002,-1277.4,-408.43999999999994,285.33000000000004,4.154251274337762,0.47,1.0,0.1,0.0,0.0,5.769029944829342,12.567848344301924,11.814884743057405,12.60106732670977,15.767943649591137,12.99,12.51,0.0,2.12,2.06,12,2005,0.0,8645.9,864.59
2006-03-31,1854.6,434.52,0.05,0.0,717.68,792.53,1090.35,0.5,0.0,1062.07,549.34,3985.12,1796.02,143.32,7171.83,2466.23,16741.57,297.64,643.78,1170.41,3146.99,4663.25,7810.25,8319.88,8508.11,654.08,-300.52,-198.95,297.82,2.5,0.49,0.92,0.05,0.0,0.0,10.4,18.6,20.44,21.52,23.32,26.99,23.43,0.0,2.28,2.23,3,2006,0.0,8690.4,434.52
2006-06-30,1420.9900000000002,-52.41999999999996,-0.006859460874116718,0.0,552.4800000000001,161.95000000000005,399.0500000000002,0.48,0.0,1259.03,352.1,4622.98,1817.74,77.14,7689.75,2348.13,16410.1,450.21,637.67,1209.35,3132.2,4375.76,7507.96,8319.88,8423.29,-353.31000000000006,988.04,10.699999999999989,237.09999999999997,-17.494086226631072,0.47,0.89,0.05,0.0,0.0,-1.2786035069353563,-3.13888929599581,-2.4913561894791916,-2.612082700863646,-3.945561894791936,13.12,11.67,0.0,2.46,2.43,6,2006,0.0,7642.0,382.1
2006-09-30,1492.0900000000001,-99.22000000000003,-0.010522483031674211,0.0,449.30999999999995,134.12999999999988,281.6999999999998,0.49,0.0,1357.98,262.16999999999985,5356.2,1696.76,437.53,8443.88,2791.47,17351.4,359.26,1552.7,1156.94,3850.3,4129.37,7979.67,8319.91,8377.08,826.31,-230.59999999999997,137.51,147.57000000000005,-11.639363031646841,0.49,0.95,0.03,0.0,0.0,-2.286886312217195,-8.979185520361995,-4.742132352941177,-4.882432126696834,-11.308161764705886,6.51,5.93,0.0,2.19,2.08,9,2006,0.0,9429.333333333334,282.88
2006-12-31,1080.37,-46.69999999999999,-0.005931916334998728,0.0,417.79999999999995,186.95000000000005,373.02,0.44,0.0,893.4099999999999,194.56000000000017,4573.8,2009.36,95.07,8042.96,3468.38,17440.07,387.39,939.47,1678.06,3866.77,4166.13,8032.9,8319.91,8332.24,-9.230000000000018,-359.35,-416.44,186.06999999999994,-18.54796895074947,0.44,0.96,0.03,0.0,0.0,-1.0677449402997712,-5.9319163349987285,-2.23830976373952,-2.2699466508595134,-7.434668473198406,4.48,4.04,0.0,2.08,2.06,12,2006,0.0,7872.666666666667,236.18
2007-03-31,1214.24,1.88,0.0,,449.73,220.88,426.87,0.44,0.0,993.36,277.69,4565.04,2017.55,103.76,7658.62,3396.8,16765.77,479.39,926.72,1550.95,3945.07,3569.1,7514.18,8319.91,8300.88,368.34,232.47,-609.57,205.99,0.0,0.44,0.91,0.0,0.02,0.0,0.04,5.28,0.08,0.08,6.88,0.17,0.15,0.0,1.94,1.92,3,2007,inf,inf,1.88
2007-06-30,1096.9999999999998,4.14,0.0,,410.80999999999995,197.82,422.63,0.48,0.0,899.1899999999999,245.22999999999996,4053.66,1794.33,67.34,6979.92,3455.96,15987.05,405.3,1080.17,1538.5,3774.41,3281.45,7055.86,8319.91,7995.66,658.4100000000001,-439.5,-730.2899999999998,224.81,0.0,0.5,0.88,0.0,0.02,0.0,0.11003322259136214,7.097142857142857,0.22006644518272428,0.19255813953488374,9.435348837209302,0.28,0.26,0.0,1.85,1.83,6,2007,,inf,6.02
2007-09-30,1110.2200000000003,3.120000000000001,0.0,,444.20000000000005,150.8,356.31999999999994,0.47,0.0,959.3999999999999,273.88,3853.02,1877.9,108.96,6924.42,3348.7,15538.13,338.2,1120.3,1512.49,3661.82,3008.34,6670.16,8319.91,7916.41,282.68000000000006,-30.419999999999987,-452.9000000000001,205.52000000000004,0.0,0.49,0.84,0.0,0.02,0.0,0.08192560175054707,4.72437636761488,0.16385120350109414,0.1501969365426696,6.554048140043765,0.29,0.27,0.0,1.89,1.86,9,2007,,inf,9.14
2007-12-31,1211.4899999999998,-50.57,-0.012206130823075067,-inf,466.93000000000006,133.26,295.94000000000005,0.4,0.0,1078.2400000000002,248.41000000000008,3418.04,1849.98,79.66,6553.87,3452.58,14979.43,324.37,1310.95,1100.92,3405.07,2737.18,6142.25,8319.91,7866.03,583.8499999999999,-316.40000000000003,-702.4399999999998,162.67999999999995,-8.19260431085624,0.42,0.78,-0.01,0.02,-1.5,-1.3670866521844076,21.189843108858316,-2.587699734491914,-2.4900506879073134,29.636485638426265,-0.96,-0.89,0.0,1.92,1.9,12,2007,-inf,4143.0,-41.43
2008-03-31,1333.93,214.25,0.03,0.0,509.33,410.52,609.52,0.28,0.0,923.41,332.0,3454.19,2103.93,154.14,6849.26,3400.0,15125.29,374.98,1395.89,1086.3,3590.39,2459.45,6049.84,8319.91,8081.3,143.26,111.4,-218.51,199.0,2.3325,0.29,0.75,0.03,0.0,0.0,5.68,10.28,10.6,10.48,14.24,17.07,16.06,0.0,1.91,1.86,3,2008,0.0,7141.666666666667,214.25
2008-06-30,1338.32,-1817.67,-0.23806033353706452,0.0,504.25000000000006,-1653.82,-1431.4099999999999,0.49,0.0,2992.13,311.03,3330.72,2348.76,95.69,6700.33,3473.2,12854.24,551.96,1464.51,1213.37,3992.11,2101.4,6093.51,8319.92,5936.24,316.59000000000003,-136.13,-303.94000000000005,222.41000000000003,-0.5138403285524875,0.69,1.03,-0.21,0.0,0.0,-56.544997318232284,-39.08723952551421,-122.47637350164025,-104.38378815282334,-63.618790086190764,-61.93,-60.0,0.0,1.68,1.65,6,2008,0.0,7635.333333333334,-1603.42
2008-09-30,1277.4499999999998,193.46000000000004,0.027441913245765844,0.0,443.34000000000003,235.66999999999996,422.53999999999996,0.4,0.0,1041.79,226.25,3515.68,2267.56,77.15,6813.08,3737.14,12891.55,467.07,1546.72,1237.36,4111.43,2101.51,6212.94,4159.96,5875.61,619.9999999999999,-222.82000000000002,-212.20999999999992,186.86999999999995,3.644060787759743,0.28,1.06,-0.2,0.0,0.0,6.004290618173566,3.891263298249596,13.172118357967603,11.223742517518229,6.300663281227838,-36.9,-35.7,0.0,1.66,1.64,9,2008,0.0,7049.8,-1409.96
2008-12-31,1624.4800000000005,165.03999999999996,0.02518844584390964,0.05,509.3499999999999,363.84000000000003,553.1800000000001,0.37,18.26,1260.6400000000003,312.78,2364.82,2529.15,119.22,6190.69,4182.94,12328.61,439.93,1773.41,1969.05,5081.9,1295.57,6377.48,4161.33,5118.84,430.1300000000001,-595.46,-985.5200000000001,189.34000000000003,3.677281265147844,0.3,1.25,-0.19,0.05,-0.26,5.355859011020787,2.502936092279021,12.896484272081736,10.165526459531534,4.708913665135109,-23.27,-22.33,0.0,1.22,1.19,12,2008,327.6105263157895,6552.21052631579,-1244.92
2009-03-31,1470.93,179.59,0.03,0.0,539.27,353.28,567.51,0.36,0.0,1117.65,352.83,1872.38,2859.62,189.19,5996.28,4704.66,13108.62,524.35,1796.71,1739.55,5065.06,1665.94,6731.0,4162.44,5554.34,193.27,-439.4,-246.32,214.23,3.0,0.27,1.21,0.03,0.0,0.0,5.48,10.0,12.92,10.52,17.56,12.39,12.21,0.0,1.18,1.15,3,2009,0.0,5986.333333333334,179.59
2009-06-30,1828.7099999999998,175.73,0.029674096588990204,0.0,617.45,326.76,556.25,0.42,0.0,1501.9499999999998,316.34,2234.07,2540.58,158.83,6144.82,5206.59,13308.03,607.98,1542.36,672.64,4087.06,2422.31,6509.37,4715.81,5941.04,667.78,-186.29000000000008,-119.80000000000001,229.49000000000004,3.538439651738462,0.33,1.1,0.06,0.0,0.0,5.281989192840256,10.287020150849937,11.83007317347743,11.83007317347743,14.579872790723854,10.99,10.77,6.02,1.5,1.46,6,2009,0.0,5922.0,355.32
2009-09-30,2084.02,175.68,0.02977627118644068,0.0,700.25,307.1,574.4000000000001,0.53,0.0,1776.9200000000005,239.07000000000005,1346.02,3061.22,246.34,6208.87,5518.73,13764.0,681.99,1519.37,1372.9,5229.58,1888.71,7118.28,4715.81,5819.96,-146.25,-364.54999999999995,-377.25,267.29999999999995,4.450691598360655,0.43,1.22,0.09,0.0,0.0,5.108284745762712,9.806318644067797,12.069315254237289,12.01637966101695,15.311620338983051,10.17,9.86,6.18,1.19,1.14,9,2009,0.0,5900.0,531.0
2009-12-31,3206.8500000000004,-327.48,-0.048272405660377354,0.0,929.8900000000001,-176.04999999999995,138.52999999999997,0.49,14.81,3382.8999999999996,445.0999999999999,1569.43,4027.94,987.97,8228.72,6013.69,15944.25,1283.4,2373.54,1350.78,6570.1,2714.52,9284.62,4715.81,5807.43,333.03999999999996,-601.7,492.07,314.5799999999999,-2.5371637962623668,0.4,1.6,0.03,0.0,0.0,-8.238490566037736,-36.944481132075474,-22.527122641509436,-24.007476415094338,-55.67417452830189,2.43,2.37,3.58,1.25,1.1,12,2009,0.0,6784.000000000001,203.52
2010-03-31,2025.93,163.96,0.03,0.0,784.73,322.49,627.1,0.44,0.0,1703.44,320.92,338.25,0.0,0.0,2623.82,27.29,6236.76,0.0,0.0,198.92,248.08,1697.58,1945.66,4016.95,4291.09,6.82,-297.41,244.04,304.61,3.6675,0.41,0.45,0.03,0.0,0.0,10.52,13.319999999999999,15.28,13.319999999999999,21.519999999999996,8.46,8.09,5.7,10.58,10.58,3,2010,0.0,5465.333333333334,163.96
2010-06-30,2317.5299999999997,202.61999999999998,0.03316383872551693,0.02,970.3899999999999,408.11,743.36,0.47,0.0,1909.42,461.03000000000003,1724.09,4577.05,554.04,8727.18,8387.78,18181.89,1775.95,2718.49,1250.79,7767.59,3421.2,11188.8,4016.95,6102.6,720.88,-509.63999999999993,-10.030000000000001,335.25,3.541507995262067,0.31,1.83,0.06,0.02,0.33,4.466063615036282,10.25868077909324,13.287644716023784,13.464518522559878,15.520676523541926,8.65,8.44,9.0,1.12,1.05,6,2010,122.19333333333334,6109.666666666667,366.58
2010-09-30,2737.7299999999996,348.71999999999997,0.05362673004333846,0.0012089100144461486,1066.3900000000003,568.58,937.1599999999999,1.32,28.57,2169.15,542.6699999999998,1749.32,4522.25,199.67,8323.83,9722.71,19076.9,663.94,3004.7,1127.67,7030.56,4248.62,11279.18,3699.75,6911.59,1420.0399999999997,-995.31,-399.49,368.58000000000004,6.1536476256022015,0.71,1.63,0.11,0.02,0.18,7.312735915000699,15.424997623374809,20.183151125401928,21.918707115895426,21.021678176988676,10.35,10.1,7.55,1.18,1.16,9,2010,7.861212121212091,6502.727272727272,715.3
2010-12-31,2755.1099999999997,-52.00999999999999,-0.007841215757813323,0.0003925062258521241,1108.7099999999996,85.76999999999998,468.6500000000001,2.0,67.27,2669.34,473.8600000000001,1920.01,3732.61,291.84,7925.01,10357.82,19301.75,617.91,3018.42,1102.39,7832.41,4087.1,11919.51,3699.75,6568.23,957.8300000000004,-396.48000000000025,-390.67999999999995,382.8799999999999,-63.765621995770054,1.13,1.81,0.1,0.02,0.2,-1.0789512882751133,-2.4652782342565094,-3.1678511661565825,-3.362313316950353,-3.7888754541753977,6.89,6.74,5.86,1.01,0.97,12,2010,2.6034545454545537,6632.9,663.29
2011-03-31,2326.46,215.09,0.03,0.02,1154.83,445.1,872.95,2.72,28.04,1881.35,526.72,1567.96,4013.21,237.51,7303.51,9993.68,18989.09,894.83,2184.14,1376.53,7724.02,3837.14,11561.16,3699.75,6634.49,310.35,-707.33,44.93,427.85,22.667500000000004,1.52,1.74,0.03,0.02,0.67,4.52,14.12,12.96,15.760000000000002,15.8,9.32,9.25,7.28,0.95,0.91,3,2011,143.39333333333335,7169.666666666667,215.09
2011-06-30,2446.9799999999996,206.23999999999998,0.029369852609593426,-0.00042009826027104483,1172.73,427.59000000000003,902.6399999999999,2.92,87.79,2019.4,585.53,1422.36,3868.22,380.15,7335.47,10448.32,19338.58,970.29,2463.33,712.74,7608.04,4274.67,11882.71,3622.13,6696.08,798.4399999999999,-654.2499999999999,-289.79,475.04999999999995,24.857121678626843,1.58,1.77,0.06,0.02,0.33,4.268418579260913,9.104654308973963,12.315758194289511,12.88357534474165,14.56744689435834,8.89,8.83,6.49,0.96,0.91,6,2011,-2.9499999999999886,7022.166666666667,421.33
2011-09-30,2366.5600000000004,312.12000000000006,0.04255504806053583,0.02085168268684527,1194.31,547.5699999999999,1076.8500000000001,1.62,129.72,1818.9799999999996,596.6500000000001,960.26,3846.37,439.99,7131.27,10684.03,19191.66,465.22,2521.06,935.46,7647.73,3935.71,11583.44,3622.13,6841.59,926.5699999999999,-608.4300000000001,-780.2299999999999,529.2800000000001,9.517084775086502,0.86,1.69,0.1,0.04,0.43,6.502411343649874,12.630338264367033,18.247604608357765,18.16249451223669,20.937083645783627,10.35,10.27,6.96,0.93,0.87,9,2011,152.93666666666664,7334.5,733.45
2011-12-31,2442.6399999999994,339.04999999999995,0.047419580419580415,-0.0010321678321678315,1338.21,586.77,1008.8899999999999,2.06,171.86,1855.8900000000003,647.1399999999999,1581.03,3970.03,70.4,7312.42,10874.07,19460.07,547.15,3009.14,4589.65,9380.04,1980.46,11360.5,3622.13,7114.15,1107.1700000000003,-345.0200000000002,-141.3900000000001,422.1199999999999,10.857856510839111,1.05,1.6,0.15,0.04,0.29,6.967517016317015,13.100449417249413,19.068993939393938,19.827707226107222,25.176635897435897,11.29,11.19,7.18,0.78,0.77,12,2011,-7.3799999999999955,7150.0,1072.5
2012-03-31,2428.5,466.0,0.06,0.03,1317.25,701.64,1116.73,2.8,44.99,1726.86,689.42,1450.38,3869.44,60.92,7074.49,11016.81,19394.22,552.66,2828.27,2619.69,7321.01,3488.29,10809.3,3622.13,7463.33,910.16,-281.64,-759.18,415.09,11.6675,1.36,1.45,0.06,0.03,0.42,9.6,14.64,24.96,26.44,23.24,19.65,19.19,9.14,0.97,0.96,3,2012,233.0,7766.666666666667,466.0
2012-06-30,2397.6899999999996,472.08000000000004,0.06542128603104214,-0.002289356984478937,1384.2199999999998,698.58,1123.8200000000002,3.06,85.1,1699.11,790.85,1169.41,3802.77,59.35,6798.76,11160.6,19182.63,606.24,2676.4,1744.44,6238.18,4290.89,10529.07,3622.13,7523.02,928.5400000000001,-443.24,-766.2500000000001,425.24000000000007,11.694206066768343,1.47,1.4,0.13,0.03,0.19,9.843387344362954,14.634238444482346,25.10164420944909,26.550977315367557,21.780255841719256,19.56,19.44,9.11,1.09,1.08,6,2012,-16.52000000000001,7216.0,938.08
2012-09-30,2632.0700000000006,616.1999999999999,0.08721980595516894,-0.0006415832411148569,1435.0000000000005,890.24,1322.27,3.88,128.58,1741.8300000000004,842.6999999999998,1265.53,3869.76,55.63,6847.28,11100.41,19091.15,593.52,2457.28,1373.64,5758.87,4058.0,9816.87,3622.13,8139.9,1101.41,-315.5200000000001,-689.78,432.02999999999986,11.123620253164558,1.73,1.21,0.22,0.03,0.11,12.908531281365006,18.982201405152225,30.273201739712277,32.905654064904645,27.244295751087318,21.11,20.84,10.08,1.19,1.18,9,2012,-4.532727272727271,7064.909090909091,1554.28
2012-12-31,3043.59,582.22,0.08175333489351744,0.00023909112184328864,1547.0,701.5500000000002,1145.7000000000003,5.4,379.62,2342.04,988.3100000000004,1478.53,3684.82,48.91,7283.94,11077.58,19400.47,486.93,2655.65,1189.21,5867.95,3821.15,9689.1,3622.13,8691.64,1675.6699999999996,-754.7199999999998,-707.9499999999998,444.1500000000001,16.513087836213113,2.25,1.11,0.3,0.03,0.08,12.00138956236836,16.78668476480225,26.79329295576878,29.463901895623685,24.10088312660894,20.6,20.34,9.89,1.24,1.23,12,2012,1.7027272727272873,7121.666666666667,2136.5
2013-03-31,2717.22,775.61,0.11,0.09000000000000001,1613.49,1023.4,1462.9,6.8,38.46,1693.82,992.87,1934.16,3506.26,59.17,7414.2,11003.92,19803.55,459.97,2275.14,1090.33,5407.55,3548.01,8955.55,3568.7,9806.76,1204.69,-273.61,-475.45,439.5,15.455,2.47,0.91,0.11,0.09,0.82,15.680000000000001,20.88,31.64,35.92,28.440000000000005,29.29,28.54,13.18,1.37,1.36,3,2013,634.59,7051.0,775.61
2013-06-30,2703.5500000000006,715.43,0.10076208552419787,0.0006235245197982573,1644.1699999999998,956.7600000000001,1439.1399999999999,7.85,78.31,1746.7900000000002,1007.4699999999999,2307.36,3423.16,68.52,7316.74,11048.32,19677.1,522.67,2357.85,1288.82,5508.68,3254.62,8763.3,3568.7,9879.86,1446.4899999999998,118.08000000000001,-1191.37,482.38,19.476075646813804,2.84,0.89,0.21,0.09,0.43,14.548125871874666,19.557440980791927,28.96190229638373,32.89642182637622,26.831503916729265,27.8,27.51,13.71,1.33,1.32,6,2013,4.427142857142826,7100.190476190476,1491.04
2013-09-30,2837.8599999999988,754.6700000000001,0.10417538328635488,0.0017894499798663606,1667.0600000000004,998.3,1486.25,8.25,114.59,1839.5499999999997,1016.9600000000003,2768.17,3445.18,68.76,7800.87,11421.8,20456.64,721.81,2413.74,1424.59,5896.37,2879.52,8775.89,3568.7,10634.53,1342.23,-232.85999999999999,-648.5600000000002,487.94999999999993,19.79618346429565,2.77,0.83,0.31,0.09,0.29,14.759299464311956,20.243629319903285,28.38947219364923,32.15322797689818,27.502301187597688,27.44,27.19,13.74,1.32,1.31,9,2013,12.963179723502208,7244.225806451613,2245.71
2013-12-31,3001.58,756.8000000000002,0.10586342759890893,-0.0012009403745103047,1723.4099999999999,1015.3000000000002,1505.5699999999997,6.7,206.77,1986.29,1067.8599999999997,2997.08,3673.38,39.52,8259.64,12288.19,21733.39,982.55,2636.57,1761.39,6667.16,2596.98,9264.14,3568.7,11391.33,1631.46,-1177.4099999999999,-225.1500000000001,490.27,15.819910973837207,2.1,0.81,0.42,0.09,0.21,13.933643518256396,19.579692990198208,26.576761442926088,30.145871287689303,26.727994910924533,26.99,26.66,13.95,1.24,1.23,12,2013,-8.585322580645084,7148.833333333334,3002.51
2014-03-31,2995.93,851.75,0.12,0.25,1795.9,1101.85,1609.93,7.9,38.0,1894.08,1100.02,3665.53,3232.27,32.94,8479.75,12859.22,22474.29,1194.24,2587.86,1755.25,6923.22,2241.74,9164.96,3568.7,12243.08,1805.47,-325.85,-811.17,508.08,16.4575,2.3,0.75,0.12,0.25,2.08,15.16,20.84,27.840000000000003,30.92,28.360000000000003,28.81,28.43,15.98,1.22,1.22,3,2014,1774.4791666666667,7097.916666666667,851.75
2014-06-30,3057.3300000000004,885.4000000000001,0.12232449702098264,0.004842702127047196,1840.71,1164.27,1679.53,8.3,76.0,1893.06,1174.17,2267.04,3193.84,26.83,6854.44,13428.4,21400.95,1438.02,2752.4,1016.08,7101.63,1977.26,9078.89,3568.7,11253.94,1674.9399999999998,-410.53999999999996,-2662.89,515.26,16.961443133047208,2.63,0.81,0.24,0.25,1.04,16.554581930172986,22.487320035690644,31.478170566732867,33.51691218374925,32.31405462970958,29.04,28.7,16.67,0.97,0.96,6,2014,35.052083333333485,7238.125000000001,1737.15
2014-09-30,3112.6499999999996,648.1799999999998,0.08967287545119541,-0.00034075473833813165,1938.4900000000002,921.5999999999999,1443.63,6.7,123.26,2191.06,1208.6399999999999,1911.61,3202.04,26.51,6586.02,14205.74,21853.83,2068.8,2813.89,1322.74,7738.46,1713.89,9452.36,3568.7,11340.37,1526.8000000000002,-615.37,-1266.8600000000001,522.0299999999999,18.67621609738036,2.11,0.83,0.33,0.25,0.76,11.858558438455054,16.38024524908503,22.85843116046836,23.597553042975182,24.543194275005966,26.32,26.02,14.24,0.85,0.85,9,2014,-2.463068181818471,7228.272727272727,2385.33
2014-12-31,3245.2800000000007,885.5300000000002,0.12453721651186542,-0.004138472339495926,1980.1599999999999,1111.3899999999999,1628.6399999999994,7.35,162.71,2133.8900000000003,1183.3999999999996,1500.91,3169.3,27.37,9209.47,12501.71,22981.81,2457.99,2950.26,1463.49,8559.46,1495.62,10055.07,3568.7,11886.2,1802.0900000000001,-1409.5200000000002,-803.2600000000002,517.25,14.756231522365136,2.21,0.85,0.46,0.25,0.54,15.410126877946475,20.824788465418884,29.80229737744814,30.430398121594944,32.2822123845105,26.66,26.35,15.13,1.08,1.07,12,2014,-29.42687747035575,7110.565217391304,3270.86
2015-03-31,20813.91,12771.25,1.83,1.65,1692.93,18380.69,18845.02,5.75,59.51,2433.22,922.25,18909.68,3148.6,26.24,28521.12,13814.96,57408.42,1501.64,3484.86,1613.86,26295.5,15824.34,42119.84,3568.7,14168.13,867.32,33663.61,-17122.17,464.33,0.7849999999999999,1.45,2.97,1.83,1.65,0.9,89.0,184.08,360.56,386.84,236.32,387.48,61.36,241.91,1.08,1.08,3,2015,11515.061475409835,6978.825136612021,12771.25
2015-06-30,4198.75,1006.8500000000004,0.1439599436787366,0.0035704410218116056,1380.9399999999998,1269.630000000001,1758.3899999999994,5.3,113.83,2929.1200000000003,560.95,15371.21,3183.5,24.79,24809.94,16015.14,55698.36,1928.57,3508.6,1677.24,24619.02,15823.7,40442.71,3497.33,14126.11,-1964.02,-4714.66,3140.2199999999975,488.76000000000005,9.20273352535134,1.31,2.86,1.97,1.65,0.84,7.231612196166382,14.8987580290461,28.5113764597441,31.73549458923945,18.482410637170588,205.08,55.08,169.78,1.01,1.01,6,2015,24.971519514021566,6993.959390862944,13778.1
2015-09-30,3739.7000000000007,882.5499999999993,0.1264169733265577,-0.0030010121884160345,1380.67,1095.7400000000016,1604.6399999999994,5.6,170.52,2643.95,540.8399999999999,8747.37,3794.73,25.93,18944.21,17710.97,52236.4,2030.8,3428.8,1727.94,19497.11,16000.6,35497.71,3497.33,15605.53,-2597.5,-466.6900000000023,-3559.649999999998,508.9,11.088305336808121,1.26,2.27,2.1,1.65,0.79,6.759094173859953,13.484477154832824,22.62261836958114,26.20322864265907,15.259130666102784,142.46,50.99,160.96,0.97,0.97,9,2015,-20.950852066715015,6981.261904761905,14660.65
2015-12-31,4674.779999999999,1049.7600000000002,0.14900723787603254,0.11493425833116853,1121.63,1373.9599999999991,1943.9000000000015,3.24,222.97,3300.830000000001,204.99000000000024,7879.72,3088.27,21.2,17026.69,18957.71,50795.57,1518.73,3753.22,164.81,18278.99,15506.37,33785.37,3566.74,15881.68,986.48,-92.45999999999913,-1761.670000000002,569.94,5.425072040275872,0.73,2.13,2.23,1.75,0.78,8.266894829606613,16.025962301429438,26.43909591156438,30.245128319375503,18.182892184226898,112.36,47.0,128.03,0.93,0.93,12,2015,809.7149423446517,7045.026905829596,15710.41
2016-03-31,3957.14,84.69,0.01,0.3,1426.07,210.16,768.7,3.48,113.99,3746.98,533.57,12077.98,3017.29,0.0,16851.8,19978.96,50751.77,1972.65,3625.36,1838.43,17667.18,16064.98,33732.16,3566.76,15966.38,242.41,4156.59,-200.74,558.54,87.0,0.78,2.11,0.01,0.3,30.0,0.68,1.56,2.12,2.24,2.56,2.24,2.14,5.1,0.95,0.95,3,2016,2540.7,8469.0,84.69
2016-06-30,4556.24,1023.0,0.14776697451453025,-0.06699076456409284,1575.1900000000003,1348.6,1936.7,5.65,172.77,3207.6299999999997,649.63,819.45,3075.99,0.0,5175.66,21476.26,40116.83,2628.02,5396.45,1925.18,15304.96,15798.95,31103.91,3566.76,7963.84,-3389.92,-195.39000000000033,-7673.22,588.1000000000001,9.558292741935485,2.53,3.91,0.16,0.3,1.88,10.195921241502585,12.006066679305581,51.38596538742789,37.05256885951845,23.199414998781247,14.52,13.01,16.94,0.34,0.34,6,2016,-463.78125,6923.0625,1107.69
2016-09-30,4554.140000000001,967.48,0.14452733992877692,0.13973876236645674,1530.8899999999994,1309.61,1930.6399999999999,7.2,233.29,3244.54,459.54999999999995,2635.91,3067.52,0.0,7254.89,25178.36,45503.46,2684.91,3707.93,2593.93,12879.12,22621.17,35500.29,3567.89,8935.92,33.23000000000002,-428.64999999999964,2211.8900000000003,621.03,12.456639697978254,2.87,3.97,0.31,0.45,1.45,8.503802194519002,10.94678045654091,43.30225591156387,31.534933138007972,16.39219765127676,18.01,15.88,15.57,0.56,0.56,9,2016,935.4247983870969,6694.096774193548,2075.17
2016-12-31,5083.32,926.44,0.14197793850633494,0.13835507202532488,1375.8900000000003,1380.9800000000005,2225.76,7.9,337.84,3702.34,339.51,2481.8,3020.26,0.0,7389.81,27976.17,47594.12,2229.12,3949.94,2227.6,11990.29,24336.46,36326.75,2968.48,10236.06,634.1400000000003,-686.8700000000003,-101.40000000000055,844.7799999999997,13.907442386986746,2.29,3.55,0.46,0.6,1.3,7.790267756304115,10.666864249519426,36.19820136526731,28.383241793570782,14.741013789266427,19.22,16.54,13.96,0.62,0.62,12,2016,902.7999298737727,6525.239130434783,3001.61
2017-03-31,4701.63,693.25,0.11,0.25,1402.15,1001.53,1840.84,8.45,60.0,3700.1,410.24,1494.71,3031.11,0.0,6464.63,28371.98,46907.71,1782.83,3816.94,1992.26,11109.98,23358.15,34468.13,3130.39,11385.46,558.46,-790.61,-754.94,839.31,19.205,2.32,3.03,0.11,0.25,2.27,5.92,8.2,24.36,20.28,11.2,16.02,14.74,9.6,0.58,0.58,3,2017,1575.5681818181818,6302.272727272727,693.25
2017-06-30,4508.9800000000005,552.19,0.08867388232271327,-0.00301390381201532,1476.27,813.9300000000001,1707.2,8.15,118.94,3695.0499999999997,481.24,1330.15,3019.7,0.0,6527.59,29385.3,47725.0,3478.2,4393.53,4645.57,14054.6,21800.16,35854.75,3188.81,10830.28,806.8799999999999,-592.4799999999999,-378.96000000000004,893.27,22.977453412774587,2.4,3.31,0.2,0.25,1.25,4.6287766572456315,7.324462679856115,20.39499293422405,23.498578815519014,9.55904451438849,14.28,13.52,8.31,0.46,0.46,6,2017,-18.7681818181818,6227.2,1245.44
2017-09-30,4506.58,531.53,0.08375403073771645,0.20469253842214558,1428.8000000000002,793.0099999999998,1735.1800000000003,8.2,176.06,3713.5699999999997,408.1199999999999,1341.66,3259.64,0.0,6563.32,29924.04,48484.4,3542.44,3872.43,4836.59,14779.84,21915.66,36695.5,3247.43,10749.07,1345.7100000000003,-862.2500000000002,-471.9499999999998,942.1700000000001,24.4800158504694,2.48,3.41,0.28,0.45,1.61,4.391104182963134,6.6404981513475185,19.77791611563504,21.596575068796884,9.260802827284646,13.61,12.95,7.71,0.44,0.44,9,2017,1299.044642857143,6346.321428571428,1776.97
