,revenue,net_profit,eps,dps,gross_profit,ebit,ebitda,close_price,expense,operating_profit,cash,account_receivable,inventory,current_asset,property_plant_equipment,total_asset,short_term_loan,account_payable,current_portion_long_term_debt,current_liability,non_current_liability,total_liability,paid_in_capital,total_equity,cash_flow_operation,cash_flow_investment,cash_flow_financing,depreciation,P/E,P/BV,D/E,EPS,DPS,DPR%,ROA%,ROAA%,ROE%,ROAE%,ROCE%,NPM%,NPMA%,TIE,CurrentRatio,QuickRatio,month,year,dividend,number_of_shares,return_old
2000-03-31,1258.76,-0.18,-0.01,0.0,100.17,21.37,39.78,0.59,1237.39,17.77,3.93,671.51,596.44,1310.78,372.96,1714.98,846.02,544.47,33.97,1638.32,48.43,1686.75,200.0,28.22,-27.69,-2.74,20.69,18.41,-14.8275,4.2,59.77,-0.01,0.0,0.0,-0.04,0.0,-2.56,0.0,111.52,-0.01,-0.01,0.0,0.8,0.44,3,2000,0.0,18.0,-0.18
2000-06-30,1096.53,34.96,1.749005175388154,0.0,136.61,58.41,75.31,0.64,1038.11,67.39,1.56,531.7,707.49,1287.45,367.42,1690.97,766.29,506.89,34.32,1581.1,46.83,1627.93,200.0,63.04,-2.5,-10.95,11.079999999999998,16.900000000000002,0.09202374141876431,2.02,25.82,1.74,0.0,0.0,8.28264519838988,0.0,221.82210465784934,0.0,291.94313973548014,1.48,1.48,0.0,0.81,0.37,6,2000,0.0,19.98850574712644,34.78
2000-09-30,1352.35,8.869999999999997,0.442991981672394,0.0,136.36999999999998,33.92999999999999,48.72,0.53,1318.4299999999998,56.99000000000001,4.62,582.48,676.55,1308.66,356.25,1701.21,781.08,479.94,27.17,1576.85,52.31,1629.16,200.0,72.05,13.57,-3.110000000000001,-7.390000000000001,14.79,0.29526493799323567,1.48,22.61,2.18,0.0,0.0,2.0889713631156925,0.0,49.241200458190136,0.0,74.32511340206185,1.18,1.18,0.0,0.83,0.4,9,2000,0.0,20.02293577981651,43.65
2000-12-31,1072.06,35.21,1.759160537661679,0.0,108.88,64.64,78.87,0.45,1007.4299999999998,64.35,0.26,545.74,627.4,1187.61,347.73,1549.75,766.34,281.28,36.2,1327.22,115.27,1442.49,200.0,107.26,-5.699999999999999,-5.710000000000001,7.040000000000003,14.229999999999997,0.06159187730758307,0.84,13.45,3.94,0.0,0.0,9.090484402739031,0.0,131.30302815115394,0.0,143.14387522191228,1.65,1.65,0.0,0.89,0.42,12,2000,0.0,20.01522842639594,78.86
2001-03-31,838.66,-60.72,-3.04,0.0,101.59,-41.61,-28.58,0.54,880.28,47.47,0.75,458.98,510.34,1002.9,335.25,1350.95,598.06,254.5,16.92,1157.52,146.89,1304.41,200.0,46.54,22.29,-0.55,-21.25,13.03,-0.045,2.33,28.03,-3.04,0.0,0.0,-17.96,-10.84,-521.88,-649.76,-86.04,-7.34,-7.24,0.0,0.87,0.43,3,2001,0.0,19.973684210526315,-60.72
2001-06-30,481.0000000000001,-152.56,-7.625138784696174,0.0,51.889999999999986,-138.39999999999998,-125.79,0.55,619.3800000000001,-2.240000000000002,1.73,279.66,512.4,810.26,323.65,1146.31,371.53,236.99,17.3,1114.82,137.51,1252.33,200.0,-106.02,131.64000000000001,-0.6199999999999999,-130.05,12.610000000000001,-0.017475091767173573,-1.04,-11.81,-10.66,0.0,0.0,-53.24721680420105,-36.30882220555139,575.5906826706677,2839.6417404351087,-1635.5851162790698,-17.07,-16.16,0.0,0.73,0.27,6,2001,0.0,20.00750469043152,-213.28
2001-09-30,509.47,-35.629999999999995,-1.782144148487405,0.0,88.58000000000001,-26.330000000000013,-14.409999999999997,0.25,535.8199999999999,32.15,4.22,335.06,426.84,779.4,249.9,1044.23,432.61,157.93,18.05,1052.67,132.07,1184.74,200.0,-141.65,86.38,40.1,-123.96999999999997,11.920000000000002,-0.03492983440920573,-0.36,-8.36,-12.45,0.0,0.0,-13.650222168655336,-8.60582379173195,100.6131308505082,409.54101964565496,1399.8291382427383,-14.18,-13.61,0.0,0.74,0.33,9,2001,0.0,19.99277108433735,-248.91
2001-12-31,515.94,-24.450000000000017,-1.2226788849868315,0.0,62.80000000000001,-6.960000000000008,4.1200000000000045,0.25,522.8899999999999,-337.46,1.18,367.02,368.02,752.82,236.34,998.03,372.15,192.04,19.98,1037.56,126.57,1164.13,200.0,-166.1,13.52000000000001,-12.14,-4.430000000000007,11.079999999999998,-0.05590184049079751,-0.31,-7.01,-13.67,0.0,0.0,-9.799319578577705,-5.989069359086922,58.881782265144906,332.42554872695365,193.04910008779646,-12.01,-11.66,0.0,0.73,0.37,12,2001,0.0,19.997073884418434,-273.36
2002-03-31,529.22,28.43,1.42,0.0,75.01,38.16,48.18,0.3,491.06,21.94,33.62,352.14,332.87,730.8,227.7,969.54,329.45,189.43,21.66,986.86,120.35,1107.21,200.0,-137.68,36.42,3.91,-7.89,10.02,0.0525,-0.43,-8.04,1.42,0.0,0.0,11.72,13.16,-82.6,-249.56,-881.28,5.54,5.37,0.0,0.74,0.4,3,2002,0.0,20.02112676056338,28.43
2002-06-30,494.12,24.97,1.2485,0.0,90.24,33.55,43.089999999999996,0.47,460.58,43.95,43.7,338.28,445.7,842.25,218.47,1114.34,409.71,174.92,23.24,1099.54,127.5,1227.04,200.0,-112.7,27.739999999999995,-0.0900000000000003,-17.57,9.54,0.09088906688025632,-0.83,-10.89,2.67,0.0,0.0,8.959273408239701,11.858411985018726,-88.62011985018727,-91.33221722846442,906.2707191011235,5.33,5.22,0.0,0.77,0.36,6,2002,0.0,20.0,53.4
2002-09-30,553.4599999999999,12.740000000000002,0.6375778651345632,0.0,82.68,20.92,30.620000000000005,0.47,532.5300000000001,5.980000000000004,15.16,372.29,402.28,820.02,212.16,1088.32,381.09,203.98,24.78,1067.81,120.47,1188.28,200.0,-99.96,22.980000000000004,-68.38,16.86,9.700000000000003,0.18170329670329669,-0.93,-11.89,3.31,0.0,0.0,4.684560024191111,6.695530692470517,-50.98311460538253,-42.18415482310252,347.97497429694596,4.25,4.19,0.0,0.77,0.39,9,2002,0.0,19.981873111782477,66.14
2002-12-31,578.76,-6.460000000000001,-0.3225670241286864,0.0,47.76999999999998,1.6600000000000108,12.239999999999995,0.47,577.0999999999999,-21.740000000000002,11.87,411.34,323.46,786.42,202.37,1035.25,401.32,121.66,26.31,1027.93,113.75,1141.68,200.0,-106.43,36.08,-9.399999999999991,-29.97,10.580000000000002,-0.36953560371517025,-0.88,-10.73,2.98,0.0,0.0,-2.493941018766756,-4.013686327077749,24.276957104557646,18.964343163538878,-557.7205495978553,2.83,2.77,0.0,0.77,0.45,12,2002,0.0,20.026845637583893,59.68
2003-03-31,442.53,-0.66,-0.029999999999999995,0.0,49.86,7.41,15.3,0.47,435.12,-2.6,40.16,307.73,353.73,756.51,195.46,997.6,362.9,146.77,29.9,1000.26,104.42,1104.69,200.0,-107.09,24.22,-17.66,21.72,7.89,-3.8825,-0.87,-10.32,-0.03,0.0,0.0,-0.28,3.0,2.48,2.16,-1114.28,-0.15,-0.15,0.0,0.76,0.4,3,2003,0.0,22.000000000000004,-0.66
2003-06-30,745.1500000000001,329.94,16.492991982507288,0.0,69.32000000000001,338.61999999999995,345.47999999999996,0.47,406.52,1.27,113.96,304.66,326.88,824.19,189.26,1057.52,29.53,183.46,36.3,741.57,93.1,834.67,200.0,222.85,79.23,-0.6600000000000001,-21.72,6.86,0.007484997272231314,0.42,3.75,16.46,0.0,0.0,124.80966472303209,127.69543731778427,592.2246647230321,2396.3134985422744,438.95807580174926,39.41,27.72,0.0,1.11,0.67,6,2003,0.0,20.0048602673147,329.28
2003-09-30,429.3399999999999,97.08000000000004,4.854455389811429,0.0,53.59,37.38000000000005,47.03000000000003,0.47,391.9699999999999,-2.07,28.63,322.56,302.13,700.89,320.87,1063.68,267.15,46.54,114.02,495.06,248.68,743.74,200.0,319.94,-129.26,46.870000000000005,14.02,9.649999999999999,0.021959208899876383,0.29,2.32,21.32,0.0,0.0,36.50404728398538,32.45107796228541,121.37049254151425,353.0546130030961,61.41386996904028,34.84,26.37,0.0,1.42,0.81,9,2003,0.0,19.99812382739212,426.36
2003-12-31,442.82000000000016,72.75,3.633783133978482,0.0,54.75,69.54999999999995,80.51999999999998,4.96,373.2700000000002,10.73,5.1,340.22,333.96,725.27,312.09,1119.15,3.1,107.55,76.84,471.64,212.83,684.47,200.0,434.68,23.2,-8.080000000000002,-38.66,10.969999999999999,0.34303092783505157,2.28,1.57,24.93,0.0,0.0,26.003486205445693,24.516739796838372,66.94440103384024,177.30179719901426,40.78349462042436,31.16,24.23,0.0,1.54,0.83,12,2003,0.0,20.020457280385077,499.11
2004-03-31,500.6,24.04,1.05,0.0,63.04,29.85,40.12,3.18,470.76,6.59,4.16,452.77,284.19,799.69,303.16,1211.55,16.18,114.54,75.18,548.59,204.24,752.83,230.0,458.72,-1.44,-3.16,3.66,10.27,0.7574999999999998,1.59,1.64,1.05,0.0,0.0,7.919999999999999,10.8,20.96,54.68,18.0,5.04,4.8,0.0,1.46,0.94,3,2004,0.0,22.895238095238092,24.04
2004-06-30,541.11,24.07,0.10506547495323218,0.0,65.70000000000002,18.11,27.699999999999996,3.07,522.99,8.55,3.64,488.81,350.67,918.57,294.42,1333.77,0.12,119.88,50.65,661.0,189.97,850.97,230.0,482.8,-137.11,3.73,132.86,9.59,7.295450768591607,1.46,1.76,0.21,0.0,0.0,7.224502182498441,8.025001039284971,19.93242153398462,27.2970110164207,14.268892122219913,4.79,4.62,0.0,1.39,0.86,6,2004,0.0,229.0952380952381,48.11
2004-09-30,736.71,27.930000000000007,0.12121120462914257,0.0,66.22,37.309999999999995,46.32000000000001,2.47,699.4000000000001,10.309999999999999,7.5,673.91,390.47,1136.86,286.64,1555.52,20.56,133.55,68.17,831.26,213.53,1044.8,230.0,510.72,129.67000000000002,-14.280000000000001,-111.53000000000002,9.010000000000002,5.104726100966702,1.11,2.05,0.33,0.0,0.0,7.184518674381905,9.564665965281433,21.876785902156765,26.90154129405576,17.292798527091005,4.46,4.28,0.0,1.37,0.9,9,2004,0.0,230.42424242424244,76.04
2004-12-31,627.3600000000001,16.879999999999995,0.07266465777012482,0.0,60.31,25.75,43.85000000000001,1.75,601.6100000000001,17.16,2.17,640.62,366.19,1050.31,278.8,1475.06,468.8,143.13,70.39,750.86,196.6,947.46,230.0,527.6,32.33,-11.86,-25.799999999999997,18.099999999999998,6.000165876777253,0.76,1.8,0.4,0.0,0.0,4.577873439517863,6.220094705122685,12.79624623331898,14.031545415411102,11.139492036160135,3.99,3.86,0.0,1.4,0.91,12,2004,0.0,232.29999999999998,92.92
2005-03-31,875.8,19.25,0.08,0.0,101.59,37.84,46.29,2.69,837.96,42.48,5.04,807.56,344.81,1212.89,273.94,1655.8,641.83,115.31,63.35,912.89,186.55,1099.44,230.0,546.85,33.23,-5.69,-24.67,8.45,8.42,1.13,2.01,0.08,0.0,0.0,4.64,10.56,14.08,15.320000000000002,20.359999999999996,2.22,2.2,0.0,1.33,0.95,3,2005,0.0,240.625,19.25
2005-06-30,972.5900000000001,-4.6,-0.018839590443686004,0.19,90.94,22.29,30.740000000000002,1.98,950.3,27.979999999999997,75.27,794.64,375.66,1330.4,267.01,1799.85,628.32,241.53,72.37,1027.01,176.5,1203.51,230.0,565.38,98.67000000000002,3.0600000000000005,-31.5,8.45,-26.30630434782609,0.81,2.13,0.06,0.19,3.17,-1.0173378839590443,-4.822935153583617,-3.25296928327645,-3.516723549488054,-9.771467576791808,0.8,0.79,0.0,1.3,0.93,6,2005,46.39166666666667,244.16666666666669,14.65
2005-09-30,571.03,-37.76,-0.163392470791865,-0.010742824174239178,22.710000000000008,-34.09,-27.300000000000004,1.32,605.1200000000001,-33.849999999999994,159.74,219.48,256.21,763.97,417.16,1381.12,235.29,179.5,174.7,662.36,165.65,828.01,230.0,527.63,144.66,-155.21,95.52000000000001,6.790000000000003,-2.0227370233050848,0.58,1.57,-0.1,0.19,-1.9,-10.91461704889658,11.568186932064041,-28.626360882734744,-29.08385980095197,23.65922977066205,-0.96,-0.96,0.0,1.15,0.77,9,2005,-2.482666666666674,231.1,-23.11
2005-12-31,275.48,-43.379999999999995,-0.16963152353737404,0.018299894721010665,18.109999999999985,-42.8,-32.239999999999995,0.86,318.27,-39.3,76.76,209.96,199.31,688.56,550.62,1424.38,150.6,277.09,44.85,545.8,154.4,700.2,403.26,657.5,42.01999999999998,-157.35,31.839999999999996,10.559999999999999,-1.2683373674504381,0.53,1.06,-0.26,0.19,-0.73,-12.187372537223641,-3.027270266205444,-26.384226199428486,-29.281010678297488,-4.9845570762520675,-2.5,-2.47,0.0,1.26,0.9,12,2005,4.6798461538461495,255.7307692307692,-66.49
2006-03-31,204.26,-43.77,-0.11,0.0,1.12,-37.68,-28.34,1.31,241.93,-51.02,16.2,180.2,318.26,724.71,610.76,1502.48,177.76,388.46,45.5,687.72,143.15,830.87,403.26,613.73,17.87,-67.54,-10.89,9.34,-2.9775,0.86,1.35,-0.11,0.0,0.0,-11.640000000000002,-9.56,-28.520000000000003,-30.16,-18.48,-25.02,-21.43,0.0,1.05,0.59,3,2006,0.0,397.90909090909093,-43.77
2006-06-30,474.13,-56.57,-0.14094578433326688,0.0,12.120000000000001,-49.46,-40.31,0.69,523.5999999999999,-26.96,13.75,470.85,316.97,1000.18,618.4,1749.5,162.84,705.76,46.15,1004.76,131.9,1136.66,403.26,557.16,7.52,-14.289999999999992,4.32,9.149999999999999,-1.2238748453243768,0.5,2.04,-0.25,0.0,0.0,-12.944460833167232,-11.072700817221447,-40.614937213474185,-40.321769982060985,-26.38505082718756,-15.72,-14.79,0.0,1.0,0.68,6,2006,0.0,401.36,-100.34
2006-09-30,395.7800000000001,68.32,0.1706933166770768,0.0,39.3,81.0,89.83000000000001,0.75,314.78,-2.739999999999995,23.63,302.74,256.13,866.01,610.27,1496.31,262.53,350.15,48.96,759.96,119.85,879.81,403.26,558.65,35.76,-4.219999999999999,-21.49,8.830000000000002,1.0990471311475414,0.54,1.57,-0.08,0.0,0.0,18.264184884447218,3.669906308557151,48.9036352279825,50.354528419737655,7.083772642098686,-3.4,-2.98,0.0,1.14,0.8,9,2006,0.0,400.25000000000006,-32.02
2006-12-31,154.83999999999992,-32.99999999999999,-0.08120578283605044,0.0,6.68,-20.759999999999998,-11.74,0.75,175.60000000000014,-29.599999999999994,3.1,94.5,341.7,656.87,594.74,1266.97,171.92,268.8,49.66,573.0,107.4,680.4,403.26,525.66,-150.18,119.86,9.629999999999999,9.020000000000003,-2.3101803030303034,0.58,1.29,-0.16,0.0,0.0,-10.414641648723467,-4.060289141802522,-25.112888342048596,-22.31128883420486,-7.876960935096892,-6.03,-5.29,0.0,1.15,0.55,12,2006,0.0,406.37499999999994,-65.02
2007-03-31,120.78,-79.1,-0.19,0.0,2.56,-69.44,-60.71,0.69,190.22,-41.44,3.3,91.72,338.29,552.94,526.89,1186.22,113.89,254.13,50.7,583.09,94.95,678.04,403.26,446.56,-62.56,-7.86,70.62,8.73,-0.9075,0.62,1.52,-0.19,0.0,0.0,-26.68,-20.68,-70.84,-59.68,-46.04,-72.09,-65.49,0.0,0.95,0.37,3,2007,0.0,416.31578947368416,-79.1
2007-06-30,78.66999999999999,-1.5,-0.003722084367245658,0.0,-4.52,6.960000000000001,13.530000000000001,0.63,71.70000000000002,-62.269999999999996,8.57,39.87,427.98,590.74,521.82,1210.81,145.47,291.15,31.85,611.21,93.34,704.55,403.26,445.06,-25.429999999999993,30.189999999999998,0.5099999999999909,6.57,-42.315,0.57,1.58,-0.2,0.0,0.0,-0.49578163771712164,-0.3141439205955335,-1.3481389578163774,-1.1970223325062035,-0.7756823821339951,-51.0,-40.41,0.0,0.97,0.27,6,2007,0.0,402.99999999999994,-80.6
2007-09-30,101.41000000000003,-12.980000000000004,-0.03190211583671726,0.0,12.940000000000001,-4.18,-1.9299999999999997,0.56,105.60999999999996,-9.440000000000012,16.95,28.69,398.36,533.8,516.48,1152.34,116.33,273.99,43.14,579.2,80.54,659.74,403.26,432.08,-44.61,43.36,9.63000000000001,2.25,-4.379803543913712,0.52,1.53,-0.23,0.0,0.0,-4.505133575550332,-2.79074161145544,-12.017388330839927,-10.480538576618939,-6.452549690104726,-36.81,-31.1,0.0,0.92,0.23,9,2007,0.0,406.86956521739125,-93.58
2007-12-31,120.05000000000001,8.730000000000004,0.021606364172068366,0.0,10.079999999999998,16.959999999999994,19.34,0.46,103.08000000000004,16.370000000000005,0.69,15.85,304.53,425.93,428.35,1091.13,79.62,236.23,58.9,525.09,65.03,590.13,403.26,440.81,114.36999999999999,12.36,-142.99,2.379999999999999,5.321348797250856,0.42,1.34,-0.21,0.0,0.0,3.2018573954036555,1.736740129640543,7.922333529758402,7.2268143783146765,3.6134071891573383,-23.24,-20.16,0.0,0.81,0.23,12,2007,0.0,404.04761904761904,-84.85
2008-03-31,61.41,-2.68,-0.01,0.0,-0.64,8.55,10.64,0.64,52.86,-13.32,0.52,11.68,316.7,439.91,423.66,1091.0,117.69,206.61,77.3,547.91,41.53,589.44,403.26,438.13,-1.51,6.44,-5.1,2.09,-16.0,0.59,1.35,-0.01,0.0,0.0,-1.0,3.0,-2.44,-2.44,6.28,-6.78,-4.36,0.0,0.8,0.22,3,2008,0.0,268.0,-2.68
2008-06-30,106.07,-22.45,-0.06253481894150419,0.0,11.440000000000001,-16.41,-14.22,0.8,122.48,-2.4800000000000004,15.68,12.57,260.35,391.68,422.61,1089.45,134.33,192.3,20.92,522.05,92.78,614.83,403.26,415.68,30.71,-0.020000000000000462,-15.53,2.1900000000000004,-3.1986180400890865,0.78,1.48,-0.07,0.0,0.0,-8.254596100278551,-2.429924393155591,-21.619180262634302,-20.86876243533625,-4.967051333068046,-15.75,-15.0,0.0,0.75,0.25,6,2008,0.0,358.99999999999994,-25.13
2008-09-30,74.59,-7.570000000000004,-0.016204892966360865,0.0,7.239999999999998,-4.22,-1.9299999999999997,0.47,78.81,-8.25,1.02,44.98,242.41,373.81,424.54,1032.93,40.54,177.96,25.89,327.22,82.31,409.53,600.0,565.51,-50.46,-2.4899999999999998,38.29,2.29,-7.246268163804489,0.5,0.72,-0.07,0.0,0.0,-2.9354006116207962,-1.027853211009175,-5.352244648318045,-6.074519877675843,-1.5834495412844043,-14.31,-13.51,0.0,1.14,0.4,9,2008,0.0,467.14285714285717,-32.7
2008-12-31,20.420000000000016,-27.979999999999997,-0.059943968358602495,0.0,-2.389999999999999,-25.25,-22.08,0.27,45.66999999999999,-18.650000000000002,0.91,23.07,337.71,441.45,431.28,1106.74,131.36,188.93,29.93,435.56,77.54,513.1,600.0,537.52,-65.11999999999999,-8.1,73.10000000000001,3.17,-1.1277197998570407,0.3,0.95,-0.13,0.0,0.0,-10.107475280158207,-6.271061305207646,-20.82361239288068,-22.870929466051418,-10.25502966381015,-24.66,-23.12,0.0,1.01,0.24,12,2008,0.0,466.7692307692308,-60.68
2009-03-31,40.8,-14.49,-0.04,0.0,3.9,-10.93,-8.38,0.34,51.73,1.49,0.72,25.9,333.37,442.96,428.94,1101.87,127.47,186.71,1.65,442.53,81.35,523.88,600.0,523.03,15.44,-3.18,-12.45,2.55,-2.125,0.39,1.0,-0.04,0.0,0.0,-5.28,-4.0,-11.08,-12.08,-6.64,-38.13,-35.51,0.0,1.0,0.25,3,2009,0.0,362.25,-14.49
2009-06-30,33.75,-1.0,-0.0019367333763718527,0.0,6.35,5.52,8.88,0.4,28.229999999999997,-15.200000000000001,1.3,38.64,265.43,378.74,490.51,1092.72,101.17,178.13,9.33,382.37,130.37,512.74,600.0,522.03,34.71,-0.7799999999999998,-33.34,3.3600000000000003,-51.620425000000004,0.46,0.98,-0.03,0.0,0.0,-0.3666881859264041,-0.1291155584247902,-0.7669464170432537,-0.8521626856036152,-0.19625564880568108,-24.93,-20.78,-0.68,0.99,0.3,6,2009,0.0,516.3333333333334,-15.49
2009-09-30,53.61,-14.12,-0.02384329618372172,0.0,4.34,-8.86,-4.07,0.51,62.47000000000001,-12.75,2.39,30.17,246.59,347.78,485.3,1068.71,34.78,181.58,13.29,339.93,162.19,502.13,600.0,507.9,42.35,-14.849999999999998,-26.4,4.789999999999999,-5.347415014164306,0.6,0.99,-0.05,0.0,0.0,-5.283674434312732,-2.5941506247889228,-11.120513340087808,-10.529199594731509,-3.738628841607565,-26.93,-23.1,-1.2,1.02,0.3,9,2009,0.0,592.1999999999999,-29.61
2009-12-31,43.140000000000015,-233.97999999999996,-0.39057323874198563,0.0,-5.890000000000001,-243.68999999999997,-238.91,0.45,286.84,-26.71,0.78,17.08,229.62,266.77,355.01,762.23,45.44,179.34,90.31,388.33,101.72,490.05,600.0,270.07,-3.8799999999999955,-0.26000000000000156,2.519999999999996,4.780000000000001,-0.28727006581759124,1.0,1.81,-0.44,0.0,0.0,-122.78202359725329,-97.99837626617095,-346.5449827383436,-231.78746386433477,-244.9604340073599,-172.97,-153.88,-17.15,0.69,0.1,12,2009,0.0,599.0681818181818,-263.59
2010-03-31,33.09,-10.98,-0.02,0.0,2.92,-4.79,-0.07,0.34,37.88,-10.98,0.78,7.76,215.35,243.39,453.32,734.29,41.82,173.73,130.43,421.09,51.56,472.66,600.0,259.08,19.72,-4.59,-15.12,4.72,-4.25,0.79,1.82,-0.02,0.0,0.0,-6.0,-2.08,-16.96,-11.24,-6.12,-43.75,-33.18,-2.16,0.58,0.07,3,2010,0.0,549.0,-10.98
2010-06-30,35.75,-16.57,-0.030072595281306715,0.0,1.5200000000000005,-10.260000000000002,-5.41,0.35,46.01,-10.91,1.01,17.98,198.3,238.07,219.56,719.63,44.61,175.29,131.17,429.48,45.25,474.74,600.0,242.52,1.5100000000000016,2.3499999999999996,-3.6400000000000023,4.8500000000000005,-2.909625829812915,0.87,1.96,-0.05,0.0,0.0,-9.214243194192377,-3.9936406533575317,-27.32997459165154,-17.345872958257715,-12.486141560798549,-47.12,-40.02,-5.05,0.55,0.09,6,2010,0.0,551.0,-27.55
2010-09-30,44.94,3.3599999999999994,0.005556014882182719,0.0,14.149999999999999,12.56,16.759999999999998,0.44,32.370000000000005,0.3200000000000003,0.82,21.66,189.12,265.35,421.83,718.74,42.74,165.17,131.48,431.72,37.91,469.62,600.0,245.88,9.079999999999998,-8.16,-1.0999999999999979,4.199999999999999,19.798363095238102,1.07,1.91,-0.04,0.0,0.0,1.8723770152955765,0.15556841670111615,5.467118644067796,3.5669615543613054,0.4833732947498965,-27.06,-21.26,-0.54,0.61,0.18,9,2010,0.0,604.75,-24.19
2010-12-31,50.56999999999999,-18.88,-0.030684931506849318,0.0,12.25,-17.79,-13.01,0.4,68.36999999999999,-5.789999999999999,1.0,24.98,193.55,271.23,505.91,807.02,47.11,166.54,130.34,442.42,31.04,473.46,600.0,332.29,5.290000000000003,0.33000000000000007,-5.449999999999999,4.780000000000001,-3.2564843750000003,0.72,1.42,-0.07,0.0,0.0,-9.363287671232875,-4.5238356164383555,-22.724383561643837,-25.073972602739723,-9.749041095890409,-31.41,-26.21,-3.0,0.61,0.18,12,2010,0.0,615.2857142857142,-43.07
2011-03-31,67.41,-1.33,0.0,,31.7,4.4,8.3,0.38,63.01,6.94,0.92,22.06,186.93,297.9,315.47,808.13,46.08,170.7,72.92,390.14,86.38,476.53,600.0,330.54,12.2,-2.27,-10.02,3.9,0.0,0.69,1.44,0.0,0.0,0.0,-0.64,2.28,-1.6,-1.8,4.2,-2.02,-1.97,1.52,0.76,0.28,3,2011,,-inf,-1.33
2011-06-30,90.1,23.020000000000003,0.042452743199631174,,49.0,27.189999999999998,31.279999999999998,0.92,62.910000000000004,30.19,1.09,20.36,219.96,290.47,316.25,788.17,39.84,160.29,56.51,352.02,81.88,433.91,600.0,353.56,27.34,8.42,-35.57000000000001,4.09,5.417788879235447,1.56,1.23,0.04,0.0,0.0,11.674504379898572,17.78769940064546,26.02353158137391,30.90559704933149,30.735786076532968,13.97,13.77,4.83,0.83,0.2,6,2011,,542.25,21.69
2011-09-30,154.3,60.010000000000005,0.10283231334149329,0.0,76.11999999999999,63.269999999999996,67.5,1.78,91.04,43.85,0.76,21.92,225.09,278.68,315.85,772.19,20.21,164.38,19.63,281.76,76.6,358.36,600.0,413.56,30.800000000000004,41.9,-73.03999999999999,4.23,4.325974837527079,2.58,0.87,0.14,0.0,0.0,31.084739290085682,37.372200734394134,58.05618604651164,72.80527784577724,56.822198286413716,28.01,26.2,7.32,0.99,0.19,9,2011,0.0,583.5714285714286,81.7
2011-12-31,130.18,30.39999999999999,0.051525423728813545,0.0,81.99000000000001,31.099999999999994,35.55999999999999,3.84,99.05999999999997,50.05999999999999,18.11,41.45,237.93,308.18,302.09,787.44,30.58,223.76,28.19,289.04,55.97,345.02,600.0,443.97,29.679999999999993,-1.4899999999999949,-10.840000000000003,4.459999999999999,18.631093750000005,5.19,0.78,0.19,0.0,0.0,15.446779661016945,17.138983050847454,27.38983050847457,31.327457627118633,27.411525423728804,26.91,25.36,7.15,1.07,0.24,12,2011,0.0,590.0,112.1
2012-03-31,169.13,54.38,0.09,0.05,84.53,58.04,62.62,4.7,111.09,50.57,42.89,68.28,277.51,402.55,307.11,887.37,108.37,222.9,31.8,369.59,50.56,420.15,360.0,468.35,-7.42,-6.46,38.66,4.58,13.055,3.61,0.9,0.09,0.05,0.56,24.52,27.400000000000002,46.44,54.43999999999999,44.84,33.76,32.15,32.98,1.09,0.34,3,2012,30.211111111111116,604.2222222222223,54.38
2012-06-30,159.51,43.23,0.07086159204999487,0.00047866224999714785,82.32,46.85,51.76,5.05,112.65,50.88,29.49,71.57,319.09,430.32,309.82,915.8,101.81,225.13,29.15,361.18,44.61,405.78,360.0,511.58,9.99,-3.96,-19.429999999999996,4.91,17.81501040943789,3.55,0.79,0.16,0.05,0.31,18.884614281323632,21.80765495338592,33.80097940784755,39.983653314209604,33.499817641635076,30.19,29.7,25.27,1.19,0.31,6,2012,0.292013888888885,610.0625,97.61
2012-09-30,175.39,45.92,0.0767839476067721,0.04899498362711629,80.63,53.64,58.97,7.3,121.75999999999999,42.760000000000005,2.57,85.16,310.71,416.84,308.98,900.98,71.92,224.68,28.3,337.39,37.11,374.5,360.0,527.5,49.37,-9.24,-67.05,5.33,23.77059342334495,4.98,0.71,0.24,0.1,0.42,20.386138089597992,24.250930119138854,34.82152023967115,39.03184003344249,35.99887410297499,29.33,28.48,24.97,1.24,0.31,9,2012,29.301041666666674,598.0416666666667,143.53
2012-12-31,205.01999999999998,54.59,0.0909282253179891,0.0503867605491621,95.60999999999999,54.16999999999999,59.870000000000005,7.0,150.85000000000002,40.22,2.43,111.89,277.0,407.34,116.19,703.23,51.18,27.74,29.89,115.52,36.11,151.63,360.0,552.11,65.72,-7.030000000000001,-58.839999999999996,5.699999999999999,19.24402454662026,4.56,0.27,0.33,0.15,0.45,31.04785584494246,31.4556551584898,39.54551181102363,43.84393700787402,39.88718150615788,29.12,27.94,42.88,3.53,1.13,12,2012,30.250378787878773,600.3636363636364,198.12
2013-03-31,200.57,41.45,0.07,0.0,102.16,54.87,60.61,10.3,145.7,50.43,13.64,123.26,315.37,507.07,113.53,822.9,110.28,34.79,29.66,177.32,37.34,214.66,360.0,608.83,8.13,-37.27,40.36,5.74,36.785,6.09,0.35,0.07,0.0,0.0,20.16,25.68,27.24,30.8,34.0,21.14,20.67,24.83,2.86,1.08,3,2013,0.0,592.1428571428571,41.45
2013-06-30,223.03000000000003,36.019999999999996,0.06044404285529882,0.12,104.94,48.410000000000004,54.22,7.25,174.63,53.57,0.66,140.64,305.19,498.93,109.44,806.54,121.06,41.02,26.22,200.03,34.37,234.4,360.0,572.84,60.63999999999999,4.170000000000002,-77.78999999999999,5.8100000000000005,29.986826068850643,4.56,0.41,0.13,0.12,0.92,17.87283851813605,22.299202271847165,25.14472182780431,26.576780689299078,31.67267845617658,18.42,18.29,23.74,2.49,0.97,6,2013,71.51076923076923,595.9230769230769,77.47
2013-09-30,227.82999999999993,50.22,0.08259221552196726,0.06239281432796979,118.39000000000001,67.91999999999999,73.77,5.45,159.90000000000003,67.00999999999999,56.6,144.45,300.91,522.74,107.11,824.04,110.14,41.95,20.06,191.8,34.94,226.74,364.55,598.1,63.290000000000006,29.55,-36.910000000000004,5.849999999999998,16.4951986260454,3.32,0.38,0.21,0.18,0.86,24.38436839219986,31.227723392591436,33.587500978933356,35.69556895606547,42.60185135875949,19.73,19.6,27.66,2.73,1.16,9,2013,37.9378021978022,608.047619047619,127.69
2013-12-31,225.33000000000004,33.30000000000001,0.055848189328529745,0.05644130513873977,105.34999999999997,46.620000000000005,53.170000000000016,4.96,178.71000000000004,51.129999999999995,68.73,121.03,297.19,597.62,118.24,915.43,130.68,85.49,8.77,254.9,35.52,290.42,374.12,625.89,126.0,-114.34,0.46999999999999886,6.550000000000001,22.202599849849843,2.96,0.46,0.27,0.24,0.89,14.553624448723527,22.264811478973858,21.280228585626443,22.612311323684704,27.287011615628305,18.61,18.36,39.18,2.34,1.18,12,2013,33.6536507936508,596.2592592592592,160.99
2014-03-31,223.2,40.63,0.06,0.0,105.44,53.16,59.6,5.0,170.03,41.25,85.89,117.29,301.04,546.2,112.84,927.82,116.18,40.65,6.34,199.72,35.79,235.51,382.18,693.38,-9.18,14.08,12.27,6.44,20.8325,2.76,0.34,0.06,0.0,0.0,17.52,24.280000000000005,23.44,24.96,29.199999999999996,19.23,18.2,51.12,2.73,1.23,3,2014,0.0,677.1666666666667,40.63
2014-06-30,242.05,46.089999999999996,0.07440728782287824,0.12,127.12,60.980000000000004,67.60999999999999,5.6,181.08,59.11,75.11,152.18,324.78,597.27,110.77,978.17,161.58,41.66,3.83,235.75,36.7,272.45,395.74,706.92,-16.06,-3.84,9.11,6.63,18.815361249728795,3.13,0.39,0.14,0.12,0.86,18.856932656826565,27.190548892988925,26.08506918819188,28.80625,32.67542896678967,19.21,18.64,53.59,2.53,1.16,6,2014,74.33142857142856,619.4285714285713,86.72
2014-09-30,258.55999999999995,26.370000000000005,0.041971880802900347,0.06169018354534317,124.64999999999998,37.44000000000001,44.34000000000002,6.45,221.13,34.80999999999999,70.44,152.96,317.17,566.5,118.43,957.44,156.93,49.06,3.02,226.31,38.06,264.38,395.74,693.74,35.849999999999994,6.4,-46.92,6.899999999999999,38.415004740235105,3.68,0.38,0.18,0.18,1.0,11.015286939605625,15.8746980281192,15.203147935272796,16.331725174639672,19.335046423202762,15.99,15.62,44.85,2.5,1.1,9,2014,38.75857142857144,628.2777777777778,113.09
2014-12-31,294.36,-20.909999999999997,-0.0317574311130397,0.06824256888696027,33.04000000000002,-19.830000000000013,-11.870000000000005,6.0,314.17999999999995,-49.97999999999999,59.71,203.06,202.57,522.98,121.4,918.12,159.72,55.31,2.98,243.13,43.15,286.28,395.74,632.74,54.120000000000005,-34.09,-30.759999999999998,7.960000000000001,-47.236188426590154,3.75,0.45,0.14,0.24,1.71,-9.109845953569101,-13.03869385983944,-13.220164894771099,-13.29275330874376,-17.711573009329566,9.49,9.05,28.83,2.15,1.32,12,2014,44.93285714285713,658.4285714285714,92.18
2015-03-31,300.03,41.42,0.06,0.0,160.75,58.84,66.31,7.25,241.19,54.53,100.89,212.52,212.55,569.55,177.88,980.36,175.63,61.42,2.75,264.3,43.11,307.42,395.74,674.17,21.92,12.37,6.88,7.47,30.207500000000003,4.26,0.46,0.06,0.0,0.0,16.88,24.68,24.56,24.24,32.88,14.01,13.81,39.23,2.15,1.35,3,2015,0.0,690.3333333333334,41.42
2015-06-30,291.01,64.83,0.09762635294117647,0.12,161.45999999999998,65.69,73.35,5.75,225.32,64.94,62.99,228.04,212.24,541.06,171.41,941.58,162.78,51.22,3.41,236.99,46.31,283.29,395.74,659.84,58.459999999999994,2.630000000000001,-98.99,7.660000000000001,14.725532161036556,3.45,0.43,0.16,0.12,0.75,27.530631529411764,31.655344941176473,39.29460705882353,37.95224470588236,43.12644141176471,18.14,17.98,43.54,2.28,1.39,6,2015,79.6875,664.0625,106.25
2015-09-30,301.71000000000004,37.889999999999986,0.05783127514916052,0.05837345636187039,167.68,56.129999999999995,63.70000000000002,6.8,245.57000000000005,54.55000000000001,12.59,228.2,196.69,538.45,188.81,953.56,158.72,64.06,2.99,250.71,46.44,297.14,395.74,658.16,95.4,-95.42,-50.36999999999999,7.5699999999999985,29.396723409870685,4.09,0.45,0.22,0.18,0.82,15.89834327736922,19.883443874011373,23.027362286665735,22.417505203274587,27.022977660607737,16.27,16.15,43.85,2.15,1.36,9,2015,38.24522727272726,655.1818181818181,144.14
2015-12-31,312.22,65.52000000000001,0.10000190785080608,0.06000156096884135,160.10000000000002,85.54999999999998,92.83999999999997,6.75,226.68999999999994,73.94,15.62,222.66,198.34,538.53,229.09,1001.18,133.95,57.56,2.7,227.5,57.6,285.1,395.74,718.24,82.58000000000001,-21.200000000000003,-58.35000000000002,7.289999999999999,16.871678113553113,3.72,0.4,0.32,0.24,0.75,26.175499379948494,34.67566154726701,36.48819612706287,38.80074024611276,43.01332061432796,17.67,17.4,50.61,2.37,1.5,12,2015,39.31227272727274,655.1875,209.66
2016-03-31,338.0,68.31,0.1,0.0,186.69,91.07,99.21,7.4,246.94,82.07,116.94,251.85,188.61,662.3,228.9,1129.95,155.36,81.09,2.28,288.24,57.52,345.75,395.74,786.51,70.9,8.58,21.84,8.14,18.5,3.72,0.44,0.1,0.0,0.0,24.2,34.52000000000001,34.76,37.4,43.28,20.79,20.21,77.84,2.3,1.64,3,2016,0.0,683.1,68.31
2016-06-30,404.1,61.74000000000001,0.09494809688581317,0.14,223.42000000000002,81.96000000000001,89.76,9.6,322.13000000000005,77.24000000000001,12.82,284.94,248.21,730.12,226.43,1214.32,251.99,103.33,2.36,400.23,57.79,458.02,395.74,755.91,-5.0,-102.24,3.120000000000001,7.799999999999999,25.27696793002915,5.03,0.61,0.2,0.14,0.7,20.33788235294118,30.478339100346023,32.66214532871972,34.88393079584775,40.35294117647059,17.87,17.52,68.12,1.82,1.2,6,2016,91.03500000000001,650.25,130.05
2016-09-30,372.18999999999994,72.73999999999998,0.11119581833423736,0.07083707283396616,204.36,79.99000000000001,87.48999999999998,12.4,292.19999999999993,73.28999999999999,11.33,265.06,274.66,707.59,230.76,1215.54,254.02,89.01,3.0,371.17,61.65,432.82,395.74,782.48,46.97999999999999,-4.480000000000004,-43.99,7.500000000000002,27.87874621941161,6.27,0.55,0.31,0.21,0.68,23.93220967503328,33.473528280487194,37.18962078997978,40.38919078850041,43.00049903841411,18.56,18.2,59.96,1.91,1.17,9,2016,46.338870967741926,654.1612903225806,202.79
2016-12-31,338.71000000000004,61.03999999999999,0.09254444149641815,0.07172365391692845,186.13,79.66,87.08000000000004,12.3,259.05999999999995,79.26000000000002,10.1,276.46,315.2,715.57,254.8,1235.97,260.68,85.48,4.81,378.11,60.37,438.48,395.74,797.35,34.120000000000005,10.040000000000006,-45.379999999999995,7.419999999999998,33.22727924311927,6.1,0.55,0.4,0.28,0.7,19.758238259485275,27.52271690103475,30.622955691164766,32.223974529052796,35.88873441231095,18.45,18.16,53.57,1.89,1.06,12,2016,47.307129032258075,659.5749999999999,263.83
2017-03-31,384.48,79.99,0.09,0.0,206.08,103.02,110.35,11.2,281.46,91.25,12.07,278.06,292.03,700.02,262.28,1226.73,158.38,79.09,4.78,288.54,61.22,349.76,395.74,876.79,104.69,-5.48,-97.24,7.33,31.11,5.06,0.4,0.09,0.0,0.0,26.08,34.96,36.48,38.48,43.92,21.48,20.8,57.55,2.43,1.41,3,2017,0.0,888.7777777777777,79.99
2017-06-30,362.99,61.959999999999994,0.06983867558999649,0.14,196.4,78.02,85.27000000000001,8.55,284.96999999999997,74.13,11.34,281.76,298.04,717.13,269.26,1223.51,161.95,96.5,4.67,310.64,60.0,370.64,528.0,851.8,70.36000000000001,16.28,-87.37000000000002,7.25,30.607682375726274,5.3,0.44,0.16,0.14,0.88,20.253215921098978,25.92760831278619,29.087808383233533,30.833775272983445,34.622523423740745,19.43,18.99,61.37,2.31,1.35,6,2017,124.20625,887.1874999999999,141.95
2017-09-30,398.23,66.67000000000002,0.07669830313488642,0.06711101524302558,222.63,86.35999999999999,93.50999999999999,8.2,311.86,79.67000000000002,14.54,328.06,302.58,752.94,278.49,1279.07,218.26,107.1,4.57,361.07,59.67,420.74,528.0,856.87,29.549999999999983,-20.380000000000003,-5.969999999999999,7.15,26.73070871456427,5.05,0.49,0.24,0.21,0.88,20.849155402166623,27.406860320199414,31.126728022241405,32.53286357971432,37.23702617198735,18.6,18.21,62.77,2.09,1.25,9,2017,58.33624999999999,869.25,208.62
