,revenue,net_profit,eps,dps,gross_profit,ebit,ebitda,close_price,allowance_doubtful_accounts,expense,cash,property_plant_equipment,total_asset,total_liability,paid_in_capital,total_equity,cash_flow_operation,cash_flow_investment,cash_flow_financing,depreciation,P/E,P/BV,D/E,EPS,DPS,DPR%,ROA%,ROAA%,ROE%,ROAE%,NPMA%,TIE,month,year,operating_profit,dividend,ROCE%,number_of_shares,return_old
2000-03-31,386.1,148.37,0.1,0.0,,159.98,176.11,1.68,28.66,226.12,460.57,184.8,7135.96,1593.22,14930.53,5506.41,-273.66,-1163.29,3.63,16.13,4.19,4.55,0.29,0.1,0.0,0.0,8.32,0.0,10.76,0.0,38.43,0.0,3,2000,,0.0,,1483.7,148.37
2000-06-30,352.16999999999996,132.7,0.08970363254705233,0.0,,172.71,190.07,1.3,39.44,179.46999999999997,342.5,199.18,7811.31,2154.58,14930.53,5616.26,2498.12,-2532.17,-3.63,17.360000000000003,3.6219269027882444,3.46,0.38,0.19,0.0,0.0,6.798591098302914,0.0,9.442487636531824,0.0,38.07,0.0,6,2000,,0.0,,1479.3157894736842,281.07
2000-09-30,205.43000000000006,-32.629999999999995,-0.022327725004025117,0.0,,-32.51999999999998,-22.20999999999998,0.68,29.87,237.94,441.51,210.94,8144.33,2412.62,14930.53,5692.88,-1661.88,212.6300000000001,1398.95,10.309999999999995,-7.651921544590867,1.79,0.42,0.17,0.0,0.0,-1.6023426179359197,-0.0,-2.2905619062952827,-0.0,26.33,0.0,9,2000,,0.0,,1461.4117647058822,248.44
2000-12-31,162.0,-184.72,-0.11595731324544883,0.0,,-148.86,-133.05000000000004,0.75,25.72,310.86,280.26,206.46,7459.17,1900.01,14930.53,5514.74,-1055.67,881.8299999999999,26.079999999999927,15.810000000000002,-1.6230110437418794,2.04,0.34,0.04,0.0,0.0,-9.85637162586315,-0.0,-13.451048336472065,-0.0,5.76,0.0,12,2000,,0.0,,1593.0,63.72
2001-03-31,257.85,41.04,0.03,0.0,,53.95,73.18,1.44,5.87,203.9,325.21,193.42,7774.04,2046.68,14933.31,5685.4,528.26,-407.83,-185.18,19.23,11.9725,3.77,0.36,0.03,0.0,0.0,2.12,2.88,2.88,2.92,15.92,0.0,3,2001,,0.0,,1368.0,41.04
2001-06-30,252.45999999999998,35.1,0.023049645390070924,0.0,,51.75,67.16,1.3,0.0,200.72,251.18,194.63,8079.25,2306.79,14933.38,5724.3,-51.599999999999966,44.91999999999996,-89.59999999999997,15.41,14.1,3.39,0.4,0.05,0.0,0.0,1.7333333333333334,2.452482269503546,2.452482269503546,2.470921985815603,14.92,0.0,6,2001,,0.0,,1522.8,76.14
2001-09-30,126.93,-90.18,-0.06423076923076924,0.0,,-82.45,-136.59,0.75,0.0,209.37,247.28,180.45,8065.54,2439.04,14933.48,5626.5,106.69999999999999,-85.82999999999998,-21.24000000000001,-54.14,-2.929281437125748,2.0,0.43,-0.01,0.0,0.0,-4.367692307692308,7.450769230769231,-6.423076923076923,-6.423076923076923,-2.2,0.0,9,2001,,0.0,,1403.9999999999998,-14.04
2001-12-31,193.96000000000004,36.45,0.032530120481927716,0.0,,41.900000000000006,72.0,1.38,0.0,152.05999999999995,411.97,165.86,7721.67,2060.06,14933.53,5661.61,258.52,-90.21000000000004,-4.090000000000032,30.1,10.5702037037037,3.63,0.36,0.02,0.0,0.0,1.886746987951807,5.595180722891567,2.6024096385542173,2.6024096385542173,2.7,0.0,12,2001,,0.0,,1120.5,22.41
2002-03-31,528.23,247.34,0.17,0.0,,254.94,273.31,1.64,34.1,273.29,387.14,177.72,8117.97,2210.49,14940.36,5907.48,-32.86,0.18,6.81,18.37,2.405,4.14,0.37,0.17,0.0,0.0,12.2,12.84,16.76,17.08,46.82,0.0,3,2002,,0.0,,1454.941176470588,247.34
2002-06-30,437.5,164.01000000000002,0.1076521210647867,0.0,,171.01999999999998,188.95,1.51,42.35,266.47999999999996,363.29,167.46,9254.97,2240.51,17332.55,7014.46,-582.9499999999999,12.5,545.85,17.929999999999996,3.4987698920797508,3.72,0.32,0.27,0.0,0.0,7.08111729670597,7.830695028564484,9.34579895466148,10.302706697459586,42.59,0.0,6,2002,,0.0,,1523.5185185185185,411.35
2002-09-30,245.19000000000005,44.51999999999998,0.027344637725667396,0.0,,50.49000000000001,69.44000000000005,1.21,40.64,194.70000000000005,603.88,175.66,8732.18,1632.14,17332.55,7100.04,212.22999999999996,22.560000000000002,5.0,18.950000000000003,11.084440139263258,2.96,0.23,0.28,0.0,0.0,2.039128698971197,2.214915655779059,2.5078939171254953,2.7969658016539793,37.65,0.0,9,2002,,0.0,,1628.1071428571427,455.87
2002-12-31,311.42999999999984,78.13999999999999,0.048287859777906776,0.0,,81.15000000000003,100.94999999999993,1.37,49.29,230.27999999999997,513.38,206.78,8606.68,1480.63,17332.55,7121.16,115.5,-46.46,-160.35999999999996,19.799999999999997,7.0902914640389065,3.33,0.21,0.33,0.0,0.0,3.6289058257336,3.9976494822194337,4.389805434355162,4.893169790827885,35.08,0.0,12,2002,,0.0,,1618.212121212121,534.01
2003-03-31,205.36,51.88,0.03,0.0,,59.19,80.01,1.54,0.0,146.17,4770.66,187.18,8154.4,5331.17,12999.41,2817.86,1032.78,3051.79,-561.41,20.82,12.8325,7.1,1.89,0.03,0.0,0.0,2.56,2.92,7.359999999999999,4.76,25.26,0.0,3,2003,,0.0,,1729.3333333333335,51.88
2003-06-30,350.1,130.45000000000002,0.07870070750836396,0.0,,137.84,163.62,2.92,0.0,212.25000000000003,732.92,173.74,5204.22,2251.1,12999.41,2947.29,305.48,-10.63000000000011,-4332.59,25.78,9.277235530854734,12.88,0.76,0.11,0.0,0.0,10.016453682882686,7.812833872648494,17.71481379915538,10.474348708385895,32.83,0.0,6,2003,,0.0,,1657.5454545454547,182.33
2003-09-30,683.3599999999999,328.22,0.186433845852512,0.0,,336.63,358.32000000000005,6.0,0.0,346.73999999999995,1271.77,160.27,5623.95,2334.93,13000.62,3283.55,535.1600000000001,-4.920000000000073,8.609999999999673,21.690000000000005,8.045883477545548,23.76,0.71,0.29,0.0,0.0,23.349232004700816,19.10625482322985,39.986845558711195,25.277857996278524,41.21,0.0,9,2003,,0.0,,1760.5172413793105,510.55
2003-12-31,864.26,405.78000000000003,0.23027250008184827,0.0,,411.7800000000001,429.24,5.65,0.0,452.48000000000013,1832.21,155.27,7487.84,3541.91,13940.01,3939.29,320.90999999999985,-11.709999999999582,251.25,17.459999999999994,6.1366424540391336,19.99,0.9,0.52,0.0,0.0,21.681041546167865,20.813091353551666,41.201064245413775,29.35088712581712,43.57,0.0,12,2003,,0.0,,1762.173076923077,916.33
2004-03-31,496.49,114.0,0.06,0.0,,124.23,145.59,4.04,0.0,372.26,2456.08,146.5,6503.29,2345.5,14304.6,4150.31,534.27,-7.62,97.21,21.36,16.8325,13.92,0.57,0.06,0.0,0.0,7.0,6.8,11.0,13.08,22.96,0.0,3,2004,,0.0,,1900.0,114.0
2004-06-30,318.55999999999995,68.81,0.03387615557135824,0.1,,77.52999999999999,98.99000000000001,3.66,0.23,241.03999999999996,2487.5,134.96,5854.55,1717.59,14938.22,4128.77,127.13999999999999,-2.999999999999999,-92.72,21.46,27.012362665310274,13.24,0.42,0.09,0.1,1.11,4.697493572561676,5.495465237131448,6.669838630271866,7.783987746840983,22.43,0.0,6,2004,,203.12222222222226,,2031.2222222222224,182.81
2004-09-30,306.60000000000014,76.49000000000001,0.03834824527574239,-0.0018352830269529321,,84.84000000000003,106.73999999999998,3.4,0.0,221.75,1064.81,139.58,6058.69,1846.62,14938.22,4204.72,-586.77,-835.22,-0.7000000000000002,21.9,22.162030984442406,12.08,0.44,0.13,0.1,0.77,5.050168916313152,5.793534901658312,7.280266872348631,8.17702583879676,23.12,0.0,9,2004,,-3.66068376068381,,1994.6153846153845,259.3
2004-12-31,323.89999999999986,59.19999999999999,0.029739403453689164,-0.0002004588817775587,,62.81999999999999,84.63999999999999,3.22,0.0,261.08000000000015,774.68,129.49,6356.58,2095.53,14938.22,4254.49,-577.98,-10.230000000000018,298.09,21.820000000000007,27.075190033783787,11.31,0.49,0.16,0.1,0.63,3.7248602825745674,3.754599686028257,5.568703296703296,5.776879120879119,22.03,0.0,12,2004,,-0.3990384615384528,,1990.625,318.5
2005-03-31,452.39,163.29,0.08,0.1,,171.68,190.7,2.98,0.0,280.71,1294.78,126.96,8005.37,3779.34,14938.22,4218.78,423.66,78.68,17.75,19.02,9.3125,10.55,0.9,0.08,0.1,1.25,8.16,9.48,15.48,15.6,36.09,0.0,3,2005,,204.11249999999998,,2041.1249999999998,163.29
2005-06-30,268.33000000000004,23.47,0.011310237738273719,0.0016377971728421764,,30.859999999999985,47.97,2.44,56.39,237.48000000000008,284.77,127.48,7040.3,2781.75,3983.53,4250.69,-508.3,-12.120000000000005,-489.58,17.110000000000003,53.93122709842352,2.29,0.65,0.09,0.1,1.11,1.3320946669522382,1.5784065110301992,2.2067530520454057,2.2419404583422575,25.91,0.0,6,2005,,3.3986111111111654,,2075.1111111111113,186.76
2005-09-30,240.73000000000002,13.320000000000022,0.006657337065173941,-0.0037140699275845343,,21.560000000000002,38.01000000000002,2.52,57.82,219.15999999999997,370.46,122.46,7134.05,2861.48,3983.53,4263.78,137.57999999999998,-24.840000000000003,-27.05000000000001,16.449999999999996,94.6324324324323,2.35,0.67,0.1,0.1,1.0,0.7456217512994813,0.9053978408636558,1.2489164334266314,1.2595681727309096,20.81,0.0,9,2005,,-7.431111111111136,,2000.8,200.08
2005-12-31,217.30999999999995,-41.53,-0.02095490381583097,-0.0009549038158309745,,-36.00999999999999,-20.220000000000027,2.24,103.27,253.30999999999995,740.61,115.1,6438.49,2207.79,3983.53,4222.65,361.24,9.520000000000003,-0.6100000000000136,15.790000000000006,-26.72405490007224,2.11,0.52,0.08,0.1,1.25,-2.577453169347209,-3.080370860927152,-3.9290444654683063,-3.918567013560391,13.45,0.0,12,2005,,-1.8925000000000125,,1981.875,158.55
2006-03-31,393.54,156.22,0.08,0.0,,164.67,175.35,2.24,0.0,228.88,1260.15,111.51,6042.14,1672.61,3983.53,4361.88,498.38,-8.74,29.89,10.68,7.0,2.05,0.38,0.08,0.0,0.0,10.36,9.36,14.32,14.559999999999999,39.7,0.0,3,2006,,0.0,,1952.75,156.22
2006-06-30,246.19,31.960000000000008,0.015285365075991075,0.0,,38.420000000000016,60.55000000000001,1.96,0.0,207.76,807.88,113.15,6152.03,1753.48,3983.53,4390.37,-412.75,-9.62,-29.89,22.130000000000003,32.060078222778465,1.78,0.4,0.09,0.0,0.0,2.078809650334786,2.092396641513445,2.9144096078222983,2.9619640769476043,29.42,0.0,6,2006,,0.0,,2090.888888888889,188.18
2006-09-30,301.90999999999997,60.609999999999985,0.029234293982877118,0.0,,66.78,76.78,1.91,0.0,235.13,365.33,106.58,7076.62,2631.82,1991.76,4437.34,-445.44,-5.780000000000001,8.67,10.0,16.336977396469234,0.86,0.59,0.12,0.0,0.0,3.430157160657582,3.7030105711644348,5.466812974798021,5.5740053860685705,26.42,0.0,9,2006,,0.0,,2073.25,248.79
2006-12-31,207.2199999999999,-66.85999999999999,-0.03307535865442752,0.0,,-60.44,-40.25,1.7,0.0,267.65999999999997,427.2,105.22,6343.04,1994.46,1991.76,4340.66,65.99000000000001,-9.100000000000001,4.970000000000001,20.189999999999998,-12.85020079270117,0.78,0.46,0.09,0.0,0.0,-4.218945748364754,-4.821652283845433,-6.159366789424503,-6.247567745836309,15.84,0.0,12,2006,,0.0,,2021.4444444444446,181.93
2007-03-31,354.82,72.32,0.04,0.07,,111.04,125.0,1.37,0.0,243.78,1254.69,100.26,7100.37,2702.26,1991.76,4390.86,704.95,-9.42,131.96,13.96,8.5625,0.62,0.62,0.04,0.07,1.75,4.08,6.76,6.6,6.6,20.38,0.0,3,2007,,126.56,,1807.9999999999998,72.32
2007-06-30,348.09999999999997,69.07,0.034195487658250236,0.007342103401937896,,94.51,108.37,1.95,0.0,253.6,636.25,91.4,7027.31,2708.76,1991.76,4311.0,-501.02000000000004,-20.770000000000003,-96.65,13.86,14.257729115390184,0.9,0.63,0.07,0.07,1.0,3.927596011033312,6.09656694249947,6.409211401089185,6.350590565103614,20.11,0.0,6,2007,,14.829999999999984,,2019.8571428571424,141.39
2007-09-30,460.66999999999996,110.65,0.05707229011268053,-0.0029277098873194615,,168.5,181.17000000000002,2.86,1.23,292.15999999999997,352.65,83.75,8514.1,4090.59,1991.76,4416.32,-204.11,-7.969999999999995,-71.51,12.670000000000002,12.527971079981924,1.29,0.93,0.13,0.07,0.54,5.197968576416442,8.429138232026663,10.02716235518172,9.992040945881609,21.66,0.0,9,2007,,-5.676153846153824,,1938.7692307692307,252.04
2007-12-31,359.02,81.6,0.04157774847140631,0.000849556869218773,,121.64999999999998,133.84999999999997,2.78,1.86,237.3800000000001,1265.77,86.81,8277.51,3785.05,1991.76,4484.97,1044.68,-12.400000000000006,-119.16000000000001,12.199999999999996,16.712665441176473,1.23,0.84,0.17,0.07,0.41,3.9425488550533507,6.632873756144347,7.278551732406187,7.395947728090157,21.91,0.0,12,2007,,1.667330316742067,,1962.5882352941173,333.64
2008-03-31,395.92,82.08,0.04,0.0,,120.78,130.64,2.28,0.19,275.14,339.95,82.34,7919.48,3373.11,1991.76,4539.84,-1020.64,-3.56,98.37,9.86,14.249999999999998,1.0,0.74,0.04,0.0,0.0,4.16,6.44,7.24,7.36,20.73,0.0,3,2008,,0.0,,2052.0,82.08
2008-06-30,280.71,24.83,0.011612571321672436,0.11999999999999998,,33.71000000000001,42.890000000000015,1.87,29.49,247.0,978.72,77.56,7605.47,3251.2,1991.76,4347.45,965.28,12.38,-338.89,9.18,40.25809504631494,0.86,0.75,0.05,0.12,2.4,1.3098980450846505,1.9602020390983068,2.285354036105135,2.294644093162473,15.8,0.0,6,2008,,256.58399999999995,,2138.2,106.91
2008-09-30,266.46000000000004,-17.75999999999999,-0.007968592260235554,0.00487537857543468,,-26.710000000000008,-16.400000000000006,1.21,88.61,293.16999999999996,1294.6,86.39,7090.67,2746.99,1991.76,4338.08,339.03000000000003,-3.7600000000000007,-1.3799999999999955,10.310000000000002,-37.96153575450453,0.56,0.63,0.04,0.12,3.0,-1.0040426247896796,-1.3068491306786307,-1.641530005608524,-1.6255928210880528,9.45,0.0,9,2008,,10.866000000000042,,2228.75,89.15
2008-12-31,420.38,97.97,0.047121098760153905,-0.008636703719538254,,125.78999999999999,133.88,0.74,150.5,294.59000000000015,1916.61,224.52,6654.6,2198.33,1991.76,4450.49,712.3899999999999,-90.37,0.0,8.089999999999996,3.9249933653159133,0.33,0.49,0.09,0.12,1.33,5.884901667379222,7.120521590423258,8.79593843522873,8.774995724668662,13.72,0.0,12,2008,,-17.95666666666665,,2079.1111111111113,187.12
2009-03-31,171.8,-59.94,-0.03,0.08,,-55.34,-39.54,0.72,0.0,227.14,1116.75,220.01,8073.65,3665.74,1991.76,4402.65,-749.99,-49.2,-0.68,15.8,-6.0,0.33,0.83,-0.03,0.08,-2.5,-2.96,-2.76,-5.44,-5.36,-34.89,0.0,3,2009,,159.84,,1998.0,-59.94
2009-06-30,478.05,70.05,0.06928783382789318,-0.07810089020771516,,103.30000000000001,119.78,1.17,0.0,374.75,2152.44,206.99,9381.14,5083.26,1991.76,4292.4,1202.56,-17.539999999999992,-149.32,16.48,4.221520342612419,0.54,1.18,0.01,0.08,7.5,3.0486646884272997,15.520474777448072,6.651632047477745,6.374480712166173,1.56,2.6,6,2009,,-78.96000000000001,,1010.9999999999999,10.11
2009-09-30,474.57000000000005,107.65,0.05484884510869565,0.038790760869565226,,135.54999999999998,151.73000000000002,1.37,0.0,339.02,435.68,190.44,7426.81,3031.24,1991.76,4390.36,-1704.87,-11.540000000000006,-0.36000000000001364,16.18,6.243522526706919,0.62,0.69,0.06,0.08,1.25,5.813977581521739,9.251171874999999,9.799660326086958,9.872792119565219,10.47,7.47,9,2009,,76.13333333333335,,1962.6666666666667,117.76
2009-12-31,499.47,124.58,0.061688536766526365,0.0022513823553684835,,145.18,160.98999999999998,1.2,0.0,354.2900000000001,208.92,178.3,8059.34,3542.99,1991.76,4511.02,-563.8900000000001,-2.8700000000000045,340.0,15.809999999999995,4.863140150907048,0.53,0.79,0.12,0.08,0.63,6.189416522241478,9.19159197821243,11.04224808120822,11.124499463563588,14.92,9.91,12,2009,,4.546666666666653,,2019.5,242.34
2010-03-31,283.83,31.99,0.02,0.1,,58.7,74.07,1.16,0.01,225.13,606.16,165.43,10272.34,5745.43,1991.76,4522.57,739.82,-2.0,-340.58,15.37,14.5,0.51,1.27,0.02,0.1,5.0,1.24,2.56,2.84,2.88,11.27,5.34,3,2010,,159.95000000000002,,1599.5,31.99
2010-06-30,467.84,191.25,0.0942371438810249,0.02118571940512453,,222.8,237.93,1.15,0.22,245.04000000000002,583.28,155.54,9646.24,5125.59,1991.76,4516.08,121.62,54.6,-199.09999999999997,15.13,3.049487581699346,0.51,1.13,0.11,0.1,0.91,7.915920086006092,10.143343486830316,16.92841784626411,17.373902526428957,29.7,12.21,6,2010,,42.99545454545455,,2029.4545454545455,223.24
2010-09-30,748.32,293.4,0.14765407246825643,-0.002132661392494174,,368.4,383.83000000000004,2.84,1.98,379.92,246.03,148.72,15525.52,10753.12,1991.76,4768.43,-3066.3,8.0,2721.06,15.43,4.807182004089979,1.19,2.26,0.26,0.1,0.38,7.564431712604522,12.857262310312791,24.601440074326415,25.623660576029728,34.44,0.0,9,2010,,-4.237762237762269,,1987.0769230769229,516.64
2010-12-31,793.3100000000002,235.83000000000004,0.1190949805307853,-0.00034808441123641756,,384.16999999999996,399.53999999999985,2.68,3.45,409.14,276.23,143.79,11171.91,6167.04,1991.76,5000.94,2323.1200000000003,22.6,-2315.52,15.369999999999997,5.623662701946316,1.07,1.23,0.38,0.1,0.26,8.449475460815716,13.476537270588864,18.86715217882441,19.832448336810774,32.81,0.0,12,2010,,-0.689271255060703,,1980.1842105263158,752.47
2011-03-31,586.37,112.02,0.06,0.33,,252.26,267.72,2.52,1.3,334.11,408.62,135.7,13434.44,8350.22,1991.76,5081.03,117.89,14.8,-0.3,15.46,10.5,0.99,1.64,0.06,0.33,5.5,3.32,8.52,8.8,9.32,19.1,0.0,3,2011,,616.11,,1867.0,112.02
2011-06-30,671.83,93.92,0.04560551616975819,0.030830338933669932,,197.19,212.52999999999997,2.22,2.24,474.64,348.32,131.28,13823.48,9292.88,1991.76,4527.6,577.3100000000001,19.249999999999996,-656.86,15.34,12.169580494037477,0.98,2.05,0.1,0.33,3.3,2.7180887637175877,6.986765077206954,8.300203942895989,8.300203942895989,16.37,0.0,6,2011,,63.49199999999985,,2059.3999999999996,205.94
2011-09-30,560.8799999999999,212.97000000000003,0.10676207299897353,-0.010685159103387243,,269.32,284.78,1.57,3.29,291.55999999999995,874.08,123.61,12960.51,8241.44,1991.76,4716.2,-94.61000000000001,620.63,-0.2699999999999818,15.459999999999997,3.6782725266469454,0.66,1.75,0.21,0.33,1.57,6.568409443555895,10.269494640853644,18.058042061540668,17.956363896779738,23.03,0.0,9,2011,,-21.31485714285691,,1994.809523809524,418.91
2011-12-31,513.8400000000001,115.85999999999996,0.058496549918656604,-0.0023625644135396593,,152.81000000000006,168.21000000000004,2.02,3.75,361.03999999999996,1121.56,124.21,7357.23,2520.79,1991.76,4833.49,262.15999999999997,-14.669999999999959,0.0,15.399999999999999,8.631278266873817,0.83,0.52,0.27,0.33,1.22,6.300295080127904,8.154852366437904,9.584768031116178,9.428777231333093,22.92,0.0,12,2011,,-4.679365079365198,,1980.6296296296293,534.77
2012-03-31,473.16,105.56,0.05,0.25,,145.36,161.02,2.32,0.25,327.8,226.92,124.25,10939.12,5995.4,1991.76,4941.46,-962.18,67.75,-0.2,15.66,11.600000000000001,0.94,1.21,0.05,0.25,5.0,3.84,4.76,8.56,8.44,22.31,0.0,3,2012,,527.8,,2111.2,105.56
2012-06-30,399.72999999999996,89.88,0.045988538681948424,-0.020057306590257874,,111.81,127.50999999999996,2.02,1.01,287.92,271.91,118.07,11931.95,7393.36,1991.76,4536.2,505.91999999999996,36.94,-497.88,15.7,10.980996884735204,0.89,1.63,0.1,0.25,2.5,3.016848137535816,3.6790830945558737,7.928424068767907,7.928424068767907,22.39,0.0,6,2012,,-39.19999999999999,,1954.3999999999999,195.44
2012-09-30,494.15999999999997,111.82,0.054588947471197025,0.011472368677992607,,151.14999999999998,167.14000000000004,2.22,1.0,343.01,213.85,107.99,13203.09,8555.33,1991.76,4645.44,-91.83000000000004,33.97999999999999,-0.21000000000003638,15.990000000000002,10.166893221248436,0.95,1.84,0.15,0.25,1.67,3.391793269543709,4.541800429603593,9.622211807589665,9.549426544294732,22.48,0.0,9,2012,,23.500000000000057,,2048.4,307.26
2012-12-31,541.51,135.59000000000003,0.06735869933386024,-0.004402167776899633,,179.65000000000003,195.69,2.34,1.82,361.8699999999999,199.32,107.64,12369.87,7587.26,1991.76,4780.7,21.370000000000005,-35.89999999999999,0.0,16.04,8.687816210635003,0.97,1.59,0.22,0.25,1.14,4.384438974822175,7.299233600541945,11.340755560573559,11.27952037936096,23.2,0.0,12,2012,,-8.861363636363649,,2012.9545454545455,442.85
2013-03-31,858.65,299.72,0.15,0.0,,381.23,396.99,3.44,0.54,477.42,395.73,99.28,12530.81,7450.88,1991.76,5078.18,191.92,6.98,-0.25,15.76,5.7325,1.35,1.47,0.15,0.0,0.0,9.56,12.999999999999998,23.6,23.92,34.91,0.0,3,2013,,0.0,,1998.1333333333337,299.72
2013-06-30,700.12,178.64999999999998,0.0896293663900328,0.23,,232.76,250.14999999999998,2.96,1.56,467.35999999999996,378.66,105.07,18893.98,14091.65,1991.76,4800.42,411.7700000000001,27.580000000000002,-458.06,17.39,8.253991183879094,1.23,2.94,0.24,0.23,0.96,3.7793716161130497,5.945414637205509,14.89341304847712,15.311683424963938,30.69,0.0,6,2013,,458.4379166666667,,1993.2083333333335,478.37
2013-09-30,911.6300000000001,170.48000000000002,0.08670478538953534,-0.0031579140016953114,,218.68999999999994,236.91999999999996,2.84,1.14,692.94,328.31,94.94,10158.78,5187.94,1991.76,4968.75,-52.8900000000001,4.68,0.0,18.230000000000004,8.19245439347724,1.14,1.04,0.33,0.23,0.7,6.715679741080374,7.493395391847115,13.725630268937351,14.188055791014875,26.26,0.0,9,2013,,-6.209128787878797,,1966.2121212121212,648.85
2013-12-31,288.25999999999976,134.35000000000002,0.06690053626149133,0.004809464667099996,,173.21000000000004,197.27999999999997,2.84,-1.7,115.04999999999995,985.22,103.26,8258.74,3148.8,1991.76,5107.71,671.6600000000001,-19.37,0.0,24.07,10.60978042426498,1.11,0.62,0.39,0.23,0.59,6.504790602655772,6.690053626149132,10.51882277834525,10.868764044943822,28.39,0.0,12,2013,,9.658391608391582,,2008.2051282051282,783.2
2014-03-31,587.73,169.81,0.09,0.0,,222.02,233.06,3.38,0.0,365.71,371.67,102.58,9890.92,4612.05,1991.76,5276.48,-608.33,-4.18,0.0,11.04,9.39,1.28,0.87,0.09,0.0,0.0,6.88,7.920000000000001,12.88,13.12,28.89,0.0,3,2014,,0.0,,1886.7777777777778,169.81
2014-06-30,537.76,129.88,0.06500717407988255,0.36,,163.68999999999997,174.77999999999997,3.14,0.22,374.07,344.95,99.02,11785.83,7094.49,1991.76,4689.22,811.34,-120.47,-717.39,11.09,12.073667423775793,1.33,1.51,0.15,0.36,2.4,4.403152591010711,4.351146851746805,11.077222463211985,10.955875738262872,26.63,0.0,6,2014,,719.256,,1997.9333333333334,299.69
2014-09-30,778.9000000000001,250.13000000000005,0.12738059728638465,-0.006286566512676854,,315.84999999999997,327.57,3.32,1.45,463.05999999999995,311.4,104.22,15320.06,10376.86,1991.76,4940.82,-44.59,11.710000000000008,0.0,11.720000000000002,6.51747611242154,1.34,2.1,0.28,0.36,1.29,6.532804917973156,10.026672729256848,20.25351496853516,20.198923283983852,28.87,0.0,9,2014,,-12.344571428571385,,1963.642857142857,549.82
2014-12-31,679.2499999999998,211.51999999999998,0.10557385662122047,0.007166387084426329,,261.2900000000001,273.44000000000005,3.46,-3.47,417.94000000000005,393.17,103.88,10522.44,5361.33,1991.76,5158.52,78.69000000000003,-1.4200000000000017,0.0,12.149999999999999,8.197578715960667,1.34,1.04,0.38,0.36,0.95,8.045839178290906,11.390863477552735,16.402843407675938,16.48063467044947,29.47,0.0,12,2014,,14.358045112781952,,2003.5263157894738,761.34
2015-03-31,701.12,188.3,0.08999999999999998,0.0,,246.86,259.17,3.92,1.95,454.26,491.86,109.4,10933.03,5582.51,1991.76,5348.11,78.89,20.85,0.0,12.31,10.890000000000002,1.46,1.04,0.09,0.0,0.0,6.88,9.48,14.08,14.160000000000002,26.86,0.0,3,2015,,0.0,,2092.2222222222226,188.3
2015-06-30,545.63,108.69,0.05489578773696084,0.37,,137.18,150.10999999999996,3.46,3.0,408.45000000000005,361.48,107.76,18565.27,13818.45,1991.76,4744.2,548.4,45.550000000000004,-727.4,12.929999999999998,15.759405879105714,1.45,2.91,0.15,0.37,2.43,2.342220276776996,3.703635812653624,9.163936832889995,9.22249233980942,23.82,0.0,6,2015,,732.5753333333333,,1979.9333333333334,296.99
2015-09-30,612.53,114.84999999999997,0.058562791375291356,-0.0035451146076146147,,146.10999999999996,159.55000000000007,3.28,-2.28,466.4200000000001,269.77,105.79,14872.26,10004.93,1991.76,4864.88,-107.64999999999998,9.969999999999999,-0.44000000000005457,13.440000000000001,14.002918589464521,1.34,2.06,0.21,0.37,1.74,3.0898844211344203,3.9153409090909075,9.44813034188034,9.370046620046619,22.15,0.0,9,2015,,-6.9524761904762045,,1961.142857142857,411.84
2015-12-31,622.6699999999998,175.38000000000005,0.08661183202207011,0.01164941832459974,,215.55000000000007,229.44999999999993,3.42,-1.6,407.1099999999999,447.0,112.55,9649.3,4606.0,1991.76,5040.59,170.25,7.679999999999993,0.0,13.899999999999999,9.869032671912416,1.35,0.91,0.29,0.37,1.26,7.2753938898538895,8.828433636456527,13.917625421477474,13.762321446817209,23.66,0.0,12,2015,,23.588866995074,,2024.8965517241381,587.22
2016-03-31,678.08,173.04,0.09,0.0,,222.81,236.88,3.6,2.13,455.26,240.41,107.14,20629.36,15428.44,1991.76,5197.91,-191.81,-12.77,0.0,14.07,10.0,1.38,2.97,0.09,0.0,0.0,3.3600000000000003,5.64,13.32,13.12,25.52,0.0,3,2016,,0.0,,1922.6666666666667,173.04
2016-06-30,788.68,244.35999999999999,0.122941063727839,0.29,,306.94,321.22,3.26,4.13,481.76,260.3,101.14,16031.91,11156.73,1991.76,4872.61,521.14,67.17,-568.28,14.280000000000001,6.627565886397119,1.33,2.29,0.21,0.29,1.36,6.088509822712027,7.1657077144226164,20.06866506947772,20.32625586966938,28.46,0.0,6,2016,,576.4095238095238,,1987.6190476190475,417.4
2016-09-30,797.2,233.12,0.11825862387013468,-0.0024047575126712357,,293.17999999999995,307.75,3.48,6.86,504.01,316.58,103.87,14845.73,9740.52,1991.76,5102.28,22.850000000000023,34.52,0.0,14.57,7.359928363074811,1.36,1.91,0.33,0.29,0.86,6.278457849105331,7.94124577261268,18.276332779929902,18.706364139457666,28.73,0.0,9,2016,,-4.740432900433007,,1971.272727272727,650.52
2016-12-31,981.9000000000001,371.85,0.18549399923706683,0.0048280599356042035,,458.0100000000001,473.1,3.9,7.22,523.8800000000001,392.3,107.47,14130.73,8647.07,1991.76,5480.53,131.01,-57.8,0.0,15.089999999999996,5.258256353368293,1.42,1.58,0.51,0.29,0.56,10.533149446873443,15.668787229672233,27.133043809970946,28.267830628833007,31.5,0.0,12,2016,,9.678556149732685,,2004.6470588235293,1022.37
2017-03-31,760.73,225.6,0.10999999999999999,0.0,,287.59,302.9,4.2,-8.15,473.15,261.33,102.93,16684.26,10986.11,1991.76,5695.27,-14.91,-113.06,0.0,15.31,9.545,1.47,1.93,0.11,0.0,0.0,5.4,6.16,15.84,16.56,29.66,0.0,3,2017,,0.0,,2050.909090909091,225.6
2017-06-30,600.1800000000001,126.60999999999999,0.06470514749723176,0.38,,156.3,171.69,4.0,-16.48,443.87,347.51,107.03,15666.14,10595.99,1991.76,5067.09,771.6899999999999,72.97,-757.49,15.389999999999999,15.453175499565596,1.57,2.09,0.18,0.38,2.11,3.2352573748615883,4.026098066494421,9.993350557905796,10.194655461230516,25.88,0.0,6,2017,,743.5544444444445,,1956.7222222222222,352.21
2017-09-30,732.47,198.33999999999997,0.10087221869040051,0.001841350568623202,,244.27999999999997,259.34,4.14,-22.03,488.20000000000005,405.21,101.79,17105.29,11842.95,1991.76,5259.06,24.360000000000014,34.63,0.0,15.059999999999999,10.263480009075325,1.57,2.25,0.28,0.38,1.36,4.640122059758424,6.210846607937516,15.087601852692764,15.318166923985105,26.3,0.0,9,2017,,3.62055555555537,,1966.2499999999995,550.55
