,revenue,net_profit,eps,dps,gross_profit,ebit,ebitda,close_price,allowance_doubtful_accounts,expense,operating_profit,cash,account_receivable,inventory,current_asset,property_plant_equipment,total_asset,short_term_loan,account_payable,current_portion_long_term_debt,current_liability,non_current_liability,total_liability,paid_in_capital,total_equity,cash_flow_operation,cash_flow_investment,cash_flow_financing,depreciation,P/E,P/BV,D/E,EPS,DPS,DPR%,ROA%,ROAA%,ROE%,ROAE%,ROCE%,NPM%,NPMA%,TIE,CurrentRatio,QuickRatio,month,year,dividend,number_of_shares,return_old
2000-03-31,17.1,1.49,0.25,0.0,13.97,2.5,3.24,27.25,0.0,14.6,-0.05,4.86,3.09,0.0,46.75,205.89,290.21,0.0,0.07,0.0,35.84,2.01,37.85,60.0,248.92,2.66,-3.01,0.0,0.74,27.25,6.57,0.15,0.25,0.0,0.0,2.04,0.0,2.4,0.0,3.9199999999999995,10.67,8.71,0.0,1.3,1.3,3,2000,0.0,5.96,1.49
2000-06-30,19.14,3.04,0.5100220750551876,0.0,13.179999999999998,3.91,4.39,27.25,0.0,15.24,-1.5,2.72,3.71,0.0,48.69,205.59,295.12,0.0,0.06,0.0,45.26,1.91,47.17,60.0,243.86,2.9799999999999995,-9.13,4.0,0.48,13.35902960526316,6.7,0.19,0.76,0.0,0.0,4.107019867549669,0.0,4.992847682119205,0.0,6.898719646799115,16.69,12.5,0.0,1.08,1.08,6,2000,0.0,5.960526315789474,4.53
2000-09-30,15.43,0.9699999999999998,0.16225454545454543,1.0,11.350000000000001,1.4900000000000002,2.1800000000000006,27.0,0.0,13.940000000000001,-2.04,3.32,3.53,204.17,250.58,0.0,293.66,1.9,0.06,0.0,47.24,1.54,48.78,60.0,241.72,1.13,-2.42,1.9000000000000004,0.69,41.60438144329898,6.7,0.2,0.92,1.0,1.09,1.3191999999999997,0.0,1.608436363636363,0.0,2.2645090909090904,14.29,10.64,0.0,5.3,0.98,9,2000,5.978260869565217,5.978260869565217,5.5
2000-12-31,19.450000000000003,10.02,1.67215206185567,0.0023391976692068005,-17.77,2.74,2.9000000000000004,27.0,0.0,16.699999999999996,-0.6000000000000005,2.68,5.51,0.0,56.35,204.41,306.11,2.34,0.07,0.0,49.6,2.2,51.81,60.0,251.12,2.030000000000001,-3.119999999999999,0.4399999999999995,0.15999999999999992,4.034890219560879,6.45,0.21,2.59,1.0,0.39,13.093144329896907,0.0,15.959690721649483,0.0,10.717268041237116,28.71,21.82,0.0,1.14,1.14,12,2000,0.014017122712775887,5.992277992277993,15.52
2001-03-31,20.82,3.34,0.56,0.0,5.7,5.14,5.19,25.0,0.0,15.68,-0.71,9.38,4.03,0.0,57.06,203.77,309.66,44.0,0.08,0.0,53.1,2.31,55.4,60.0,251.07,2.59,2.46,1.66,0.05,11.16,5.97,0.22,0.56,0.0,0.0,4.32,6.84,5.32,5.36,8.0,23.34,16.04,0.0,1.07,1.07,3,2001,0.0,5.9642857142857135,3.34
2001-06-30,22.189999999999998,3.17,0.530768049155146,1.0,7.739999999999999,4.04,3.79,21.0,0.0,18.15,1.19,6.59,4.45,0.0,56.68,205.12,313.74,44.0,0.09,0.0,51.72,2.2,53.92,60.0,256.58,1.88,1.3199999999999998,-6.0,-0.25,9.893351735015774,4.91,0.21,1.09,1.0,0.92,4.031889400921659,5.882273425499232,4.947342549923195,5.064208909370199,6.817204301075268,19.77,15.14,0.0,1.1,1.1,6,2001,5.9724770642201825,5.9724770642201825,6.51
2001-09-30,21.470000000000006,2.8000000000000007,0.46616541353383467,0.005656342691591579,5.410000000000002,3.51,3.209999999999999,27.5,0.0,17.96,-1.6199999999999999,4.55,5.55,0.0,54.8,205.61,315.6,44.08,0.45,0.0,50.55,4.54,55.1,60.0,257.26,14.77,-19.1,2.3,-0.3,14.746374999999997,6.41,0.21,1.55,1.0,0.65,3.5488721804511285,5.0165413533834595,4.354887218045114,4.487218045112782,5.762406015037595,19.14,14.44,0.0,1.08,1.08,9,2001,0.033974548683043615,6.006451612903226,9.31
2001-12-31,17.549999999999997,1.2799999999999994,0.21393767705382424,-0.0039111760943069136,6.279999999999998,1.290000000000001,4.110000000000001,24.0,0.0,16.250000000000007,-0.49,6.23,6.14,0.0,59.22,231.61,303.14,0.0,0.01,0.0,17.97,21.72,39.69,60.0,260.19,1.9500000000000028,27.4,-27.68,2.82,28.046953125000016,5.53,0.15,1.77,1.0,0.56,1.687327667610953,2.219150141643058,1.9677431539187906,2.001586402266288,2.3690273843248337,16.59,12.91,0.0,3.3,3.3,12,2001,-0.023400765445598992,5.983050847457627,10.59
2002-03-31,21.98,1.89,0.31,0.0,8.66,3.02,6.11,30.0,0.0,18.96,0.83,3.68,11.0,0.0,62.93,246.28,322.95,0.0,0.1,0.0,53.4,3.02,56.42,60.0,263.24,0.18,-1.16,-1.56,3.09,24.1925,6.84,0.21,0.31,0.0,0.0,2.36,3.8,2.88,2.92,4.48,9.55,8.6,0.0,1.18,1.18,3,2002,0.0,6.096774193548387,1.89
2002-06-30,22.09,2.05,0.34340101522842637,1.0,8.870000000000001,3.48,7.12,32.0,0.0,18.619999999999997,2.02,4.17,10.42,0.0,52.69,248.62,315.03,10.08,0.92,0.0,18.1,35.27,53.37,60.0,260.53,3.81,-7.66,6.540000000000001,3.6400000000000006,23.294048780487802,7.37,0.2,0.66,1.0,1.52,2.6015228426395938,4.308121827411167,3.142639593908629,3.1634517766497456,4.557868020304568,10.08,8.94,0.0,2.91,2.91,6,2002,5.96969696969697,5.96969696969697,3.94
2002-09-30,19.839999999999996,-0.52,-0.08666666666666667,0.005050505050505046,8.959999999999997,0.8300000000000001,4.559999999999999,22.1,0.0,19.0,0.3700000000000001,4.21,8.96,0.0,50.27,246.05,309.99,7.37,0.06,0.0,14.1,35.87,49.98,60.0,258.84,4.16,-1.4000000000000004,-2.7200000000000006,3.7300000000000004,-63.746826923076924,5.12,0.19,0.57,1.0,1.75,-0.6690058479532165,-1.4231578947368422,-0.8028070175438597,-0.8088888888888889,-1.5083040935672514,5.92,5.35,0.0,3.57,3.57,9,2002,0.030303030303030276,6.0,3.42
2002-12-31,20.689999999999998,1.5099999999999998,0.251156186612576,0.0020283975659229963,9.34,1.5500000000000007,5.84,22.3,0.0,19.14,1.4,14.02,10.72,0.0,50.81,244.91,308.8,0.13,0.13,8.4,16.58,27.48,44.06,60.0,263.59,3.75,5.790000000000001,-7.24,4.289999999999999,22.20132450331126,5.08,0.17,0.82,1.0,1.22,1.9602434077079107,3.552941176470588,2.2910344827586204,2.303286004056795,3.72446247464503,6.35,5.83,0.0,3.06,3.06,12,2002,0.012195121951219967,6.01219512195122,4.93
2003-03-31,21.17,1.28,0.21,0.0,9.96,2.37,6.06,22.1,0.0,18.8,1.12,2.83,8.94,0.0,47.81,243.98,306.53,3.33,0.1,9.6,18.36,23.44,41.8,60.0,263.56,4.35,-7.42,-0.62,3.69,26.31,5.03,0.16,0.21,0.0,0.0,1.68,3.0,1.96,1.96,3.2800000000000002,6.43,6.05,0.0,2.6,2.6,3,2003,0.0,6.095238095238096,1.28
2003-06-30,22.489999999999995,1.5599999999999998,0.258169014084507,1.0,10.0,2.8499999999999996,6.7299999999999995,29.5,0.0,19.639999999999997,1.56,3.95,9.38,0.0,55.46,256.39,326.58,23.42,10.56,0.0,40.62,20.64,61.26,60.0,264.15,3.74,-14.58,11.959999999999999,3.8800000000000003,28.568397435897438,6.7,0.23,0.47,1.0,2.13,1.9115492957746478,3.581408450704225,2.3729577464788734,2.3729577464788734,4.020845070422535,7.14,6.5,0.0,1.37,1.37,6,2003,6.042553191489362,6.042553191489362,2.84
2003-09-30,22.74000000000001,2.3,0.3848249027237354,-0.011010845268648121,11.29,4.05,8.100000000000001,35.0,0.0,18.700000000000003,3.1299999999999994,5.19,8.88,0.0,86.76,253.69,355.21,43.08,0.07,11.4,62.25,17.75,80.0,60.0,274.0,6.6899999999999995,-23.0,17.56,4.049999999999999,22.738913043478263,7.66,0.29,0.86,1.0,1.16,2.5953307392996106,4.993774319066148,3.3649805447470813,3.454474708171206,5.65603112840467,8.43,7.74,0.0,1.39,1.39,9,2003,-0.0658090054428504,5.976744186046512,5.14
2003-12-31,27.53,6.760000000000001,1.1247731092436974,0.005550127027555262,9.950000000000003,7.84,11.880000000000003,44.25,0.0,19.679999999999993,1.9000000000000004,4.04,9.0,0.0,136.86,250.52,402.23,66.0,0.02,12.52,89.59,13.91,103.5,60.0,297.5,4.720000000000001,-26.64,20.759999999999998,4.040000000000001,9.835983727810651,8.92,0.35,1.98,1.0,0.51,6.725915966386554,10.92961344537815,9.0890756302521,9.634420168067228,12.429310924369748,14.53,12.67,0.0,1.53,1.53,12,2003,0.0333568240544988,6.01010101010101,11.9
2004-03-31,33.32,10.62,1.7700000000000002,0.0,10.61,14.03,18.09,41.5,0.0,19.28,2.32,4.74,9.89,0.0,113.68,248.8,379.71,64.52,0.0,13.18,86.79,10.11,96.9,60.0,281.55,3.61,1.57,-4.48,4.06,5.8625,8.84,0.34,1.77,0.0,0.0,11.199999999999998,16.36,15.08,15.6,19.16,50.64,31.87,0.0,1.31,1.31,3,2004,0.0,5.999999999999999,10.62
2004-06-30,24.589999999999996,3.9700000000000006,0.6612131596984238,1.5,10.86,4.619999999999999,8.54,56.0,0.0,19.979999999999997,2.3400000000000003,5.89,10.53,0.0,106.03,246.23,358.63,53.74,0.08,13.54,75.78,6.14,81.92,60.0,275.56,4.51,19.85,-23.2,3.920000000000001,21.17755037783375,12.19,0.3,2.43,1.5,0.62,4.429856065798493,5.920986977381769,5.757724468814257,5.888334475668267,7.172666209732695,34.22,25.19,0.0,1.4,1.4,6,2004,9.006172839506172,6.004115226337448,14.59
2004-09-30,28.200000000000003,3.8000000000000007,0.6343665035345297,-0.003477466953993872,13.100000000000001,5.330000000000002,9.2,56.0,0.0,22.870000000000005,4.879999999999999,4.8,11.3,0.0,118.06,245.0,366.67,64.28,0.12,13.72,84.52,3.6,88.12,60.0,277.36,7.65,-16.3,7.539999999999999,3.869999999999999,22.067999999999994,12.11,0.32,3.07,1.5,0.49,4.149211528004351,5.488200108754759,5.4799347471451885,5.5129961935834695,7.025557368134858,26.37,21.36,0.0,1.4,1.4,9,2004,-0.020830819962197822,5.990228013029316,18.39
2004-12-31,24.97,1.6799999999999997,0.2804185351270553,0.00020449599041787083,12.869999999999997,3.210000000000001,7.149999999999999,56.0,0.0,21.759999999999998,3.4200000000000017,7.86,11.53,0.0,100.47,245.52,349.58,38.49,0.16,10.5,63.81,3.63,67.44,60.0,280.91,8.530000000000001,23.55,-29.009999999999998,3.9399999999999995,49.93607142857144,11.96,0.24,3.35,1.5,0.45,1.9219133034379667,2.420807174887892,2.39067264573991,2.323707025411061,3.1842152466367706,21.29,18.07,0.0,1.57,1.57,12,2004,0.0012251446351303485,5.991044776119403,20.07
2005-03-31,26.25,2.02,0.34,0.0,14.14,4.66,8.52,46.0,0.0,21.59,4.5,6.94,12.23,0.0,113.2,245.1,362.24,57.8,0.12,6.84,73.26,3.94,77.19,60.0,283.77,-0.76,-15.82,15.65,3.86,33.8225,9.73,0.27,0.34,0.0,0.0,2.24,5.04,2.84,2.84,6.44,7.94,7.7,0.0,1.55,1.55,3,2005,0.0,5.941176470588235,2.02
2005-06-30,30.950000000000003,4.57,0.7628224582701063,1.75,14.030000000000001,7.01,10.95,54.5,0.0,23.94,2.96,7.13,12.91,0.0,90.88,249.16,343.96,43.0,0.08,3.18,64.24,3.92,68.16,60.0,274.59,6.6899999999999995,22.59,-29.08,3.94,17.862937636761487,11.91,0.25,1.1,1.75,1.59,5.32588770864947,9.209347496206373,6.6573596358118365,6.6573596358118365,11.567162367223066,12.76,11.52,0.0,1.41,1.41,6,2005,10.484090909090908,5.99090909090909,6.59
2005-09-30,28.78,5.050000000000001,0.8416666666666667,0.0026515151515157003,14.420000000000002,7.549999999999999,11.510000000000002,53.5,0.0,21.230000000000004,7.19,5.73,13.29,0.0,72.07,274.3,349.72,20.32,0.11,0.0,46.45,21.72,68.17,60.0,280.25,9.19,-2.21,-8.379999999999999,3.96,15.892633663366334,11.45,0.24,1.94,1.75,0.9,5.778865979381444,9.319072164948455,7.201890034364262,7.236597938144331,11.002405498281787,14.69,13.54,0.0,1.55,1.55,9,2005,0.015909090909094203,6.000000000000001,11.64
2005-12-31,30.269999999999996,2.59,0.43136331693605057,0.0012297962052000165,15.75,5.109999999999999,9.120000000000001,54.0,0.0,25.159999999999997,4.9,3.35,14.2,0.0,82.8,316.05,401.71,27.12,0.17,0.0,58.54,58.72,117.26,60.0,283.12,6.959999999999999,-53.1,43.76,4.01,31.289517374517377,11.44,0.41,2.37,1.75,0.74,2.577259311314125,4.71769501054111,3.662037947997189,3.6765987350667597,5.161799016163036,13.11,12.24,0.0,1.41,1.41,12,2005,0.007383966244724149,6.0042194092827,14.23
2006-03-31,31.16,2.19,0.36,0.0,13.53,4.29,8.86,43.0,0.0,26.88,2.2,6.84,14.64,0.0,114.59,349.72,469.44,58.44,0.07,0.0,95.27,85.23,180.5,60.0,287.56,-12.41,-41.7,57.6,4.57,29.86,8.97,0.63,0.36,0.0,0.0,1.88,4.12,3.04,3.08,4.6000000000000005,7.74,7.03,0.0,1.2,1.2,3,2006,0.0,6.083333333333333,2.19
2006-06-30,37.32000000000001,7.440000000000001,1.2361370716510907,1.75,13.980000000000002,10.870000000000001,16.5,48.0,0.0,26.44,3.8999999999999995,7.61,17.26,0.0,79.94,346.7,430.58,21.06,0.07,0.0,40.51,104.93,145.43,60.0,283.96,2.380000000000001,26.910000000000004,-28.520000000000003,5.629999999999999,9.70766129032258,10.14,0.51,1.6,1.75,1.09,6.9223676012461075,12.08323987538941,10.476261682242992,10.661682242990656,12.021433021806855,16.65,14.06,0.0,1.97,1.97,6,2006,10.5328125,6.01875,9.63
2006-09-30,33.75,3.139999999999999,0.5237431480031322,-0.0068434318715739784,15.719999999999995,6.27,11.990000000000002,53.5,0.0,27.479999999999997,4.1899999999999995,10.85,16.1,0.0,83.57,364.41,452.02,18.4,0.07,7.5,66.78,98.55,165.33,60.0,285.46,11.129999999999999,-6.170000000000002,-1.7199999999999989,5.720000000000001,25.54000000000001,11.25,0.58,2.13,1.75,0.82,2.783461237274862,5.262020360219262,4.396491777603757,4.435833985904462,5.4685669537979615,14.39,12.49,0.0,1.25,1.25,9,2006,-0.04102846244131442,5.995305164319249,12.77
2006-12-31,37.14999999999999,5.010000000000002,0.8340607424071993,0.0033362907101400635,16.150000000000006,8.990000000000002,14.909999999999997,53.5,0.0,28.159999999999997,4.890000000000001,5.17,16.76,0.0,109.27,360.28,473.72,43.01,0.07,15.0,69.98,109.34,179.32,60.0,293.16,0.8599999999999999,-49.919999999999995,43.370000000000005,5.92,16.03216566866267,10.95,0.61,2.96,1.75,0.59,4.22665916760405,7.833408323959508,6.830281214848145,6.954263217097864,8.487131608548934,14.71,12.76,0.0,1.56,1.56,12,2006,0.020040286765638626,6.006756756756757,17.78
2007-03-31,35.09,2.49,0.41,0.0,11.88,6.12,11.98,43.0,0.0,28.97,2.23,8.45,16.52,0.0,90.28,356.06,450.97,20.13,0.08,22.5,51.62,102.68,154.29,60.0,295.42,12.98,13.18,-22.88,5.86,26.22,8.73,0.52,0.41,0.0,0.0,2.2,5.32,3.36,3.4,6.12,8.23,7.1,0.0,1.75,1.75,3,2007,0.0,6.073170731707318,2.49
2007-06-30,35.61,3.34,0.5557118353344769,1.7499999999999998,13.139999999999999,6.669999999999999,12.489999999999998,38.25,0.0,28.939999999999998,3.8400000000000003,7.99,16.66,0.0,95.44,351.81,451.89,24.0,0.08,30.0,64.24,95.69,159.92,60.0,290.82,9.59,-3.289999999999999,-6.760000000000002,5.819999999999999,17.206354790419162,7.89,0.55,0.97,1.75,1.8,2.956157804459691,6.645626072041165,4.583190394511149,4.651938250428816,7.562264150943395,9.39,8.25,0.0,1.49,1.49,6,2007,10.518041237113401,6.010309278350515,5.83
2007-09-30,41.64,7.66,1.27761304670126,-0.004306359044117957,13.580000000000002,13.2,19.050000000000004,40.0,0.0,28.450000000000003,5.09,7.71,16.79,0.0,102.68,346.8,454.04,26.35,0.08,30.0,68.73,88.0,156.74,60.0,296.13,10.14,-5.2700000000000005,-5.149999999999999,5.850000000000001,7.828074412532637,8.1,0.53,2.25,1.75,0.78,6.745796886582654,13.037331356560417,10.357183098591548,10.538888065233504,15.331356560415122,14.24,12.01,0.0,1.49,1.49,9,2007,-0.025819014891178327,5.995555555555556,13.49
2007-12-31,39.97999999999999,7.0600000000000005,1.1783844282238445,-0.0012565558258989973,19.019999999999996,12.350000000000005,18.199999999999996,36.0,0.0,27.620000000000005,10.29,7.02,20.42,1.21,107.05,341.41,452.92,24.0,0.07,30.0,67.47,80.58,148.06,60.0,303.67,9.810000000000002,-0.6499999999999999,-9.850000000000001,5.849999999999998,7.640757790368272,7.11,0.49,3.43,1.75,0.51,6.238909975669101,11.378452554744525,9.303396593673964,9.468301703163016,13.67338199513382,15.63,13.49,0.0,1.59,1.57,12,2007,-0.007528344671202447,5.9912536443148685,20.55
2008-03-31,40.72,5.17,0.86,0.0,16.17,9.13,14.85,39.0,0.0,31.6,6.86,8.59,21.87,1.21,129.86,335.94,470.54,49.0,1.36,30.0,92.44,73.15,165.58,60.0,303.73,7.77,-23.71,17.5,5.72,11.3375,7.7,0.55,0.86,0.0,0.0,4.4,7.92,6.8,6.920000000000001,9.64,13.83,12.7,0.0,1.4,1.39,3,2008,0.0,6.011627906976744,5.17
2008-06-30,41.2,6.220000000000001,1.0375768217734855,1.9000000000000001,17.11,10.819999999999999,16.35,40.25,0.0,30.369999999999997,7.36,10.32,19.46,1.21,116.2,330.93,449.94,52.14,0.01,30.0,93.83,66.89,160.73,60.0,288.05,13.190000000000001,4.400000000000002,-15.85,5.53,9.696149517684887,8.38,0.56,1.9,1.9,1.0,5.526461808604038,9.654925373134327,8.62827041264267,8.606426690079017,12.232484635645303,15.41,13.9,0.0,1.24,1.23,6,2008,11.39,5.994736842105263,11.39
2008-09-30,42.599999999999994,6.57,1.0937806236080179,0.003780623608017389,18.07,10.96,16.470000000000002,30.0,0.0,31.650000000000006,8.819999999999999,10.11,21.09,1.21,104.19,325.61,432.46,49.02,0.66,30.0,92.28,59.63,151.91,60.0,279.36,10.829999999999998,-0.4299999999999997,-10.610000000000001,5.510000000000002,6.854596651445966,6.44,0.54,2.99,1.9,0.64,6.07249443207127,10.198864142538977,9.408708240534521,9.130690423162584,13.300957683741649,15.89,14.42,0.0,1.13,1.12,9,2008,0.022709030100331873,6.006688963210702,17.96
2008-12-31,41.08,5.259999999999998,0.8766666666666665,-0.002118171683388977,20.609999999999992,10.760000000000002,16.32,27.75,0.0,30.310000000000002,11.439999999999998,8.42,20.17,1.21,93.8,343.65,441.46,46.0,0.02,30.56,92.11,73.16,165.27,60.0,274.96,22.439999999999998,-24.540000000000003,0.41000000000000014,5.559999999999999,7.912899239543728,6.06,0.6,3.87,1.9,0.49,4.766167097329886,8.444995693367783,7.647614125753657,7.276106804478895,10.80995693367786,15.14,14.02,0.0,1.02,1.01,12,2008,-0.012709030100333862,5.999999999999999,23.22
2009-03-31,41.7,6.42,1.07,0.0,18.1,10.72,16.44,38.0,0.0,30.98,9.06,19.56,21.4,0.0,90.39,339.96,435.43,40.65,0.02,30.57,85.87,66.02,151.89,60.0,282.29,12.88,13.29,-15.03,5.72,8.8775,8.08,0.54,1.07,0.0,0.0,5.88,9.48,9.08,8.76,12.28,16.59,15.4,0.0,1.05,1.05,3,2009,0.0,6.0,6.42
2009-06-30,40.2,5.9399999999999995,0.9899999999999999,1.8999999999999997,18.79,10.15,15.959999999999997,40.0,0.0,30.040000000000003,9.06,7.26,21.15,0.0,98.71,334.81,438.41,48.59,0.02,30.59,91.89,58.29,150.18,60.0,287.06,12.819999999999999,-12.25,-12.87,5.81,10.102323232323233,8.36,0.52,2.06,1.9,0.92,5.420970873786407,9.03495145631068,8.2852427184466,8.266019417475727,11.572427184466019,16.16,15.09,5.63,1.07,1.07,6,2009,11.399999999999999,6.0,12.36
2009-09-30,44.5,10.57,1.760898386393371,0.0008286088094202304,19.86,15.55,21.450000000000003,38.0,0.0,28.96999999999999,11.34,6.05,21.22,0.0,117.01,331.48,453.2,47.81,0.02,30.73,91.65,52.48,144.13,60.0,307.87,14.400000000000002,-5.6,-10.009999999999998,5.9,5.396251182592241,7.41,0.47,3.82,1.9,0.5,9.329995638901003,15.156633231574359,13.736851286524205,14.400645442651548,18.567797645006543,19.86,18.14,6.87,1.28,1.28,9,2009,0.004973821989530336,6.002617801047121,22.93
2009-12-31,42.06999999999999,7.91,1.3183333333333334,-0.0008289703315883893,19.61,12.519999999999996,18.32,39.5,0.0,29.53,10.39,10.07,19.19,0.0,129.07,327.46,459.82,38.21,0.02,31.42,86.98,45.41,132.39,60.0,326.2,19.729999999999997,2.9499999999999993,-18.660000000000004,5.800000000000001,7.485815423514538,7.27,0.41,5.14,1.9,0.37,6.884059662775616,11.141712062256808,9.695136186770426,10.526147859922178,13.470596627756162,20.04,18.31,7.28,1.48,1.48,12,2009,-0.004973821989530336,6.0,30.84
2010-03-31,50.03,12.15,2.02,0.0,21.24,17.74,23.32,45.5,0.0,32.29,9.97,12.16,22.24,0.0,134.46,323.93,461.5,29.78,0.02,33.11,82.1,36.26,118.37,60.0,341.87,4.62,14.8,-17.33,5.58,5.63,7.99,0.35,2.02,0.0,0.0,10.52,15.84,14.200000000000001,15.559999999999999,18.72,29.68,24.29,0.0,1.64,1.64,3,2010,0.0,6.014851485148515,12.15
2010-06-30,49.03999999999999,12.229999999999999,2.036661197703035,2.5,21.94,17.63,23.22,50.0,0.0,31.410000000000004,12.499999999999998,7.68,26.32,0.0,144.47,318.7,466.09,34.89,0.02,34.8,85.9,25.57,111.47,60.0,353.45,10.239999999999998,4.120000000000001,-18.840000000000003,5.59,6.139852820932135,8.49,0.32,4.06,2.5,0.62,10.494323215750615,15.691320754716982,13.845283018867926,15.269942575881869,18.661033634126333,29.18,24.61,15.25,1.68,1.68,6,2010,15.01231527093596,6.004926108374384,24.38
2010-09-30,72.94,23.98,3.9966666666666666,-0.0020525451559934758,22.160000000000004,34.940000000000005,40.550000000000004,66.0,0.0,38.0,8.970000000000002,9.99,28.6,0.0,162.27,314.45,479.61,20.0,2.85,28.98,75.8,25.04,100.85,60.0,377.57,12.98,12.909999999999997,-23.589999999999996,5.610000000000001,4.1291534612176815,10.49,0.27,8.06,2.5,0.31,19.993250620347396,29.89070306038048,25.40808933002482,27.98658395368073,34.531993382961126,37.42,28.11,21.31,2.14,2.14,9,2010,-0.012315270935960854,6.0,48.36
2010-12-31,47.120000000000005,3.740000000000002,0.623094049904031,0.0009596928982725255,23.099999999999994,9.030000000000001,14.61,67.0,0.0,38.08999999999999,7.330000000000002,17.98,23.1,0.0,173.09,313.8,489.86,20.0,0.36,22.99,74.7,29.85,104.55,60.0,384.11,24.87,-8.34,-8.530000000000008,5.579999999999998,26.885828877005334,10.47,0.27,8.68,2.5,0.29,3.0551708253358942,4.798111324376202,3.893619961612286,4.21234548944338,5.487247600767757,30.12,23.78,19.35,2.32,2.32,12,2010,0.005760368663594306,6.002304147465438,52.1
2011-03-31,54.68,15.69,2.62,0.0,23.42,22.84,28.33,64.0,0.0,31.84,12.44,16.9,23.3,0.0,158.03,285.6,470.34,6.0,0.27,15.33,49.74,28.9,78.64,60.0,390.46,7.85,15.08,-24.01,5.49,6.1075,9.83,0.2,2.62,0.0,0.0,13.36,19.6,16.08,17.12,21.72,36.23,28.69,37.44,3.18,3.18,3,2011,0.0,5.988549618320611,15.69
2011-06-30,53.529999999999994,15.959999999999999,2.6574786729857816,3.5,24.22,23.01,28.42,73.0,0.0,30.52,13.12,25.72,23.16,0.0,132.46,282.02,446.53,6.0,0.02,7.65,37.85,27.46,65.32,60.0,380.03,9.540000000000001,30.22,-30.94,5.41,6.866423872180451,11.53,0.17,5.27,3.5,0.66,14.300966824644549,20.2714691943128,16.802123222748815,17.407241706161138,22.631431279620855,36.79,29.25,43.25,3.5,3.5,6,2011,21.019924098671726,6.0056925996204935,31.65
2011-09-30,53.2,15.520000000000003,2.5861182955268185,-0.0025779820979383796,22.67,22.389999999999993,27.950000000000003,69.0,0.0,30.810000000000002,12.370000000000001,29.3,22.52,0.0,133.2,277.69,443.94,0.0,0.19,7.47,28.39,26.61,55.0,60.0,387.72,11.009999999999998,0.8100000000000023,-8.229999999999997,5.5600000000000005,6.671272551546391,10.68,0.14,7.86,3.5,0.45,13.990044519821925,19.451821072715713,16.016824252702992,16.22739877040492,21.61020987916049,36.78,29.22,49.45,4.69,4.69,9,2011,-0.015471172463072946,6.0012722646310435,47.17
2011-12-31,57.0,10.489999999999995,1.7483333333333324,-0.0007421543681089086,24.980000000000004,15.190000000000012,20.569999999999993,70.0,0.0,41.80999999999999,16.03,43.92,39.85,0.0,166.97,274.47,473.78,0.0,12.98,7.48,46.46,24.7,71.16,60.0,401.36,17.89,-1.2800000000000011,-1.990000000000002,5.379999999999999,10.003927550047669,10.46,0.18,9.61,3.5,0.36,8.856281651057921,12.604009712105439,10.457252861602493,10.682844259451954,14.20498092265001,31.27,26.4,50.87,3.59,3.59,12,2011,-0.004452926208653452,6.0,57.66
2012-03-31,46.84,12.3,2.05,0.0,24.49,16.11,21.69,85.0,0.0,30.73,14.07,9.81,26.17,0.0,167.78,270.92,470.89,0.0,0.02,7.71,29.07,23.33,52.4,60.0,417.19,11.13,-43.22,-2.02,5.58,10.365,12.22,0.13,2.05,0.0,0.0,10.44,13.68,11.8,12.2,14.599999999999998,28.07,26.26,67.13,5.77,5.77,3,2012,0.0,6.000000000000001,12.3
2012-06-30,48.56999999999999,11.779999999999998,1.9617026578073087,4.2,24.55,15.899999999999999,21.499999999999996,99.0,0.0,32.67,14.02,14.48,30.99,0.0,156.72,268.41,457.62,0.0,0.48,8.22,28.03,21.05,49.07,60.0,407.34,9.909999999999998,22.08,-27.330000000000002,5.6,12.61747028862479,14.58,0.12,4.01,4.2,1.05,10.292823920265779,13.85421926910299,11.564750830564781,11.975681063122922,14.578239202657807,27.01,25.24,72.75,5.59,5.59,6,2012,25.220947630922694,6.00498753117207,24.08
2012-09-30,74.37,16.260000000000005,2.7086564204263763,-0.001407240451176688,25.470000000000006,18.1,24.010000000000005,96.0,-12.22,56.27,10.669999999999998,16.53,36.6,0.0,173.03,266.91,471.83,0.0,1.16,1.12,22.49,20.62,43.12,60.0,427.39,-21.82,33.44,-9.57,5.91,8.863139606396063,13.48,0.1,6.72,4.2,0.63,13.785126425384238,17.638512642538426,15.220069410014876,15.961725334655432,17.977094695091726,29.89,23.76,87.91,7.69,7.69,9,2012,-0.008447630922688631,6.002976190476192,40.34
2012-12-31,56.16,23.389999999999993,3.8977216381609905,-0.0014239761493806385,35.33999999999999,28.03,27.39999999999999,101.0,-12.18,28.13000000000001,22.29,14.12,33.46,0.0,187.8,271.31,490.92,0.0,0.74,1.07,25.71,19.48,45.19,60.0,444.36,23.75,-25.950000000000003,-0.21000000000000085,-0.629999999999999,6.477899743480121,13.64,0.1,10.62,4.2,0.4,19.055528008787068,23.782708300643336,21.05210105131021,22.123790993252783,24.66354934881531,34.61,28.21,128.1,7.3,7.3,12,2012,-0.00854519774011564,6.000941619585688,63.73
2013-03-31,59.89,21.15,3.5300000000000002,0.0,28.21,26.57,30.87,124.0,0.0,33.32,15.56,12.13,35.12,0.0,209.52,271.98,520.19,0.0,0.79,1.02,25.63,18.12,43.75,60.0,474.9,11.63,-13.4,-0.21,4.3,8.7825,15.67,0.09,3.53,0.0,0.0,16.28,21.44,17.8,18.96,21.48,44.37,35.31,664.25,8.17,8.17,3,2013,0.0,5.991501416430594,21.15
2013-06-30,51.370000000000005,14.270000000000003,2.376990400903445,5.0,27.04,17.9,22.429999999999996,156.0,0.0,33.470000000000006,15.040000000000001,10.78,39.96,0.0,189.83,271.46,500.84,0.0,14.2,1.06,24.19,19.1,43.29,60.0,456.24,13.01,16.62,-30.99,4.53,16.406881569726696,20.52,0.09,5.9,5.0,0.85,11.393438735177867,14.954895539243367,12.50538678712592,13.214455110107284,15.035471485036703,37.28,31.84,555.88,7.85,7.85,6,2013,30.016949152542374,6.003389830508475,35.42
2013-09-30,53.239999999999995,13.96,2.3266666666666667,-0.0028248587570622874,28.849999999999994,17.43,22.180000000000007,190.0,0.0,35.80999999999999,16.309999999999995,12.51,40.8,0.0,196.86,279.65,515.72,0.0,17.55,1.03,25.24,19.51,44.75,60.0,469.61,16.589999999999996,-14.64,-0.22000000000000242,4.75,20.41877148997135,24.28,0.1,8.23,5.0,0.61,10.821968408262455,14.180510328068044,11.896249493722154,12.450352369380315,14.270976103685701,34.01,30.02,515.83,7.8,7.8,9,2013,-0.016949152542373724,6.0,49.38
2013-12-31,55.68000000000001,17.93,2.988777299064032,-0.0007428316743425105,29.30000000000001,22.509999999999998,27.33999999999999,200.0,0.0,33.18000000000001,17.549999999999997,12.42,44.24,0.0,208.85,282.92,530.44,0.0,16.26,1.36,25.68,18.64,44.32,60.0,484.73,16.75,-16.64,-0.2099999999999973,4.83,16.733648912437253,24.76,0.09,11.22,5.0,0.45,13.521420294161343,17.613008468281087,14.800041598573761,15.439352250779974,17.81545684147972,34.6,30.57,496.53,8.13,8.13,12,2013,-0.00445632798573925,5.999108734402852,67.31
2014-03-31,55.67,14.11,2.35,0.0,29.12,17.73,22.38,215.0,0.0,37.94,15.86,9.77,35.68,0.0,205.44,310.57,554.86,0.0,0.0,1.29,34.44,19.2,53.64,60.0,499.79,20.46,-22.89,-0.21,4.65,22.8725,25.81,0.11,2.35,0.0,0.0,10.16,13.2,11.28,11.6,13.64,26.94,25.35,443.25,5.97,5.97,3,2014,0.0,6.004255319148935,14.11
2014-06-30,58.0,13.780000000000001,2.297490139835067,5.5,29.779999999999998,17.499999999999996,22.110000000000003,187.0,0.0,40.5,15.61,19.26,32.51,0.0,154.34,348.01,538.98,0.0,2.24,1.22,34.96,19.13,54.09,60.0,483.57,20.82,22.03,-33.37,4.609999999999999,20.3507946298984,23.2,0.11,4.65,5.5,1.18,10.217655073503048,13.399555396199355,11.403456435998566,11.73943348870563,13.814585873072787,26.01,24.54,440.38,4.41,4.41,6,2014,32.98817204301075,5.997849462365591,27.89
2014-09-30,72.14,27.5,4.582505867485105,0.0029639292834584383,30.43,34.51,38.919999999999995,165.0,0.0,37.64,18.9,17.77,34.58,0.0,157.58,391.66,586.46,0.0,1.63,0.47,41.58,37.07,78.64,60.0,506.47,17.229999999999997,-35.47,16.75,4.41,9.003392727272727,19.55,0.16,9.23,5.5,0.6,18.74706625744719,25.121863152193537,21.72594331106698,22.540169705723056,25.419750857555517,34.07,29.81,348.7,3.79,3.79,9,2014,0.01778678689174029,6.001083423618635,55.39
2014-12-31,58.03,16.810000000000002,2.800890581717452,0.0005306824968568322,30.260000000000005,21.5,27.47,159.5,0.0,36.519999999999996,20.06000000000001,24.33,33.21,0.0,153.12,422.1,612.44,0.0,1.74,0.47,30.51,57.09,87.6,60.0,523.45,28.46,-40.34,18.439999999999998,5.970000000000001,14.238132064247472,18.28,0.17,12.03,5.5,0.46,10.980049861495845,14.872891966759004,12.842653739612189,13.33624376731302,14.602814404432134,33.13,29.61,142.56,5.02,5.02,12,2014,0.0031849772463061754,6.00166251039069,72.2
2015-03-31,59.96,15.87,2.65,0.0,33.08,20.34,26.5,171.0,0.0,39.62,20.68,16.14,38.2,0.0,173.56,417.48,628.33,0.0,18.81,7.48,37.38,50.72,88.1,60.0,538.83,21.03,-28.59,-0.63,6.16,16.1325,19.04,0.16,2.65,0.0,0.0,10.12,13.76,11.8,12.24,13.76,26.96,26.47,39.88,4.64,4.64,3,2015,0.0,5.988679245283019,15.87
2015-06-30,60.96,12.800000000000002,2.134077432856645,5.5,32.96000000000001,17.06,23.32,168.0,0.0,43.910000000000004,18.96,14.98,43.44,0.0,154.62,413.16,604.25,0.0,20.31,17.98,46.39,39.11,85.5,60.0,518.75,8.66,27.07,-36.89,6.26,19.682626953124995,19.43,0.16,4.78,5.5,1.15,8.464876177188701,11.67938611789327,9.875688873386817,10.214998256016743,11.965120334844787,24.18,23.71,37.03,3.33,3.33,6,2015,32.98849372384937,5.997907949790795,28.67
2015-09-30,61.08999999999999,13.379999999999995,2.2305303210463725,0.000610202040805562,33.11,17.630000000000003,23.96,186.0,0.0,43.45,17.700000000000003,9.97,37.24,0.0,167.17,408.37,610.3,0.0,16.91,28.48,50.46,28.56,79.02,60.0,531.28,25.06,-29.45,-0.6199999999999974,6.33,20.84429185351271,21.01,0.15,7.01,5.5,0.78,8.769388822829962,11.709488703923896,10.06761474435196,10.309441141498214,12.511334126040426,23.58,23.1,36.44,3.31,3.31,9,2015,0.0036603417711660313,5.998573466476462,42.05
2015-12-31,60.48000000000002,14.350000000000001,2.391666666666667,0.0013076557299100955,32.72,18.379999999999995,26.489999999999995,210.0,0.0,42.10000000000001,18.629999999999995,7.6,38.64,0.0,151.49,406.57,590.92,0.0,16.17,0.49,24.84,18.0,42.84,60.0,548.16,16.590000000000003,17.64,-36.59,8.11,21.95080139372822,22.99,0.08,9.4,5.5,0.59,9.709148936170214,12.416312056737588,10.47244680851064,10.716702127659575,13.199964539007095,23.74,23.26,37.26,6.1,6.1,12,2015,0.007845934379460573,6.0,56.4
2016-03-31,58.97,14.93,2.49,0.0,34.2,18.78,24.97,200.0,0.0,40.19,19.43,22.12,37.41,0.0,171.24,401.97,606.63,0.0,11.83,0.49,22.59,19.93,42.52,60.0,564.2,18.84,-4.17,-0.15,6.19,20.080000000000002,21.27,0.08,2.49,0.0,0.0,9.84,12.16,10.6,10.84,12.88,25.62,25.32,0.0,7.58,7.58,3,2016,0.0,5.995983935742971,14.93
2016-06-30,61.900000000000006,16.91,2.8201036432160804,5.5,34.14999999999999,21.08,27.270000000000003,199.0,0.0,40.82000000000001,19.590000000000003,29.33,37.44,0.0,161.76,399.35,594.13,0.0,15.76,0.68,25.22,21.98,47.2,60.0,547.01,22.24,18.17,-33.190000000000005,6.19,17.642862211709048,21.83,0.09,5.31,5.5,1.04,11.386633165829146,14.127072864321608,12.363844221105527,12.703743718592966,14.891846733668341,27.16,26.34,664.33,6.41,6.41,6,2016,32.97928436911488,5.996233521657251,31.84
2016-09-30,59.78,18.16,3.025456,0.005651224105460741,36.120000000000005,22.660000000000004,28.910000000000004,187.0,0.0,37.11999999999999,23.29,11.14,37.42,0.0,182.8,397.0,612.57,0.0,17.28,1.42,25.87,20.75,46.61,60.0,565.95,25.239999999999995,-43.04,-0.3999999999999986,6.249999999999998,15.452918502202643,19.83,0.08,8.33,5.5,0.66,11.854848,14.862144,12.828224,13.235008,15.486848,28.37,27.68,625.2,7.07,7.07,9,2016,0.033920912997963626,6.002400960384153,50.0
2016-12-31,62.94999999999999,21.86,3.6443473420539942,-0.0037322471432216704,38.47999999999999,27.07,33.099999999999994,189.0,0.0,35.870000000000005,27.039999999999992,9.8,38.76,0.0,212.47,392.68,637.96,0.0,17.45,1.37,27.64,22.91,50.56,60.0,587.4,34.52000000000001,-35.720000000000006,-0.14999999999999858,6.030000000000001,12.968330283623054,19.31,0.09,11.98,5.5,0.46,13.701285833565265,17.74109657667687,14.88159198441414,15.40482048427498,17.862777623156134,30.22,29.5,0.0,7.69,7.69,12,2016,-0.022387252062763707,5.998330550918197,71.86
2017-03-31,62.23,19.83,3.31,0.0,37.39,24.87,31.53,203.0,0.0,37.36,24.57,11.08,38.21,0.0,232.99,387.94,654.13,0.0,11.23,1.32,23.62,22.61,46.23,60.0,607.89,21.67,-20.2,-0.18,6.66,15.332499999999998,20.04,0.08,3.31,0.0,0.0,12.12,15.8,13.04,13.52,15.760000000000002,32.79,31.87,1243.5,9.86,9.86,3,2017,0.0,5.990936555891238,19.83
2017-06-30,64.55000000000001,20.490000000000002,3.4150000000000005,7.0,37.78,25.609999999999996,32.46,204.0,0.0,38.95,25.740000000000002,26.0,44.74,0.0,201.48,400.88,633.96,0.0,13.23,1.95,25.79,21.84,47.63,60.0,586.33,23.03,34.08,-42.19,6.85,14.935519765739382,20.88,0.08,6.72,7.0,1.04,12.928214285714287,16.709107142857146,13.985238095238097,14.47309523809524,16.871726190476192,32.52,31.8,1009.6,7.81,7.81,6,2017,42.0,6.0,40.32
2017-09-30,64.78,22.83,3.803192399049881,0.003325415676959764,41.66,28.57,33.46,210.0,0.0,36.19,29.200000000000003,29.5,45.96,0.0,232.21,397.58,658.69,0.0,15.18,1.04,24.08,25.52,49.59,60.0,609.09,28.950000000000003,-25.340000000000003,-0.12000000000000455,4.889999999999999,13.802825229960579,20.69,0.08,10.52,7.0,0.67,13.867914489311163,17.989244655581945,14.99585748218527,15.545368171021376,18.01816627078385,33.57,32.97,1317.5,9.64,9.64,9,2017,0.01996197718631265,6.002851711026616,63.15
