,revenue,net_profit,eps,dps,gross_profit,ebit,ebitda,close_price,allowance_doubtful_accounts,expense,operating_profit,cash,account_receivable,inventory,current_asset,property_plant_equipment,total_asset,short_term_loan,account_payable,current_portion_long_term_debt,current_liability,non_current_liability,total_liability,paid_in_capital,total_equity,cash_flow_operation,cash_flow_investment,cash_flow_financing,depreciation,P/E,P/BV,D/E,EPS,DPS,DPR%,ROA%,ROAA%,ROE%,ROAE%,ROCE%,NPM%,NPMA%,CurrentRatio,QuickRatio,month,year,dividend,number_of_shares,return_old
2000-03-31,96.14,-22.22,-0.48,0.0,13.03,-12.46,-7.2,0.25,0.0,108.6,-15.16,24.9,11.28,496.14,573.62,24.44,2669.62,214.27,37.83,226.98,852.89,1198.74,2051.63,460.0,617.98,28.5,9.56,-54.8,5.26,-0.1275,0.18,3.32,-0.48,0.0,0.0,-3.32,0.0,-14.4,0.0,-2.76,-23.98,-23.11,0.67,0.09,3,2000,0.0,46.291666666666664,-22.22
2000-06-30,85.39999999999999,26.18,0.595,0.0,11.62,-41.949999999999996,-39.779999999999994,0.16,13.93,127.35,-18.599999999999998,13.11,10.8,429.32,489.03,23.72,2580.68,177.15,40.43,313.45,744.99,1193.26,1938.25,460.0,642.41,35.42,13.839999999999998,-47.59,2.17,0.06504201680672268,0.11,3.02,0.09,0.0,0.0,3.966666666666667,0.0,16.395555555555557,0.0,-78.27555555555556,2.28,2.18,0.66,0.08,6,2000,0.0,44.0,3.96
2000-09-30,94.33000000000001,-29.85,-0.6456546929316339,0.0,3.8800000000000026,-24.89,-21.360000000000007,0.15,13.93,119.22000000000003,-17.130000000000003,17.94,9.64,349.77,411.53,23.21,2509.32,171.54,41.5,265.34,698.21,1197.88,1896.1,460.0,613.21,39.83,18.67,-53.67,3.530000000000001,-0.058545226130653265,0.11,3.09,-0.56,0.0,0.0,-4.7501738122827355,0.0,-19.461877172653534,0.0,-20.19976825028969,-9.79,-9.38,0.59,0.09,9,2000,0.0,46.232142857142854,-25.89
2000-12-31,184.36,-29.049999999999997,-0.6292227884965417,0.0,3.990000000000002,-26.28,-22.75999999999999,0.16,0.0,210.63999999999993,-30.769999999999996,29.22,6.6,233.71,297.16,21.93,2365.2,169.58,42.3,88.36,627.83,1154.98,1782.81,460.0,582.38,103.09,4.469999999999999,-98.41999999999999,3.5199999999999996,-0.06146471600688469,0.12,3.06,-1.19,0.0,0.0,-4.906880232981433,0.0,-19.94477611940298,0.0,-12.85941026574445,-12.22,-11.94,0.47,0.1,12,2000,0.0,46.168067226890756,-54.94
2001-03-31,179.64,40.22,0.87,0.0,15.82,-8.99,-5.57,0.17,0.0,188.64,-12.7,53.98,13.52,157.24,256.61,23.64,2165.9,69.2,52.47,41.89,494.8,1118.55,1613.35,460.0,552.54,107.16,-0.28,-82.12,3.42,0.0475,0.14,2.92,0.87,0.0,0.0,7.44,-1.4799999999999998,29.12,27.48,-2.16,22.9,22.39,0.52,0.2,3,2001,0.0,46.229885057471265,40.22
2001-06-30,159.08000000000004,-16.549999999999997,-0.3565906210392902,0.0,12.870000000000001,36.910000000000004,40.0,0.33,0.0,122.16000000000003,-18.09,78.13,9.95,88.87,196.11,23.01,2112.15,66.73,47.81,28.59,475.2,1103.33,1578.54,460.0,533.6,59.58000000000001,5.260000000000001,-40.489999999999995,3.09,-0.23240936555891245,0.28,2.96,0.51,0.0,0.0,-3.1324038867765096,-3.3281791297000414,-12.417743979721164,-11.271060414026191,-4.782509505703421,8.48,6.99,0.41,0.23,6,2001,0.0,46.411764705882355,23.67
2001-09-30,80.58999999999997,4.639999999999997,0.10161780289650295,0.0,17.219999999999995,-51.13,-48.269999999999996,0.43,0.0,131.71999999999997,-3.8400000000000034,86.3,10.35,91.89,222.37,22.42,2075.73,59.37,47.8,286.52,715.23,823.73,1538.96,460.0,536.76,34.03,7.459999999999999,-33.32000000000001,2.8599999999999994,1.0524730603448282,0.37,2.87,0.62,0.0,0.0,0.8916142705757678,-0.6621547156481805,3.4550052984810997,3.225545743553513,-1.121073825503355,6.97,6.75,0.31,0.18,9,2001,0.0,45.66129032258064,28.31
2001-12-31,258.05,273.16,5.93491226324344,0.0,13.400000000000006,172.33,174.86,0.58,0.0,85.72000000000003,-15.219999999999999,19.19,8.67,38.49,85.26,21.29,1698.32,74.6,52.34,329.44,674.06,439.57,1113.63,460.0,584.7,-30.230000000000018,-78.92,42.05000000000001,2.530000000000001,0.02483187509152145,0.46,1.9,6.55,0.0,0.0,64.33263674660829,26.602904434935482,186.87271834676753,187.23515573688925,52.77088400172488,63.79,44.51,0.13,0.07,12,2001,0.0,46.025954198473286,301.47
2002-03-31,77.59,50.63,1.1,0.0,16.68,-77.19,-75.81,1.07,0.0,154.78,-7.47,15.34,10.69,647.45,698.19,21.36,1786.3,54.84,121.37,403.0,818.52,332.48,1150.99,460.0,635.32,-84.35,-3.57,84.06,1.38,0.2425,0.77,1.81,1.1,0.0,0.0,11.32,-15.639999999999999,31.88,34.08,-31.919999999999998,75.84,65.25,0.85,0.06,3,2002,0.0,46.027272727272724,50.63
2002-06-30,698.77,65.46000000000001,0.9360289430614178,0.0,128.65,172.20999999999998,173.64,2.15,0.0,526.5600000000001,84.1,374.07,19.23,154.99,606.13,21.12,1700.09,92.0,32.04,32.78,331.46,216.87,548.33,911.0,1151.76,396.80999999999995,-23.32,-14.760000000000005,1.4300000000000002,0.5719374427131072,1.7,0.48,1.66,0.0,0.0,15.405006460504783,11.232347316737016,22.73535360496167,31.0806718924972,15.653110517701785,15.35,14.95,1.83,1.36,6,2002,0.0,69.93373493975905,116.09
2002-09-30,141.87,29.829999999999984,0.3863671874999998,0.0,25.829999999999984,27.400000000000006,28.89,1.31,0.0,114.46999999999991,-8.239999999999995,252.79,11.78,85.85,413.45,22.34,1759.89,250.78,26.33,14.13,454.4,123.91,578.3,911.0,1181.58,-173.32999999999998,-28.589999999999996,80.64999999999999,1.4899999999999998,0.8438216560509557,1.01,0.49,1.89,0.0,0.0,6.778802083333329,5.216979166666664,10.098697916666662,13.884687499999995,7.670104166666664,16.93,15.89,0.91,0.72,9,2002,0.0,77.2063492063492,145.92
2002-12-31,152.97000000000003,17.05000000000001,0.21028716941768438,0.0,41.03,19.010000000000005,20.640000000000015,2.03,0.0,133.95000000000005,-0.18000000000000682,297.68,46.27,159.66,1016.37,23.9,2059.46,565.22,48.25,7.76,802.13,45.02,847.15,924.65,1212.3,-153.79,-45.04,243.71000000000004,1.63,2.4134853372434004,1.55,0.7,2.01,0.0,0.0,3.310192059888325,3.151168926796345,5.624397128305827,7.5912621954961095,4.707921703380994,16.39,15.21,1.27,1.07,12,2002,0.0,81.07960199004975,162.97
2003-03-31,177.8,31.73,0.34,0.0,47.62,36.15,38.79,2.07,0.0,141.66,7.79,91.1,21.15,911.3,1100.05,32.82,2168.48,546.0,36.74,7.64,792.49,122.66,915.15,933.82,1253.32,-248.5,-19.93,67.08,2.64,1.52,1.54,0.73,0.34,0.0,0.0,5.84,7.32,10.12,13.44,10.52,21.35,17.85,1.39,0.24,3,2003,0.0,93.3235294117647,31.73
2003-06-30,240.38,48.769999999999996,0.5210211180124223,1.0,75.69999999999999,51.64000000000001,54.77,2.41,0.0,188.73999999999998,29.0,36.45,50.62,43.16,1416.52,32.64,2399.76,525.23,31.01,106.64,899.06,291.71,1190.77,934.09,1208.97,-226.18,16.89,154.64,3.1299999999999994,1.1595499282345705,1.86,0.98,0.86,1.0,1.16,8.118236024844721,10.371955279503105,16.13953788819876,16.52727453416149,14.17662111801242,22.06,19.25,1.58,1.53,6,2003,93.6046511627907,93.6046511627907,80.5
2003-09-30,528.27,129.61,1.3879515491885204,-0.002381919548232229,187.62,131.07,133.67,3.89,0.0,397.20000000000005,139.51000000000002,343.7,73.69,1120.03,1728.21,88.48,2815.58,586.18,47.83,7.64,957.94,516.64,1474.58,935.81,1340.97,178.01,-62.13,191.35999999999999,2.5999999999999996,0.7011231772239797,2.72,1.1,2.25,1.0,0.44,18.407321879015754,23.613682356860693,38.6652458236162,41.108040550188,29.066789776783587,23.33,22.2,1.8,0.63,9,2003,-0.22242894056847717,93.38222222222223,210.11
2003-12-31,997.1299999999999,254.55,2.722664959325098,0.0011844263667102203,326.84999999999997,248.34999999999997,252.29999999999998,3.41,0.94,748.7699999999999,232.18,333.26,72.54,1325.98,1792.69,91.06,2896.55,472.86,115.98,57.64,648.41,648.98,1297.39,938.42,1599.15,116.04000000000002,82.05,-208.52999999999997,3.950000000000001,0.3148845020624631,2.0,0.81,4.97,1.0,0.2,35.148125511126416,41.30562131450954,63.678586493349975,72.42179227822494,45.534791030000434,24.72,23.91,2.76,0.72,12,2003,0.11073552425665412,93.49295774647888,464.66
2004-03-31,174.09,17.34,0.18,2.5,73.15,21.89,27.28,2.82,0.26,152.2,16.29,109.22,19.5,1510.34,1706.44,737.47,3050.06,475.01,39.83,230.69,1110.11,311.68,1421.79,946.83,1628.25,-123.3,-221.55,120.81,5.39,3.915,1.64,0.87,0.18,2.5,13.89,2.28,3.36,4.24,4.8,4.52,10.35,9.96,1.54,0.18,3,2004,240.83333333333337,96.33333333333334,17.34
2004-06-30,779.88,154.18,0.16180270522388057,2.2472597947761193,239.18999999999997,170.89999999999998,174.69,2.66,4.68,608.98,176.08,468.4,41.85,1479.0,2041.89,79.33,3398.16,580.07,63.7,67.1,1059.65,310.9,1370.55,1190.22,2027.59,201.99,-28.94999999999999,186.14999999999998,3.79,4.1105616811519,1.56,0.68,0.18,2.5,13.89,18.157859141791043,23.910844216417914,30.418908582089554,38.113526119402984,29.62787313432836,18.26,17.98,1.93,0.53,6,2004,2141.388888888889,952.888888888889,171.52
2004-09-30,1209.9599999999998,264.87,0.2427828318705745,0.3164282204246453,410.36000000000007,314.85,320.03,2.86,4.68,895.11,305.14,580.68,32.1,1183.36,2155.88,77.45,3499.08,351.03,147.7,366.07,1194.97,10.3,1205.27,1191.26,2293.78,343.65,-1.3100000000000023,-230.07,5.18,2.9450187827991092,1.49,0.53,0.4,2.5,6.25,30.275019134260642,39.03947936478838,46.17729462178327,58.29215793212494,53.48505786108756,20.39,20.17,1.8,0.81,9,2004,345.2152777777774,1090.975,436.39
2004-12-31,314.47000000000025,12.0,0.010972590824951492,0.006078692655947176,84.70999999999992,7.720000000000027,13.0,2.9,5.11,306.75,-8.069999999999993,125.52,20.55,2399.09,3073.18,77.69,4423.08,1296.35,94.17,302.1,2088.94,10.2,2099.14,1205.6,2323.93,-1353.59,-1.3700000000000045,899.8100000000001,5.280000000000001,66.04411041666667,1.5,0.9,0.41,2.5,6.1,1.0854836191708113,1.507259305515288,2.0649880684225788,2.447155378130645,2.363656638194429,18.35,18.09,1.47,0.32,12,2004,6.647865853658914,1093.6341463414635,448.39
2005-03-31,708.91,108.94,0.08,0.0,263.13,176.29,181.87,3.2,0.0,532.62,174.29,525.43,21.01,2440.24,3393.08,79.29,4539.68,1111.25,105.39,302.05,1970.06,10.19,1980.25,1305.46,2559.39,462.53,-3.49,-59.14,5.58,10.000000000000002,1.63,0.77,0.08,0.0,0.0,9.6,18.6,17.04,20.8,27.44,15.49,15.37,1.72,0.48,3,2005,0.0,1361.75,108.94
2005-06-30,767.39,123.69999999999999,0.09571011004126548,0.2,294.98,201.56000000000003,206.64999999999998,3.32,-1.17,565.83,194.29999999999998,372.11,7.82,2504.86,3179.05,80.84,4489.62,1010.12,139.99,302.23,2030.01,10.52,2040.52,1327.02,2449.03,187.91000000000008,-6.25,-334.97,5.09,8.669930476960388,1.8,0.83,0.18,0.2,1.11,11.01729711141678,20.375618982118294,20.205467675378266,22.09840096286107,32.66905089408528,15.87,15.76,1.57,0.33,6,2005,258.4888888888889,1292.4444444444443,232.64
2005-09-30,1292.6499999999999,238.07,0.18207643772173948,0.002307153024155032,436.63,337.85,343.56000000000006,3.28,0.0,954.8,325.50000000000006,419.44,8.12,2379.71,3087.09,84.18,4407.62,636.62,198.74,2.24,1500.49,200.15,1700.64,1342.81,2706.91,468.3899999999999,-12.15,-408.91999999999996,5.709999999999999,4.503053828705843,1.63,0.63,0.36,0.2,0.56,21.606403942979753,36.617594697372056,35.18121391090056,38.09443691444838,49.808021074546964,17.15,17.0,2.06,0.47,9,2005,3.0166666666667084,1307.5277777777778,470.71
2005-12-31,813.6800000000003,117.67000000000002,0.08599561507869066,0.008886452821494775,254.46000000000004,160.4699999999999,166.57999999999993,3.4,0.0,653.21,106.75999999999999,288.84,3.57,2532.89,3169.87,83.07,4523.7,232.71,227.19,2.26,1182.71,349.54,1532.26,1475.7,2991.34,14.730000000000018,-2.3200000000000003,-143.01,6.109999999999999,9.888004164187981,1.68,0.51,0.43,0.2,0.47,10.407469322546655,15.671200924572558,15.735197661375306,17.711096910160105,20.974930487100178,16.8,16.42,2.68,0.54,12,2005,12.159560723514176,1368.3255813953488,588.38
2006-03-31,425.12,50.6,0.03,0.0,149.06,82.49,88.61,4.12,0.0,342.63,43.03,224.42,16.05,3671.68,4166.68,90.41,5729.79,576.98,301.23,323.36,2106.31,583.06,2689.37,1475.7,3040.38,-779.4,-184.0,898.99,6.12,34.3325,2.0,0.88,0.03,0.0,0.0,3.52,6.440000000000001,6.64,7.24,9.12,13.15,11.9,1.98,0.24,3,2006,0.0,1686.6666666666667,50.6
2006-06-30,1942.7800000000002,322.08,0.21605667060212513,0.21999999999999997,629.22,441.45000000000005,448.03999999999996,3.88,0.0,1501.33,426.33000000000004,448.66,6.39,3283.36,4007.52,98.92,5587.69,504.82,205.96,314.96,2004.51,545.34,2549.86,1475.7,3037.81,666.04,10.840000000000003,-452.64,6.590000000000001,4.489562841530055,1.88,0.84,0.25,0.22,0.88,23.057567886658795,35.95182998819362,42.416245572609206,46.94479338842975,50.53997638724911,16.13,15.74,2.0,0.36,6,2006,327.9584,1490.72,372.68
2006-09-30,1392.6599999999999,223.82,0.15008885163453478,0.08007818943839062,441.73,324.64,331.6,4.9,0.0,1068.02,314.59000000000003,276.7,8.57,3302.38,3900.27,104.26,5516.71,324.92,455.64,382.83,2127.07,246.0,2373.08,1475.7,3143.58,363.62,-3.6599999999999966,-531.9200000000001,6.960000000000001,8.161832052542222,2.3,0.75,0.4,0.3,0.75,16.224604861693212,25.66519362950545,28.486864040234703,30.60311684828164,37.56723956412406,16.16,15.86,1.83,0.28,9,2006,119.41660000000002,1491.25,596.5
2006-12-31,1259.9299999999998,168.73000000000002,0.11465781529736159,-0.00400663852697884,368.0,248.41999999999996,256.22,5.6,0.0,1011.5099999999998,218.2199999999999,275.35,7.33,3761.31,4323.86,94.74,5969.8,391.82,350.4,642.07,2410.52,246.91,2657.43,1475.7,3312.3,-311.77,-14.469999999999999,324.89,7.799999999999997,12.211117021276593,2.49,0.8,0.52,0.3,0.58,11.307024554709043,18.442268598983315,20.37381179514656,21.414551964768766,27.182722057420648,15.55,15.24,1.79,0.23,12,2006,-5.896153846153879,1471.5961538461538,765.23
2007-03-31,1067.28,202.17,0.14,0.0,389.78,261.94,270.08,5.85,0.0,805.34,252.54,262.83,8.09,4346.89,5468.87,96.98,7076.37,913.23,194.48,930.03,3125.6,436.22,3561.82,1475.7,3514.47,-1046.28,35.39,998.37,8.14,10.4475,2.46,1.01,0.14,0.0,0.0,11.44,16.36,23.0,24.68,26.52,19.13,18.94,1.75,0.36,3,2007,0.0,1444.0714285714284,202.17
2007-06-30,1941.82,290.72,0.19464302379841347,0.18,636.3399999999999,432.42,440.88000000000005,8.0,0.0,1509.3999999999996,417.6,458.67,4.85,4575.03,5291.14,95.09,7062.22,603.88,647.23,741.98,3066.54,456.06,3522.6,1475.7,3539.57,837.99,102.69000000000001,-744.84,8.46,10.274193037974682,3.34,1.0,0.33,0.18,0.55,16.467979468035466,25.905216985534302,32.86517965468969,35.36604759682688,41.00479701353244,16.55,16.38,1.73,0.23,6,2007,268.8490909090909,1493.6060606060605,492.89
2007-09-30,2208.69,360.20000000000005,0.2448932703466223,0.09721451109815768,697.5600000000002,495.5400000000001,504.29999999999995,8.2,0.0,1713.15,491.82000000000005,558.99,8.85,4685.87,5455.95,92.32,7229.42,965.81,683.52,116.81,2731.44,745.73,3477.17,1475.7,3752.19,182.64999999999998,39.44,-121.77000000000001,8.759999999999998,8.372218628539699,3.22,0.93,0.58,0.28,0.48,19.92924544889754,31.532119706009922,38.406020466773725,41.783858678451274,44.671910349435585,16.48,16.35,2.0,0.28,9,2007,142.98746081504714,1470.844827586207,853.09
2007-12-31,1605.9800000000005,74.64999999999998,0.05069254316942245,0.0003343311852384271,616.8099999999997,203.01999999999998,211.9000000000001,7.8,0.0,1402.9600000000005,424.96000000000004,454.82,5.95,5034.0,5664.7,93.12,7175.76,441.89,554.22,760.12,2827.99,520.81,3348.8,1475.7,3826.85,-6.079999999999998,12.039999999999992,-110.13999999999999,8.880000000000003,38.464237106497,3.01,0.88,0.63,0.28,0.44,4.161616401146872,6.820158665143249,7.8018237868368265,8.365074266497075,10.312311639036796,13.74,13.6,2.0,0.22,12,2007,0.4923371647509498,1472.6031746031747,927.74
2008-03-31,1399.29,204.33,0.14,0.0,422.26,269.64,278.55,7.8,0.0,1129.65,263.61,269.27,1.49,5364.31,5963.45,99.34,7363.74,240.44,413.74,312.6,2146.78,1185.66,3332.44,1475.7,4031.18,-191.97,-4.95,11.37,8.91,13.927500000000002,2.86,0.83,0.14,0.0,0.0,11.08,14.92,20.28,21.68,20.68,14.69,14.6,2.78,0.28,3,2008,0.0,1459.5,204.33
2008-06-30,2260.09,404.78,0.2724627735548587,0.22,712.19,570.38,579.74,5.75,0.0,1689.6999999999998,566.72,303.49,1.7,5515.84,6159.71,93.19,7621.56,861.68,600.0,325.92,2866.31,643.84,3510.15,1475.7,4111.3,296.9,-29.51,-233.17000000000002,9.36,5.274298507831415,2.06,0.85,0.41,0.22,0.54,21.238805470276304,30.409503702122766,39.39412979593177,42.318120536520496,46.96992398745711,16.73,16.65,2.15,0.22,6,2008,326.839512195122,1485.6341463414635,609.11
2008-09-30,2129.45,364.99,0.24729842931937177,0.1385503767079555,648.53,524.49,533.9100000000001,3.64,0.0,1604.9699999999998,517.85,925.59,2.84,4871.83,6094.89,89.88,7575.95,1139.14,499.99,444.7,3055.81,250.34,3306.15,1475.7,4269.69,858.99,-32.169999999999995,-204.71999999999997,9.420000000000002,3.6829995342338147,1.26,0.77,0.66,0.36,0.55,19.27428970331588,27.622485165794068,34.18713438045375,36.40532635253054,45.248118673647475,16.91,16.83,1.99,0.4,9,2008,204.48776053215067,1475.9090909090908,974.1
2008-12-31,1514.8599999999997,231.34000000000003,0.1573689275285373,-0.0014351304389795879,458.15999999999985,345.3399999999999,354.51,2.18,0.0,1169.5300000000007,308.04999999999995,640.75,2.5,5185.45,7228.13,86.78,8846.5,1345.08,691.67,718.61,3811.89,550.13,4362.02,1475.7,4484.34,-27.789999999999964,-1020.4399999999999,763.38,9.169999999999998,3.46510590472897,0.72,0.97,0.82,0.36,0.44,10.463114547385189,16.381721529068223,20.63452083886382,22.269622378550572,26.069506238385987,16.67,16.5,1.9,0.54,12,2008,-2.1097117516628714,1470.048780487805,1205.44
2009-03-31,2078.52,364.46,0.25,0.0,623.96,507.28,515.96,2.6,0.0,1571.24,469.97,1067.18,2.2,4928.5,7214.18,82.66,8669.79,972.69,555.8,503.46,3174.47,647.59,3822.06,1475.7,4847.61,408.58,508.14,-490.28,8.68,2.6,0.79,0.79,0.25,0.0,0.0,16.8,25.319999999999997,30.08,32.84,36.92,17.9,17.53,2.27,0.72,3,2009,0.0,1457.84,364.46
2009-06-30,2310.43,405.34999999999997,0.27381042075317286,0.27,723.1599999999999,579.4100000000001,587.74,5.15,0.0,1731.0200000000002,573.9100000000001,977.33,4.62,4920.49,6915.63,80.68,8364.98,1023.43,379.15,229.91,2913.92,596.46,3510.39,1475.7,4854.51,401.68,180.77999999999997,-672.31,8.330000000000002,4.700332428765265,1.57,0.72,0.52,0.27,0.52,19.377352853301463,28.644782478793466,33.40487133188709,36.16403787947676,41.998306075525136,17.82,17.54,2.37,0.68,6,2009,399.70903846153846,1480.403846153846,769.81
2009-09-30,2132.5200000000004,399.10000000000014,0.2731433557758939,0.15643981934517562,732.9500000000003,571.5899999999999,580.0699999999999,7.35,0.0,1560.92,579.5699999999999,561.51,2.23,4540.27,6289.43,79.79,7723.08,455.84,411.94,514.8,2460.12,240.79,2700.91,1475.7,5022.07,215.76999999999998,238.87,-870.47,8.479999999999997,6.729067213730892,2.16,0.54,0.8,0.43,0.54,20.676952032235167,29.608739766106893,31.793886612314047,34.36143415660745,43.03373570249207,18.11,17.92,2.56,0.71,9,2009,228.58008653846156,1461.1375,1168.91
2009-12-31,2070.9800000000005,189.77999999999997,0.1299011547888039,-5.3129301017876985e-05,592.9499999999998,300.24,308.9100000000001,7.1,0.0,1770.75,365.98,992.15,2.4,4906.94,6584.06,80.5,8088.04,284.99,723.96,476.5,2510.84,308.29,2819.13,1475.7,5268.8,399.35000000000014,149.94000000000005,-118.63999999999987,8.669999999999998,13.65634511012752,1.99,0.54,0.93,0.43,0.46,9.386406023449055,12.92306972157004,14.409250675282808,15.565789988886351,19.622058306162547,15.96,15.81,2.62,0.67,12,2009,-0.0776196236558917,1460.9569892473119,1358.69
2010-03-31,1542.53,270.92,0.18,0.34,465.29,357.19,366.02,7.65,0.0,1185.34,311.27,648.77,3.24,6106.77,7298.98,88.76,8580.96,51.86,894.96,669.14,2777.55,280.53,3058.08,1475.7,5522.72,-544.34,272.09,-71.14,8.83,10.625,2.04,0.55,0.18,0.34,1.89,12.64,16.56,19.64,20.88,24.6,18.21,17.56,2.63,0.43,3,2010,511.73777777777786,1505.1111111111113,270.92
2010-06-30,3094.21,502.25999999999993,0.3377935280271088,-0.0041677803932389495,1032.1100000000001,751.3899999999999,759.01,8.55,0.0,2342.83,853.99,1087.73,4.4,5567.98,7229.28,86.52,8525.33,371.05,558.45,3.75,2157.92,844.05,3001.97,1475.7,5523.29,714.9000000000001,2.8700000000000045,-278.8,7.619999999999999,6.326941822960221,2.28,0.54,0.52,0.34,0.65,23.567594609275975,34.11714633073799,36.37776455676557,38.71633513541478,45.238348638092035,16.93,16.68,3.35,0.77,6,2010,-6.197008547008636,1486.8846153846152,773.18
2010-09-30,1840.5500000000002,293.31000000000006,0.19801704657333874,0.17870345352872144,642.0999999999999,415.94000000000005,423.6200000000001,10.5,0.0,1424.6000000000004,466.8800000000001,790.1,3.71,7803.32,8761.44,87.08,10042.34,984.84,746.64,224.69,3152.54,1338.7,4491.25,1475.7,5550.99,-1362.45,-0.2899999999999636,1065.11,7.68,13.25340441853329,2.79,0.81,0.72,0.52,0.72,11.683005747826986,18.877625106658297,21.132819248187985,22.188910163245794,24.345095781488812,16.72,16.47,2.78,0.3,9,2010,264.7020085470085,1481.236111111111,1066.49
2010-12-31,3569.95,570.48,0.38683225715804204,-0.002287814274747461,1253.73,838.46,846.3800000000001,8.9,0.0,2731.5,985.7699999999998,1122.22,3.12,7295.37,8727.21,100.38,10381.36,886.45,900.03,4.41,3338.43,961.11,4299.54,1475.7,6081.8,1063.94,22.97999999999996,-754.81,7.919999999999998,5.7532689138970685,2.16,0.71,1.11,0.52,0.47,21.983224127503863,35.67220706549295,37.526213919619785,40.20267494211867,46.76836838793625,16.47,16.29,2.61,0.43,12,2010,-3.3739489489489642,1474.7477477477476,1636.97
2011-03-31,2540.91,405.61,0.27,0.38,848.28,577.41,585.29,10.6,0.0,1963.51,657.68,581.59,5.57,8389.69,9306.2,147.75,11073.87,542.95,800.39,835.56,4440.22,706.96,5147.18,1475.7,5926.68,-698.02,-71.66,229.05,7.88,9.815,2.64,0.87,0.27,0.38,1.41,14.639999999999999,23.52,27.360000000000003,28.36,34.8,16.19,15.96,2.1,0.21,3,2011,570.8585185185185,1502.2592592592591,405.61
2011-06-30,3723.1900000000005,576.46,0.3932797051126702,-0.00945819280439008,1228.53,831.1899999999999,839.3400000000001,9.55,0.0,2891.99,972.18,588.46,8.26,7834.04,8787.79,96.75,10437.5,600.93,843.56,40.05,3104.35,830.01,3934.36,1475.7,6503.14,1185.33,-0.10999999999999943,-1178.36,8.150000000000002,6.069153757415953,2.17,0.6,0.67,0.38,0.57,22.09410164244911,34.890366674473306,35.453871923589965,38.34183632531286,45.103899314712805,15.82,15.68,2.83,0.31,6,2011,-13.86359314538413,1465.7761194029852,982.07
2011-09-30,5171.16,872.9499999999999,0.5929407769188472,0.2116679033271073,1677.9,1245.4,1253.75,11.1,0.0,3925.76,1449.9800000000002,1691.68,1.11,5905.72,7982.3,96.86,9643.66,8.22,848.98,3.79,2189.04,388.35,2577.39,1475.7,7066.25,2507.58,-18.77000000000001,-1385.58,8.349999999999998,4.680315653817516,2.32,0.36,1.26,0.59,0.47,36.216446183868634,50.748201097562294,49.41173140990393,55.34113917909241,67.01171955019352,16.32,16.22,3.65,0.95,9,2011,311.6255508173417,1472.2380952380952,1855.02
2011-12-31,1009.25,62.24000000000001,0.04220189228377998,0.0010310447995477922,343.1700000000001,96.28999999999996,104.82999999999993,12.8,0.0,912.9599999999991,-357.1700000000001,294.96,195.98,7408.41,7901.6,236.83,9593.07,384.84,1334.52,215.4,2335.47,129.08,2464.54,1475.7,7128.5,-1718.1899999999998,14.040000000000006,307.41999999999985,8.540000000000003,75.85560330976863,2.65,0.35,1.3,0.59,0.45,2.5957410053931134,3.576123426139387,3.4930181613344047,3.769602870763486,4.921389900170035,15.54,15.41,3.38,0.21,12,2011,1.5206007326007693,1474.8153846153846,1917.26
2012-03-31,2183.26,294.43,0.2,0.44,635.83,378.7,387.15,15.5,0.0,1804.56,450.15,596.49,0.47,7759.17,8641.06,237.04,10358.38,562.43,235.86,415.06,3447.97,131.14,3579.11,1475.7,6779.21,-50.92,-23.98,376.43,8.45,19.375,3.37,0.53,0.2,0.44,2.2,11.36,14.12,17.36,18.52,21.92,13.67,13.49,2.51,0.26,3,2012,647.746,1472.1499999999999,294.43
2012-06-30,1146.6799999999998,146.96999999999997,0.09988898957861349,-0.00024422292705028874,361.66999999999996,186.76000000000005,195.39999999999998,17.2,0.0,959.9200000000001,60.920000000000016,626.23,176.59,10917.34,11721.79,234.0,13459.68,1948.05,1919.05,2056.87,6049.06,484.34,6533.4,1475.7,6926.18,-2735.86,32.120000000000005,2733.48,8.64,43.04528475199021,3.66,0.94,0.3,0.44,1.47,4.368478477571363,6.299665609424557,8.483904848210239,8.750275487086542,10.162039873130945,13.52,13.26,1.94,0.13,6,2012,-0.35933333333332484,1471.3333333333333,441.4
2012-09-30,3137.85,541.14,0.36900665621755857,0.22854309578575258,1078.3200000000002,714.6499999999999,723.4000000000001,18.8,0.0,2423.2000000000003,959.24,949.6,0.89,11841.33,13070.27,237.15,14790.96,3321.99,882.57,844.58,6848.8,811.9,7660.7,1475.7,7130.13,184.8100000000004,-4.000000000000001,142.55999999999995,8.75,12.737033115275159,3.89,1.07,0.67,0.67,1.0,14.628084759907992,23.087700042746352,30.357681926435564,30.489863415229916,35.512759989415194,15.41,15.19,1.91,0.18,9,2012,335.1533333333333,1466.4776119402984,982.54
2012-12-31,7014.7300000000005,1234.25,0.8351602993517655,0.005160299351765418,2241.4500000000003,1647.36,1656.28,17.9,0.0,5367.369999999999,1414.8899999999999,1167.63,221.99,10898.92,12288.53,237.9,13903.94,1113.39,2093.28,723.25,4400.59,1138.86,5539.45,1475.7,8364.39,1912.6,315.78000000000003,-2010.3399999999997,8.919999999999998,5.356756066437108,3.16,0.66,1.5,0.67,0.45,35.49988045777904,55.499185759589324,59.01799448752475,63.73943404652674,68.594499253425,16.64,16.44,2.79,0.32,12,2012,7.62620000000004,1477.86,2216.79
2013-03-31,2488.29,360.05,0.24,0.53,823.24,450.71,459.43,25.25,0.0,2037.58,551.6,1210.94,1.97,13098.73,14450.83,235.66,16131.18,1607.83,857.91,1386.3,6638.16,1432.35,8070.51,1475.7,8060.52,-1417.22,14.25,1446.29,8.72,26.302500000000002,4.62,1.0,0.24,0.53,2.21,8.92,13.6,17.88,19.4,19.0,14.56,14.47,2.18,0.2,3,2013,795.1104166666668,1500.2083333333335,360.05
2013-06-30,4311.63,800.1600000000001,0.5448379172735971,-0.011399599354139912,1488.6899999999998,1025.01,1034.26,24.1,0.0,3286.62,1204.38,1243.84,2.14,13459.33,14897.82,237.01,16088.68,2752.45,969.28,1166.92,6672.14,555.69,7227.83,1475.7,8860.68,784.4300000000001,-5.970000000000001,-745.5699999999999,9.249999999999998,11.05966528569286,4.01,0.82,0.79,0.53,0.67,19.890032321734857,27.559143258548023,36.11102955499435,40.55249308314874,43.22840589203679,17.12,17.06,2.23,0.22,6,2013,-16.741682489451478,1468.620253164557,1160.21
2013-09-30,3472.870000000001,614.45,0.4154824022629687,0.26367806734097904,1180.06,783.1000000000001,792.3499999999999,20.5,0.0,2689.7700000000004,917.3299999999999,1411.79,0.67,13600.75,15432.87,233.85,16636.26,3690.7,701.31,1305.69,7334.78,209.8,7544.58,1475.7,9091.49,-192.51,19.200000000000003,341.26,9.25,12.332652290666447,3.33,0.83,1.2,0.79,0.66,14.77732410715292,19.9016070683962,27.034054973910496,30.302516538379184,33.626375756482936,17.34,17.28,2.1,0.25,9,2013,389.9490991561182,1478.8833333333334,1774.66
2013-12-31,4127.709999999999,553.9199999999998,0.3758486287780535,-0.002732986054448206,1198.1500000000005,706.6399999999999,716.0799999999999,15.5,0.0,3421.0700000000006,347.09000000000015,1191.57,130.15,14702.88,16024.59,238.04,17420.19,4234.23,2100.93,914.03,7479.79,314.6,7794.38,1475.7,9625.61,-412.71000000000004,-39.42,231.91000000000008,9.439999999999998,10.30986866334489,2.38,0.81,1.58,0.79,0.5,12.72176244750019,18.012188715869755,23.017160329471174,24.634736706490642,28.38370783911224,16.23,16.17,2.14,0.18,12,2013,-4.027833333333547,1473.7848101265822,2328.58
2014-03-31,2510.73,350.63,0.24000000000000002,0.58,810.6,454.06,463.56,16.0,0.0,2056.67,457.07,1848.56,123.25,15334.38,17306.19,235.63,18817.78,5377.25,3115.39,633.33,9419.44,277.15,9696.59,1475.7,9120.95,-71.15,-88.11,816.26,9.5,16.6675,2.59,1.06,0.24,0.58,2.42,7.440000000000001,10.4,15.36,16.32,19.32,14.01,13.97,1.84,0.21,3,2014,847.3558333333332,1460.9583333333333,350.63
2014-06-30,2524.6600000000003,366.87,0.25054536585365855,0.001317967479674857,807.84,463.69,473.55,20.3,0.0,2060.96,443.06,916.19,142.41,15727.94,16786.53,233.82,18349.01,5044.44,2175.67,713.02,8061.31,799.61,8860.92,1475.7,9487.82,-317.18999999999994,-23.64,-591.55,9.86,20.256511161991988,3.16,0.93,0.49,0.58,1.18,7.996999024390244,10.90128,15.462228292682925,15.993998048780488,18.243793170731706,14.34,14.25,2.08,0.13,6,2014,1.9298809523810405,1464.2857142857142,717.5
2014-09-30,3548.669999999999,561.03,0.3817635096556201,0.2620874195923667,1119.4699999999998,705.79,715.5099999999999,21.7,0.0,2842.8900000000003,1057.6399999999999,796.16,0.31,16727.46,17623.19,231.79,19211.42,4482.72,519.94,1004.98,8022.3,1523.63,9545.93,1475.7,9665.18,-163.19,-18.819999999999993,61.97,9.719999999999999,14.208927419211095,3.31,0.99,0.87,0.84,0.97,11.689861950834162,15.902424815999625,23.221752794224617,23.92384660508553,25.46845298897953,14.96,14.89,2.2,0.11,9,2014,385.15704433497535,1469.5747126436781,1278.53
2014-12-31,4375.860000000001,742.8900000000001,0.5034873010062234,0.0033670492473880788,1424.6999999999998,952.5900000000001,962.4700000000003,22.0,0.0,3423.2700000000004,1193.02,1047.35,1.02,16478.35,17823.57,208.46,19783.69,4277.77,386.49,708.68,7598.34,1776.96,9375.31,1475.7,10408.06,485.78999999999996,12.169999999999987,-246.76,9.880000000000003,10.924903148514582,3.12,0.9,1.37,0.84,0.61,15.023767054842637,20.359997427550933,28.548097476031707,29.665324771695147,31.076559250427923,15.71,15.6,2.35,0.18,12,2014,4.968044299018402,1475.4890510948906,2021.42
2015-03-31,2197.62,292.06,0.2,0.54,694.52,367.98,377.91,16.8,0.0,1829.64,446.88,957.66,1.04,17699.26,18937.22,208.64,20951.77,4501.14,482.49,1609.84,8939.89,1311.38,10251.28,1475.7,10700.12,-687.54,-50.66,648.51,9.93,21.0,2.32,0.96,0.2,0.54,2.7,5.56,7.4,10.92,11.8,12.24,13.38,13.29,2.12,0.14,3,2015,788.562,1460.3,292.06
2015-06-30,5192.74,822.3200000000002,0.560816956513936,0.0022057825876272293,1587.08,1047.75,1057.82,17.6,0.0,4145.0,1273.1,1132.67,0.28,17390.03,18844.82,246.98,20978.69,5233.39,937.07,694.94,8909.82,1342.89,10252.72,1475.7,10725.57,1256.81,-124.36000000000001,-957.44,10.07,7.846410399844342,2.42,0.96,0.76,0.54,0.71,15.673358100468423,21.252010983686,30.66783251673577,32.55690015973008,34.62306789425511,15.13,15.08,2.12,0.16,6,2015,3.234315789473726,1466.2894736842106,1114.38
2015-09-30,6046.420000000001,1010.9899999999998,0.6849751337414189,0.3035349634478504,1848.8300000000004,1277.7399999999998,1288.3600000000001,17.0,0.0,4768.679999999999,961.1700000000001,1087.67,229.33,15865.9,17341.57,246.09,19598.39,3207.66,2257.2,284.0,5952.09,2352.0,8304.09,1475.7,11293.87,2009.9699999999998,-166.36999999999998,-1888.6000000000001,10.620000000000001,6.206940647286324,2.22,0.74,1.44,0.84,0.58,20.62536236043606,26.409596823141378,35.808977825037516,38.586932534099944,37.55946983348781,15.86,15.82,2.91,0.25,9,2015,448.00285087719294,1475.951388888889,2125.37
2015-12-31,3236.8599999999988,288.0300000000002,0.1957276870804675,-0.002492182536393957,1020.6999999999998,438.5,452.64999999999964,16.0,0.0,2798.3500000000004,635.8399999999997,758.24,139.96,16292.56,17190.75,269.26,19625.3,2881.59,2340.03,51.98,5601.78,2442.27,8044.05,1475.7,11581.2,71.05000000000018,85.64999999999998,-486.1399999999999,14.150000000000002,20.44473145158489,2.04,0.69,1.64,0.84,0.51,5.871830612414025,7.585641335874705,9.948695118919373,10.47859202784454,10.65999817684595,14.51,14.47,3.07,0.16,12,2015,-3.6674593495934005,1471.5853658536587,2413.4
2016-03-31,4428.61,704.21,0.48,0.6,1355.63,892.56,901.84,14.0,0.0,3536.06,1039.81,1171.97,0.66,15537.22,17002.3,271.18,19392.19,2299.82,1320.28,128.63,6364.94,1625.8,7990.73,1475.7,11401.39,1819.61,-74.11,-1331.76,9.28,7.2924999999999995,1.81,0.7,0.48,0.6,1.25,14.52,17.68,24.719999999999995,25.48,27.399999999999995,15.92,15.9,2.67,0.23,3,2016,880.2625,1467.1041666666667,704.21
2016-06-30,5188.5199999999995,879.78,0.5942995852246542,0.0053744815308176585,1635.48,1100.92,1114.9299999999998,12.9,0.0,4087.5899999999997,1265.94,1010.3,0.62,14087.79,15380.64,274.13,17854.14,1575.12,1047.44,27.08,3920.91,1673.33,5594.25,1475.7,12259.79,1585.1900000000003,-42.290000000000006,-1704.5800000000002,14.01,5.4283228193412,1.55,0.46,1.07,0.6,0.56,19.706307741841805,22.816660711241862,28.704114546177692,30.6147599416663,31.792250708653466,16.52,16.47,3.92,0.33,6,2016,7.956191588784918,1480.3644859813082,1583.99
2016-09-30,2470.6800000000003,309.51,0.20922777924478478,0.29956697901576723,785.3399999999997,393.3699999999999,406.0,11.4,0.0,2077.300000000001,57.63000000000011,717.33,259.65,14523.75,15510.73,258.15,17998.55,2255.48,1586.31,621.6,4516.32,1354.87,5871.2,1475.7,12127.23,-760.04,-37.03,504.1100000000001,12.630000000000003,13.627253562082,1.39,0.48,1.28,0.9,0.7,6.878363242672299,8.303727488777396,10.206392606284657,10.572541219963032,11.572911539477158,15.71,15.66,3.43,0.22,9,2016,443.14849591121504,1479.296875,1893.5
2016-12-31,2562.83,282.73,0.19097848113480653,0.0006879945479108849,784.04,355.75,371.0300000000002,12.1,0.0,2207.09,962.4699999999998,591.21,0.43,15155.85,16002.91,254.79,18557.92,2575.93,545.36,607.33,4735.57,1411.71,6147.28,1475.7,12410.54,-434.7800000000002,-58.22,366.8800000000001,15.280000000000001,15.83699368655608,1.44,0.5,1.47,0.9,0.61,6.095721316221172,7.467648364373251,9.115000160828588,9.426801762681336,10.310239634597446,14.9,14.85,3.38,0.18,12,2016,1.0185267857143572,1480.4285714285716,2176.23
2017-03-31,2474.07,315.18,0.21,0.6,757.74,405.96,422.13,12.1,0.0,2068.11,509.12,989.94,0.4,15378.09,16645.84,251.13,19628.02,2383.39,777.81,606.99,5956.81,1827.36,7784.17,1475.7,11841.07,237.37,-51.46,212.81,16.17,14.404999999999998,1.51,0.66,0.21,0.6,2.86,6.44,8.32,10.64,10.84,11.88,12.75,12.74,2.79,0.21,3,2017,900.5142857142857,1500.857142857143,315.18
2017-06-30,2046.69,248.79000000000002,0.16763338475450823,-0.0067617578442621925,625.77,319.81,336.08000000000004,11.9,0.02,1726.8899999999999,397.87,933.18,0.37,16671.05,18015.35,245.02,20986.9,3486.75,15.69,605.95,7015.3,1835.7,8851.0,1475.7,12106.05,-358.9,39.14,263.01,16.269999999999996,17.749447726998675,1.45,0.73,0.38,0.6,1.58,4.746671631469759,6.599461673493272,8.222858662694824,8.169921804351295,9.158076493430503,12.5,12.48,2.57,0.19,6,2017,-10.035338345864602,1484.1315789473686,563.97
2017-09-30,2355.6499999999996,202.72000000000003,0.13749285891298962,0.14604135617840466,601.27,264.05000000000007,280.3499999999999,12.4,-0.03,2091.59,354.18000000000006,624.26,2.72,16274.59,17410.72,241.66,20458.26,3897.02,13.8,395.61,6610.18,1730.04,8340.21,1475.7,12088.76,-138.30999999999997,-34.28,-136.33999999999997,16.300000000000004,22.550262060970798,1.51,0.69,0.52,0.75,1.44,3.9661401609516234,5.446832487706897,6.7054209654488774,6.694844591686341,7.562107240214428,11.18,11.15,2.63,0.17,9,2017,215.32393724696362,1474.4038461538462,766.69
