,revenue,net_profit,eps,dps,gross_profit,ebit,ebitda,close_price,allowance_doubtful_accounts,expense,operating_profit,cash,account_receivable,inventory,current_asset,property_plant_equipment,total_asset,short_term_loan,account_payable,current_portion_long_term_debt,current_liability,non_current_liability,total_liability,paid_in_capital,total_equity,cash_flow_operation,cash_flow_investment,cash_flow_financing,depreciation,P/E,P/BV,D/E,EPS,DPS,DPR%,ROA%,ROAA%,ROE%,ROAE%,ROCE%,NPM%,NPMA%,CurrentRatio,QuickRatio,month,year,dividend,number_of_shares,return_old
2003-09-30,,,,,,,,15.1,0.0,,,186.14,102.08,0.48,351.34,98.27,498.48,50.0,16.3,25.17,99.95,19.78,119.73,125.0,353.25,,,,,,5.34,0.34,0.5,0.0,0.0,,,,,,18.87,18.59,3.52,3.51,9,2003,,100.74,50.37
2003-12-31,108.83999999999997,14.71,0.1378779963122311,0.0,58.47999999999999,29.97,37.91,15.1,0.0,78.88,29.179999999999993,201.12,100.11,0.67,371.42,106.14,543.26,50.0,26.45,36.51,126.65,20.05,146.7,125.0,367.96,73.97999999999999,-58.72,-0.12000000000000455,7.940000000000001,27.374745071380012,5.13,0.4,0.61,0.0,0.0,10.831333743085434,0.0,15.993847572218812,0.0,27.86491702519976,17.36,17.13,2.93,2.93,12,2003,0.0,106.68852459016394,65.08
2004-03-31,137.22,30.02,0.24,0.0,73.52,57.04,66.4,14.3,0.0,80.18,55.42,156.92,124.36,9.36,358.76,154.05,602.53,50.0,59.03,53.37,175.08,3.14,178.22,125.0,397.98,55.56,-81.52,-18.25,9.36,14.895,4.49,0.45,0.24,0.0,0.0,19.92,0.0,30.16,0.0,53.36,22.14,21.88,2.05,2.0,3,2004,0.0,125.08333333333334,30.02
2004-06-30,136.27,19.500000000000004,0.15751211631663978,0.0,72.03000000000002,32.98,45.58,12.2,0.0,103.29999999999998,29.909999999999997,91.09,145.76,7.89,313.57,194.25,597.06,50.0,36.57,40.46,142.74,4.71,147.45,125.0,417.48,-13.270000000000003,-52.730000000000004,0.17999999999999972,12.600000000000001,19.363589743589742,3.65,0.35,0.4,0.0,0.0,13.057754442649436,0.0,18.680936995153473,0.0,31.203150242326334,18.42,18.11,2.2,2.14,6,2004,0.0,123.8,49.52
2004-09-30,123.67000000000002,15.18,0.12200309119010819,0.0,65.61999999999998,27.08,41.07000000000001,9.05,0.0,96.58000000000001,24.310000000000002,74.33,114.57,9.32,285.46,205.47,590.25,50.0,25.35,32.8,117.23,3.89,121.12,125.0,432.67,18.35,-35.0,-0.10999999999999943,13.990000000000002,18.540513833992094,2.61,0.28,0.52,0.0,0.0,10.285799072642968,20.186819165378672,14.03035548686244,15.447468315301391,23.236896445131375,16.6,16.29,2.44,2.36,9,2004,0.0,124.42307692307692,64.7
2004-12-31,144.7,19.849999999999994,0.15964518036664693,0.4,67.02000000000001,30.189999999999998,45.42999999999998,9.0,0.0,114.50999999999999,25.83,73.48,127.23,19.29,293.16,214.95,606.85,65.0,32.47,0.45,164.11,1.94,166.06,125.0,402.51,57.400000000000006,-23.30000000000001,-34.95,15.239999999999995,14.098765743073052,2.79,0.41,0.68,0.4,0.59,13.081513897102303,24.050076877587223,19.730266114725012,20.61301005322294,31.24350088704908,15.95,15.6,1.79,1.67,12,2004,49.73529411764706,124.33823529411764,84.55
2005-03-31,134.99,22.4,0.18,0.24,68.69,36.71,51.91,7.75,0.0,98.28,32.75,65.32,130.93,20.38,286.66,215.73,635.71,65.0,33.23,0.71,165.17,2.92,168.1,125.0,424.91,29.33,-37.21,-0.28,15.2,10.765,2.28,0.4,0.18,0.24,1.33,14.080000000000002,23.72,21.08,21.76,31.200000000000003,17.1,16.59,1.74,1.61,3,2005,29.866666666666664,124.44444444444444,22.4
2005-06-30,129.2,11.060000000000002,0.08924686192468621,-0.001004184100418395,57.31,22.759999999999998,38.8,6.35,0.0,106.44,22.090000000000003,71.37,138.2,20.93,293.61,210.91,638.47,100.0,20.23,0.7,183.5,2.73,186.22,125.0,405.97,8.190000000000005,-6.979999999999997,4.84,16.04,17.788860759493666,1.96,0.46,0.27,0.24,0.89,6.928200836820086,12.732552301255234,10.894728033472806,10.749288702928874,17.280836820083685,12.89,12.67,1.6,1.49,6,2005,-0.12444444444444258,123.92592592592592,33.46
2005-09-30,160.25,15.659999999999997,0.12433631921824102,0.003854505971769802,66.44,32.25,55.709999999999994,5.0,0.0,128.00000000000003,31.379999999999995,60.0,151.3,12.57,309.45,207.2,648.04,81.89,43.9,1.04,174.18,2.55,176.72,125.0,421.63,24.279999999999994,-18.150000000000006,-17.509999999999998,23.460000000000004,10.052975734355046,1.48,0.42,0.39,0.24,0.62,9.666351791530943,18.886368078175895,14.85659609120521,14.665309446254069,24.688729641693808,11.95,11.57,1.78,1.7,9,2005,0.48547008547008375,125.94871794871794,49.12
2005-12-31,132.29000000000002,17.869999999999997,0.14404836542767577,-0.0036625443521995293,62.920000000000016,30.900000000000006,47.43000000000001,4.86,0.0,101.38999999999999,32.379999999999995,36.44,138.85,10.81,262.03,229.02,681.8,88.0,28.06,0.94,186.58,2.3,188.88,125.0,439.5,34.68000000000001,-64.02,5.799999999999999,16.53,8.434667039731394,1.38,0.43,0.54,0.24,0.44,10.488855052992983,20.305484400656816,16.26145991939095,16.976366621883862,26.41953724436483,12.33,12.03,1.4,1.35,12,2005,-0.4543589743589749,124.05555555555554,66.99
2006-03-31,136.31,19.73,0.16,0.21,59.77,31.94,50.2,5.85,0.0,104.37,23.76,25.73,147.7,9.28,251.26,247.61,686.23,85.31,22.05,0.99,168.36,2.34,170.7,125.0,459.23,23.58,-31.22,-3.07,18.26,9.14,1.59,0.37,0.16,0.21,1.31,11.52,19.32,17.2,17.84,24.679999999999996,15.41,14.47,1.49,1.44,3,2006,25.895625,123.3125,19.73
2006-06-30,130.68,14.249999999999996,0.11322836962919364,0.004237235138316633,58.88,25.599999999999998,42.730000000000004,4.9,0.0,105.07,23.62,28.1,154.08,10.77,262.98,238.19,680.35,89.56,19.39,1.3,170.47,3.19,173.66,125.0,447.24,37.89,-13.730000000000004,-21.79,17.13,10.819947368421053,1.37,0.39,0.27,0.21,0.78,8.37051206592113,14.644202472042375,12.748675691583282,13.369334902884047,18.93849323131253,13.32,12.73,1.54,1.48,6,2006,0.5332638888888859,125.85185185185183,33.98
2006-09-30,151.83999999999997,8.360000000000007,0.06713273500236189,-0.0022300949981629782,55.349999999999994,16.970000000000006,35.0,4.6,0.0,134.88,14.219999999999999,36.25,170.77,12.04,310.27,230.44,708.68,85.56,41.6,1.97,187.32,3.91,191.22,125.0,455.59,25.83,-12.559999999999995,-5.120000000000001,18.03,17.130986842105248,1.26,0.42,0.34,0.21,0.62,4.715087387812946,8.671969768540393,7.337213037316963,7.621539914974026,11.286197449220603,10.51,10.11,1.66,1.59,9,2006,-0.2777124183006485,124.52941176470588,42.34
2006-12-31,139.68,-12.100000000000005,-0.09603174603174607,0.002450980392156833,56.110000000000014,-5.430000000000007,11.340000000000003,3.48,0.0,145.10000000000002,-2.0600000000000023,67.07,140.63,10.54,291.72,0.0,677.31,78.01,23.58,1.87,167.18,3.53,170.72,125.0,443.5,30.83,8.049999999999997,-8.069999999999997,16.769999999999996,-9.0595041322314,0.98,0.38,0.24,0.21,0.88,-7.138359788359792,-16.27738095238096,-10.915608465608472,-10.963624338624342,-21.671164021164028,5.61,5.41,1.74,1.68,12,2006,0.30882352941176094,126.0,30.24
2007-03-31,123.25,1.32,0.01,0.22,37.89,7.96,23.44,3.26,0.0,115.29,5.81,90.81,97.61,7.23,285.83,0.0,655.49,67.7,35.56,1.76,142.55,2.75,145.3,125.0,444.82,35.46,-0.92,-10.81,15.48,81.5,0.92,0.33,0.01,0.22,22.0,0.8,4.76,1.2,1.16,6.200000000000001,1.12,1.07,2.01,1.95,3,2007,29.04,132.0,1.32
2007-06-30,123.44999999999999,7.629999999999999,0.059675977653631286,-0.007128491620111772,49.379999999999995,18.54,37.370000000000005,3.0,0.0,104.90999999999998,15.25,85.54,97.14,7.91,287.7,201.89,652.85,68.0,44.36,1.7,155.98,2.69,158.67,125.0,424.94,33.29,-10.790000000000001,-27.759999999999998,18.830000000000002,12.568709043250328,0.88,0.37,0.07,0.22,3.14,4.67177653631285,13.572022346368714,7.195217877094971,6.990614525139664,18.17559776536313,3.8,3.63,1.84,1.79,6,2007,-0.9114285714285764,127.85714285714283,8.95
2007-09-30,125.00999999999999,11.740000000000002,0.09646205896568393,-0.011119243250707693,51.769999999999996,23.22,42.25,3.22,0.0,101.79000000000002,21.2,96.95,93.78,4.95,300.24,184.43,648.69,58.0,34.86,1.68,136.48,2.33,138.81,125.0,436.69,34.769999999999996,-12.93,-10.439999999999998,19.03,8.344731686541738,0.92,0.32,0.17,0.22,1.29,7.240328661188981,16.636868052199134,10.7583566940551,10.531387143547608,22.038743354277432,5.8,5.57,2.2,2.16,9,2007,-1.3532773109243657,121.70588235294117,20.69
2007-12-31,118.17000000000002,7.489999999999998,0.061132008516678486,0.001464952198054535,58.84,18.480000000000004,34.24000000000001,3.0,0.0,99.69,18.43,129.05,82.77,4.79,357.67,143.96,668.49,63.0,33.63,1.66,145.29,1.87,147.16,125.0,444.18,37.38000000000001,-9.850000000000001,4.579999999999998,15.759999999999991,12.265260347129509,0.84,0.33,0.23,0.22,0.96,4.486557842441447,10.780496806245562,6.740468417317245,6.751100070972319,13.863676366217172,5.95,5.75,2.46,2.43,12,2007,0.17948849104859477,122.52173913043478,28.18
2008-03-31,126.78,12.64,0.1,0.0,47.58,21.11,32.53,2.92,0.0,105.67,15.85,133.94,100.96,5.09,361.14,132.48,657.95,43.0,33.76,1.64,120.15,1.37,121.52,125.0,456.82,15.77,9.64,-20.52,11.42,7.3,0.8,0.27,0.1,0.0,0.0,7.679999999999999,12.839999999999998,11.08,11.2,15.72,10.54,9.97,3.01,2.96,3,2008,0.0,126.4,12.64
2008-06-30,123.0,11.14,0.0890075693860387,0.25,45.370000000000005,18.869999999999997,31.439999999999998,3.0,0.0,104.14,16.03,87.4,101.85,4.71,314.88,122.78,599.65,15.0,47.48,1.67,105.67,1.1,106.78,125.0,436.7,10.55,2.379999999999999,-59.480000000000004,12.569999999999999,8.426530520646319,0.86,0.24,0.19,0.25,1.32,7.439158957106812,11.95512195121951,10.212447434819177,10.343616484440705,15.159394449116906,9.88,9.52,2.98,2.94,6,2008,31.289473684210527,125.15789473684211,23.78
2008-09-30,119.17999999999998,3.91,0.031065366558324304,0.0014017981030583072,42.82000000000001,9.060000000000002,16.510000000000005,2.9,11.87,110.11000000000001,15.779999999999998,100.55,102.0,4.89,339.81,106.36,583.15,0.0,47.94,1.49,84.37,0.88,85.25,125.0,440.62,36.25,18.2,-41.3,7.450000000000003,23.334667519181586,0.82,0.19,0.22,0.25,1.14,2.68291802094619,4.496005778259299,3.5471000361141205,3.56404478150957,5.552228241242326,7.82,7.5,4.03,3.97,9,2008,0.17643540669856606,125.86363636363637,27.69
2008-12-31,122.12,8.900000000000002,0.0705383984695272,0.0006118164426445667,55.16999999999999,14.86,24.61999999999999,1.94,15.13,107.25999999999999,18.450000000000003,128.17,102.13,4.39,356.63,102.85,599.64,0.0,56.8,21.07,110.71,0.67,111.38,125.0,449.63,35.27,-7.119999999999997,-0.5300000000000011,9.760000000000002,6.87604213483146,0.54,0.25,0.29,0.25,0.86,5.934954905711943,9.807269745832198,7.919759497130365,7.968406668488659,12.716370593058214,7.69,7.45,3.22,3.18,12,2008,0.07719435736677482,126.17241379310347,36.59
2009-03-31,107.76,10.0,0.08,0.2,45.31,16.67,26.9,1.7,0.0,91.09,13.85,80.1,103.31,3.56,355.99,93.59,577.25,0.28,42.77,1.06,76.24,0.42,76.66,125.0,459.67,19.05,-47.21,-19.91,10.23,5.3125,0.46,0.17,0.08,0.2,2.5,6.92,10.8,8.72,8.72,13.32,9.53,9.28,4.67,4.62,3,2009,25.0,125.0,10.0
2009-06-30,103.11999999999999,6.43,0.05087644552647596,0.002191113816189889,41.519999999999996,10.399999999999999,19.910000000000004,1.91,0.0,92.72,6.340000000000002,108.26,101.11,4.04,359.47,83.11,569.86,0.0,51.73,0.66,85.99,0.45,86.44,125.0,441.08,31.959999999999997,21.89,-25.680000000000003,9.509999999999998,9.384008553654743,0.54,0.2,0.13,0.2,1.54,4.508435788192331,7.247936701156421,5.8233962264150945,5.854704808277542,8.750748630553865,8.05,7.79,4.18,4.13,6,2009,0.27692307692307594,126.38461538461537,16.43
2009-09-30,130.5,13.68,0.10904018598472269,-0.001476636946580464,47.82000000000001,19.700000000000003,29.789999999999992,2.54,0.0,110.81,16.06,126.82,117.58,3.5,389.21,109.58,590.75,0.0,61.72,0.39,92.21,0.42,92.63,125.0,454.79,18.57,0.28999999999999915,-0.30999999999999517,10.09,5.82170687134503,0.7,0.2,0.24,0.2,0.83,9.268415808701427,14.48417137163733,12.03076718698107,12.230674194619729,17.046615742278316,9.1,8.82,4.22,4.18,9,2009,-0.18525641025640738,125.45833333333333,30.11
2009-12-31,129.51999999999998,8.950000000000003,0.07103174603174604,0.0008597883597883672,58.43000000000001,18.21,26.30000000000001,3.08,2.84,111.31,43.980000000000004,174.55,108.0,3.51,386.8,102.29,605.69,0.0,57.51,0.28,96.3,0.42,96.72,125.0,463.8,48.22,-0.33999999999999986,-0.14000000000000057,8.090000000000003,10.845150837988824,0.83,0.21,0.31,0.2,0.65,5.911674347158219,9.880286738351256,7.717255504352281,7.836405529953919,11.69503328213006,8.46,8.29,4.02,3.98,12,2009,0.10833333333333428,126.00000000000001,39.06
2010-03-31,123.3,16.15,0.13,0.2,55.48,26.17,33.91,2.52,0.0,97.13,29.24,189.42,113.81,3.63,411.85,96.86,624.81,0.0,58.26,0.17,96.04,0.47,96.51,125.0,480.02,5.56,9.45,-0.14,7.74,4.845,0.66,0.2,0.13,0.2,1.54,10.32,17.4,13.44,13.76,19.8,13.36,13.1,4.29,4.25,3,2010,24.846153846153843,124.23076923076921,16.15
2010-06-30,115.39999999999999,13.43,0.1089655172413793,-0.0015915119363394809,51.79,21.97,29.510000000000005,3.5,0.0,93.43,23.94,203.3,95.36,3.47,401.09,91.22,608.24,0.0,44.14,0.12,88.2,0.46,88.66,125.0,468.49,39.489999999999995,-0.5699999999999985,-25.05,7.539999999999999,8.028227848101265,0.93,0.19,0.24,0.2,0.83,8.826206896551724,14.837471264367815,11.459540229885057,11.804597701149426,16.817011494252874,12.68,12.39,4.55,4.51,6,2010,-0.19615384615384102,123.25,29.58
2010-09-30,121.38,11.760000000000005,0.09387518142235127,0.0032293178519593735,56.480000000000004,19.0,26.269999999999996,3.9,0.0,102.38,21.18,187.12,88.77,3.41,368.69,86.3,568.26,0.0,42.86,0.0,78.77,0.48,79.25,125.0,489.06,28.290000000000006,-44.42,-0.03999999999999915,7.270000000000001,10.387729591836731,1.0,0.16,0.33,0.2,0.61,8.272394775036286,13.18804063860668,9.615094339622644,9.967837445573299,15.61172714078375,11.77,11.48,4.68,4.64,9,2010,0.4045454545454561,125.27272727272728,41.34
2010-12-31,149.48000000000002,23.36,0.1877465224111283,-0.0013657439932555973,72.31,33.91,39.860000000000014,4.22,1.71,115.57999999999998,38.66,218.1,127.42,3.59,434.39,81.88,620.68,0.0,59.49,0.0,136.76,0.55,137.31,125.0,481.31,19.819999999999993,11.189999999999998,-0.030000000000001137,5.949999999999999,5.622474315068493,1.1,0.29,0.52,0.2,0.38,15.048605873261204,23.800482225656875,19.41010200927357,19.771153013910354,30.154979907264295,12.97,12.7,3.18,3.15,12,2010,-0.16993006993007143,124.42307692307692,64.7
2011-03-31,156.85,23.79,0.19,0.5,79.31,33.73,39.25,4.3,0.0,123.12,30.4,206.0,142.51,7.88,419.5,83.95,624.72,0.0,56.54,0.0,116.63,9.29,125.92,125.0,496.94,20.31,-1.17,-31.24,5.52,5.657500000000001,1.08,0.25,0.19,0.5,2.63,15.240000000000002,21.6,19.16,19.48,26.56,15.5,15.17,3.6,3.53,3,2011,62.60526315789473,125.21052631578947,23.79
2011-06-30,152.48,26.020000000000003,0.20895402529612528,-0.002752565010196586,78.16,37.54,41.86,5.9,0.0,114.94,34.089999999999996,197.56,134.3,15.0,431.67,81.64,638.53,0.0,69.48,0.0,132.74,9.95,142.69,125.0,491.89,22.180000000000003,-1.87,-28.750000000000004,4.32,7.058969062259799,1.5,0.29,0.4,0.5,1.25,16.298413973097773,23.88344509134712,21.167042762497495,21.66853242320819,29.441622164224054,16.46,16.1,3.25,3.14,6,2011,-0.3427631578947299,124.525,49.81
2011-09-30,166.97000000000003,25.679999999999993,0.20410650417273807,0.0051331302159226015,89.18,39.56,46.78,6.0,0.0,127.41000000000003,38.43000000000001,220.02,128.35,12.91,442.48,107.02,674.69,0.0,70.33,0.0,144.02,11.35,155.37,125.0,517.79,56.71999999999999,-31.759999999999998,-2.5,7.219999999999999,7.349104361370719,1.45,0.3,0.6,0.5,0.83,15.226345211286258,24.26145979599946,19.83915220559014,20.410650417273807,28.411625380845138,16.12,15.85,3.07,2.98,9,2011,0.6458333333333286,125.81666666666666,75.49
2011-12-31,169.21999999999997,22.5,0.17909990815389326,0.24924992346157768,82.37999999999997,33.11999999999999,38.44000000000001,6.85,0.0,136.09999999999997,31.040000000000006,220.03,134.35,7.19,441.45,148.17,707.64,0.0,76.78,0.0,185.09,11.78,196.88,125.0,509.28,48.40000000000002,-19.61,-28.779999999999994,5.32,9.559468888888889,1.68,0.39,0.78,0.75,0.96,12.720685784263702,19.903051331768552,17.671190937850803,18.16715991427697,25.303602408409024,15.42,15.18,2.39,2.35,12,2011,31.312820512820508,125.62820512820512,97.99
2012-03-31,187.95,30.23,0.24,0.27,80.52,39.67,45.19,6.9,0.0,148.28,36.06,220.34,154.55,9.78,476.85,142.84,749.19,0.0,92.18,0.0,182.45,12.62,195.06,125.0,552.77,22.83,-12.23,-10.29,5.52,7.187500000000001,1.56,0.35,0.24,0.27,1.13,16.16,23.08,21.88,23.04,28.0,16.4,16.08,2.61,2.56,3,2012,34.008750000000006,125.95833333333334,30.23
2012-06-30,189.22000000000003,33.120000000000005,0.1882115232833465,0.07673796369376477,87.59000000000002,42.870000000000005,50.900000000000006,6.6,0.0,146.35,37.17999999999999,211.63,146.39,13.65,471.79,131.03,729.98,0.0,75.58,0.0,163.2,13.34,176.54,175.0,552.25,24.230000000000004,1.7800000000000011,-34.730000000000004,8.030000000000001,8.76513813405797,2.09,0.32,0.36,0.27,0.75,18.15195580110497,25.22034411996843,23.98651302288872,25.366730860299928,30.448441988950282,17.22,16.8,2.89,2.81,6,2012,13.503749999999997,175.97222222222223,63.35
2012-09-30,205.57,37.309999999999995,0.21497913769123778,0.19623435326842834,96.78999999999996,48.39,55.18000000000001,9.65,0.0,157.17000000000002,44.13000000000001,189.74,164.6,4.94,475.71,133.38,731.27,0.0,74.97,0.0,161.75,13.55,175.29,175.0,554.77,44.05,-28.63,-37.29999999999999,6.789999999999999,11.223414634146344,3.04,0.32,0.58,0.47,0.81,20.4156050069541,27.60628650904033,26.8946314325452,27.82867872044506,34.085312934631425,17.69,17.27,2.94,2.91,9,2012,34.05681034482758,173.55172413793105,100.66
2012-12-31,170.46000000000004,38.849999999999994,0.22277972905168086,0.0022525390591206437,87.97000000000003,50.47999999999999,60.5,18.3,0.0,119.98999999999995,43.22999999999999,232.5,155.58,8.37,506.77,123.44,745.87,0.0,59.16,0.0,136.58,14.43,151.01,175.0,593.82,51.55,1.8500000000000014,-10.650000000000006,10.02,20.540468468468468,5.39,0.25,0.8,0.47,0.59,20.82990466633216,27.802910185649775,26.165479177119913,28.170496738585044,33.160762669342695,19.05,18.52,3.71,3.65,12,2012,0.3928146551724012,174.3875,139.51
2013-03-31,162.82,35.56,0.2,0.15,87.18,50.31,55.19,11.2,0.0,112.51,45.92,193.71,158.6,8.94,555.78,125.2,800.19,8.0,62.87,0.0,146.17,14.51,160.68,175.0,637.99,43.47,-90.22,7.96,4.88,14.0,3.07,0.25,0.2,0.15,0.75,17.76,25.96,22.28,23.88,30.759999999999998,22.45,21.84,3.8,3.74,3,2013,26.67,177.8,35.56
2013-06-30,182.09000000000003,44.2,0.216123370110331,0.01959252758274824,98.4,53.879999999999995,57.629999999999995,8.1,0.0,128.2,49.03999999999999,210.22,157.95,4.67,573.18,87.47,818.12,10.0,68.7,0.14,145.89,14.42,160.31,300.9,656.09,46.69,-1.1899999999999977,-28.990000000000002,3.750000000000001,9.369995475113122,3.71,0.24,0.39,0.15,0.38,21.612337011033098,29.836108324974926,26.954463390170513,29.25977933801404,34.35807422266801,23.76,23.12,3.93,3.9,6,2013,4.006923076923076,204.51282051282053,79.76
2013-09-30,207.09999999999997,43.89999999999999,0.18460294355490858,0.22100113213650333,115.99999999999997,55.629999999999995,60.640000000000015,8.4,0.0,151.48,52.239999999999995,220.9,164.07,9.05,577.87,89.21,808.96,0.0,56.34,0.14,134.78,16.04,150.82,300.9,639.97,29.590000000000003,51.29,-70.21,5.01,11.373058086560365,3.95,0.24,0.52,0.35,0.67,21.71214620734271,29.46546983664887,27.434837457544877,29.39446870451237,33.668736859129865,22.93,22.4,4.29,4.22,9,2013,52.55576923076923,237.8076923076923,123.66
2013-12-31,193.57000000000005,50.09,0.19603568345323744,0.024254786939679012,105.65000000000003,57.72,63.03,7.5,0.0,135.84999999999997,49.370000000000005,267.27,189.53,12.93,631.48,85.87,855.19,0.0,106.39,0.0,131.22,15.21,146.43,300.9,690.2,77.46000000000001,-31.009999999999998,-0.0799999999999983,5.309999999999999,9.565095328408862,3.27,0.21,0.68,0.35,0.51,23.432029928057556,31.331114820143892,29.024812661870506,31.20426820143885,34.65218992805756,23.98,23.3,4.81,4.71,12,2013,6.197454751131218,255.51470588235293,173.75
2014-03-31,182.03,44.25,0.15,0.3,94.79,55.02,59.49,8.75,0.0,127.01,46.75,266.28,192.6,5.83,653.4,93.87,885.52,0.0,89.13,0.14,117.58,15.82,133.41,300.9,733.67,39.67,-39.72,-0.95,4.47,14.5825,3.59,0.18,0.15,0.3,2.0,20.0,26.12,24.120000000000005,25.8,28.64,25.47,24.31,5.56,5.51,3,2014,88.5,295.0,44.25
2014-06-30,154.70000000000002,30.239999999999995,0.10149013290374546,0.0029802658074909085,70.55999999999999,37.57999999999999,42.12,13.5,0.0,117.11999999999999,30.14,191.74,197.1,6.7,593.15,123.88,865.36,35.0,98.45,0.14,157.09,16.17,173.26,300.9,674.66,5.350000000000001,-24.58,-55.29,4.54,33.254464285714285,6.02,0.26,0.25,0.3,1.2,13.981280708819973,17.8622633910592,17.927217076117596,18.187031816351187,21.223616592831252,23.2,22.12,3.78,3.73,6,2014,0.887999999999991,297.96,74.49
2014-09-30,160.63,28.560000000000002,0.008314410480349345,0.5239772925764193,67.09,35.81,42.11999999999999,20.2,0.0,124.82,18.189999999999998,155.45,179.57,3.71,531.51,119.69,798.59,38.0,82.05,0.14,135.0,22.26,157.25,300.9,624.22,48.01,-9.11,-75.19999999999999,6.3100000000000005,607.3761948529411,9.74,0.25,0.03,0.55,18.33,14.300786026200875,17.71523726346434,18.30278893740903,18.069985443959247,21.451179039301316,22.21,20.72,3.94,3.91,9,2014,1799.8620000000003,3435.0,103.05
2014-12-31,170.94999999999993,30.42,0.00911665542818611,-0.016194650483254705,83.91000000000003,38.43000000000001,44.860000000000014,1.44,0.0,132.52000000000004,25.53,148.65,194.09,2.83,551.4,139.49,840.36,23.0,86.92,6.67,136.87,28.53,165.4,300.9,658.37,25.47,-30.060000000000002,-2.210000000000008,6.43,39.48816568047337,6.58,0.25,0.04,0.55,13.75,14.477248819959543,17.941577882670266,18.479460552933244,18.041861092380312,21.624706675657453,21.46,19.97,4.03,4.01,12,2014,-54.037500000000136,3336.75,133.47
2015-03-31,172.88,41.8,0.009999999999999998,0.01,93.23,52.8,59.0,1.2,0.0,120.08,46.94,139.08,237.77,2.85,585.4,147.6,889.9,18.0,79.18,9.48,132.65,41.41,174.06,300.9,700.3,8.23,-21.34,3.54,6.2,30.000000000000004,5.16,0.25,0.01,0.01,1.4,18.8,23.8,23.88,23.32,27.88,25.03,24.18,4.41,4.39,3,2015,41.800000000000004,4180.0,41.8
2015-06-30,178.12,43.46000000000001,0.015292047853624209,-0.0047079521463757905,97.65999999999998,56.33,62.7,1.23,0.0,121.79,51.36,113.69,307.14,2.48,590.29,149.06,894.34,29.0,64.34,11.34,132.75,44.62,177.37,300.9,701.74,-31.81,33.58,-27.16,6.37,20.108490566037734,5.27,0.25,0.03,0.01,0.47,19.431095472671828,25.28285245132536,24.77311752287122,25.262463054187194,29.218006098991328,25.06,24.29,4.45,4.43,6,2015,-13.379999999999999,2842.0000000000005,85.26
2015-09-30,181.5,44.14999999999999,0.013646549725678074,0.021215516575226023,96.16000000000003,56.83000000000001,63.499999999999986,1.01,0.0,124.67000000000002,47.530000000000015,53.15,378.49,3.16,562.52,156.84,864.5,18.0,63.68,11.34,117.81,43.44,161.24,300.9,687.8,-16.4,23.96,-68.0,6.669999999999998,18.502845413363538,4.42,0.23,0.04,0.03,0.8,20.42888493934008,27.23851325245344,25.68280658372614,26.92464260876284,30.33628004018236,25.26,24.3,4.77,4.75,9,2015,68.63749999999999,3235.25,129.41
2015-12-31,188.85000000000002,41.24000000000001,0.01449985350131849,-0.004125109874011129,98.30000000000001,52.69,59.860000000000014,0.9,0.0,136.15999999999997,45.869999999999976,149.29,403.63,2.89,591.84,191.62,894.94,0.0,68.13,11.21,110.09,39.48,149.58,300.9,729.34,35.14,82.81,-21.810000000000002,7.170000000000002,15.517398157128998,3.71,0.21,0.06,0.03,0.53,18.434147084676244,24.359753882215063,22.619771462056846,23.77009317316145,26.931061236448876,24.58,23.66,5.38,5.35,12,2015,-11.732499999999987,2844.166666666667,170.65
2016-03-31,192.78,43.36,0.01,0.029999999999999995,107.0,55.7,62.48,1.08,0.0,137.08,50.7,369.98,224.7,3.32,632.11,149.62,931.94,0.0,60.45,11.29,106.0,38.34,144.35,300.9,773.05,223.91,0.79,-3.4,6.78,27.0,4.2,0.19,0.01,0.03,3.0,18.6,24.440000000000005,22.44,23.560000000000002,26.96,23.09,22.49,5.96,5.93,3,2016,130.07999999999998,4336.0,43.36
2016-06-30,183.33,40.36,0.01446249402771142,-0.01661251791686574,102.35,51.64999999999999,57.839999999999996,1.33,0.0,131.67,49.72,119.17,267.61,2.81,587.28,149.48,880.21,0.0,70.06,11.25,106.84,35.53,142.38,300.9,722.97,5.939999999999998,-162.79999999999998,-93.99,6.19,22.98877353815659,5.54,0.2,0.03,0.03,1.0,18.33844242713808,23.33282369804109,22.33009077878643,22.65790731008122,26.76525561395127,22.68,22.26,5.5,5.47,6,2016,-46.359999999999985,2790.6666666666665,83.72
2016-09-30,177.54999999999995,21.22,0.008088431484657899,0.018088431484657906,93.53999999999999,27.460000000000008,33.97,1.19,0.0,150.10000000000002,22.260000000000005,303.48,261.76,2.9,773.63,143.34,1058.1,220.0,66.79,11.22,319.24,33.18,352.42,300.9,690.18,28.580000000000013,-8.100000000000023,162.95999999999998,6.51,36.7809260131951,5.19,0.51,0.04,0.05,1.2,8.023724032780637,11.339980941490374,12.294415856680008,12.318681151133982,14.761387459500666,19.38,18.95,2.42,2.41,9,2016,47.45500000000001,2623.5,104.94
2016-12-31,202.54000000000008,-2.9399999999999977,-0.0008647058823529405,0.011419117647058821,101.69,9.859999999999985,26.560000000000002,1.21,0.0,192.66999999999996,0.4199999999999875,312.5,276.17,1.46,863.6,175.87,1631.3,0.0,327.15,9.03,434.05,38.67,472.72,334.3,1114.61,-10.26000000000002,-184.99,204.42000000000002,16.7,-349.80102040816354,3.63,0.42,0.03,0.05,1.6,-0.7205882352941171,-1.3201176470588223,-1.0549411764705874,-1.2751529411764697,-1.3927529411764696,13.88,13.49,1.99,1.99,12,2016,38.82499999999999,3400.0,102.0
2017-03-31,202.33,37.12,0.01,0.01,100.76,47.15,60.1,1.35,0.0,155.18,34.35,356.88,193.7,3.83,826.32,260.49,1686.56,0.0,346.68,5.89,453.81,37.51,491.32,334.3,1152.02,136.86,-89.09,-3.47,12.95,33.75,3.92,0.43,0.01,0.01,1.1,8.8,14.4,12.880000000000003,15.440000000000001,15.28,19.59,18.35,1.82,1.81,3,2017,37.12,3711.9999999999995,37.12
2017-06-30,207.94999999999996,50.839999999999996,0.01733969986357435,-0.0026603001364256472,111.61,56.190000000000005,71.77000000000001,1.69,0.0,151.76,47.12,232.96,253.56,3.91,645.52,468.81,2001.78,235.0,403.76,3.09,721.87,50.44,772.31,334.3,1162.12,-45.24000000000001,-252.33,173.81,15.580000000000002,24.36460857592447,4.86,0.66,0.03,0.01,0.37,10.14950432014552,16.57675306957708,17.501537062301047,21.570586630286492,18.657517053206004,22.65,21.44,0.89,0.89,6,2017,-7.799999999999997,2932.0,87.96
2017-09-30,269.7900000000001,60.040000000000006,0.016227027027027028,0.022075675675675678,155.89999999999998,84.87,108.82,1.92,0.0,184.92000000000002,77.18,195.01,294.62,0.0,634.92,459.69,1974.23,455.0,170.79,0.29,699.74,41.83,741.57,334.3,1161.7,-89.74000000000001,-100.75999999999999,152.84,23.949999999999996,29.580279813457693,5.53,0.64,0.04,0.03,0.73,12.170270270270272,20.137740540540545,20.67323243243243,25.930789189189195,23.96731891891892,22.75,21.76,0.91,0.91,9,2017,81.68,3700.0,148.0
