,revenue,net_profit,eps,dps,gross_profit,ebit,ebitda,close_price,expense,operating_profit,cash,account_receivable,inventory,current_asset,property_plant_equipment,total_asset,short_term_loan,account_payable,current_portion_long_term_debt,current_liability,non_current_liability,total_liability,paid_in_capital,total_equity,cash_flow_operation,cash_flow_investment,cash_flow_financing,depreciation,P/E,P/BV,D/E,EPS,DPS,DPR%,ROA%,ROAA%,ROE%,ROAE%,ROCE%,NPM%,NPMA%,CurrentRatio,QuickRatio,month,year,dividend,number_of_shares,return_old
2000-03-31,65.66,6.39,0.29,0.0,2.63,13.66,23.21,6.0,52.0,-16.3,127.47,8.65,2.3,154.83,525.92,1280.02,0.0,12.2,143.13,205.27,715.66,920.93,220.0,359.09,-0.29,88.18,0.0,9.55,5.1725,3.68,2.56,0.29,0.0,0.0,2.0,0.0,7.12,0.0,5.08,17.9,9.73,0.75,0.74,3,2000,0.0,22.03448275862069,6.39
2000-06-30,5.480000000000004,-48.35,-2.20086987607245,0.0,-5.88,-40.870000000000005,-30.6,5.0,46.349999999999994,-11.029999999999998,107.67,5.04,2.73,124.03,530.42,1259.3,0.0,15.04,148.23,207.41,741.15,948.56,220.0,310.74,2.93,-22.85000000000001,-10.86,10.27,-0.5684343329886247,3.54,3.05,-1.91,0.0,0.0,-15.348474737845569,0.0,-62.22354623450905,0.0,-11.937702573879884,-59.96,-58.98,0.6,0.58,6,2000,0.0,21.968586387434556,-41.96
2000-09-30,382.8,269.46999999999997,12.24702122983605,0.0,-0.08999999999999986,277.12,292.25,6.0,105.68,-9.0,1314.96,7.32,2.65,1343.66,146.71,1614.79,0.1,44.16,383.49,479.91,554.67,1034.58,220.0,580.21,13.96,1193.19,0.10999999999999943,15.130000000000003,0.12242160537351096,2.28,1.78,10.34,0.0,0.0,66.75455672278142,0.0,185.7662291767395,0.0,104.32472242978331,210.54,50.12,2.8,2.79,9,2000,0.0,22.002901353965182,227.51
2000-12-31,39.22000000000003,24.75,1.125356774756204,0.0,7.609999999999999,29.25000000000003,33.289999999999964,6.0,9.969999999999999,-15.440000000000005,1060.72,9.89,3.03,1095.58,41.33,1359.45,0.0,33.3,676.27,754.5,0.0,754.5,220.0,604.96,-73.75,1.9800000000000182,-182.49,4.039999999999999,1.32500202020202,2.18,1.25,11.47,0.0,0.0,7.283913422659161,0.0,16.365258067073654,0.0,18.111670498691826,180.28,51.15,1.45,1.45,12,2000,0.0,21.993025283347862,252.26
2001-03-31,94.5,55.07,2.5,0.0,9.56,55.36,59.34,13.0,39.15,-3.03,141.33,9.32,2.11,465.24,37.79,708.53,0.0,24.83,0.0,48.5,0.0,48.5,220.0,660.02,-8.73,-234.43,-676.27,3.98,1.3,4.33,0.07,2.5,0.0,0.0,31.08,22.28,33.36,43.24,33.56,152.46,58.28,9.59,9.55,3,2001,0.0,22.028,55.07
2001-06-30,33.31999999999999,0.4299999999999997,0.019524324324324313,4.69,1.9900000000000002,0.4299999999999997,4.409999999999997,23.0,32.88,-4.550000000000001,122.01,6.76,2.56,354.48,34.21,594.17,0.0,10.57,0.0,36.9,0.0,36.9,220.0,557.28,-5.029999999999999,88.86000000000001,-103.18000000000006,3.98,294.60174418604674,9.08,0.07,2.52,4.69,1.86,0.28945585585585565,0.1865657657657656,0.3086702702702701,0.39637477477477445,0.3102198198198196,87.17,43.42,9.61,9.54,6,2001,103.29166666666667,22.023809523809522,55.5
2001-09-30,36.650000000000006,0.8200000000000003,0.037272727272727284,-0.005075757575757481,3.08,0.8200000000000003,4.75,14.5,35.83,-4.18,315.6,8.34,2.88,346.6,33.0,585.04,0.0,10.48,0.0,26.95,0.0,26.95,220.0,558.09,-7.5699999999999985,101.13999999999999,0.0,3.9300000000000006,97.1863414634146,5.72,0.05,2.56,4.69,1.83,0.5608380681818184,0.2999289772727274,0.587627840909091,0.5765625000000002,0.590539772727273,59.09,34.24,12.86,12.75,9,2001,-0.11166666666666458,22.0,56.32
2001-12-31,40.02000000000001,-1.5300000000000011,-0.06953276145281992,0.0008559956196385187,3.6599999999999984,-1.5300000000000011,2.4200000000000017,19.0,41.55,-4.959999999999999,30.13,9.11,3.3,342.96,29.34,577.62,0.0,8.94,0.0,21.05,0.0,21.05,220.0,556.56,-5.190000000000001,-180.79999999999998,0.0,3.9499999999999993,-68.30844771241824,7.51,0.04,2.49,4.69,1.88,-1.0600255521080497,-0.6355685344040889,-1.0991202774228883,-1.0533235991969345,-1.1058222303340033,41.57,26.79,16.29,16.14,12,2001,0.018835341365459612,22.004016064257026,54.79
2002-03-31,49.41,13.21,0.6,0.0,14.03,13.21,17.07,22.2,36.2,7.75,40.05,12.19,2.97,338.03,26.08,589.38,0.0,8.05,0.0,19.61,0.0,19.61,220.0,569.78,10.53,-0.63,0.0,3.86,9.25,8.57,0.03,0.6,0.0,0.0,8.96,8.16,9.28,8.6,9.28,30.06,26.74,17.24,17.09,3,2002,0.0,22.01666666666667,13.21
2002-06-30,38.58,3.8999999999999986,0.17779076563413204,2.0,5.970000000000001,3.8999999999999986,7.809999999999999,20.1,34.67999999999999,-0.7199999999999998,16.86,9.61,2.73,293.89,26.65,546.22,0.0,6.43,0.0,16.54,0.0,16.54,220.0,529.68,5.660000000000002,30.509999999999998,-43.79,3.9099999999999997,28.264403846153854,8.35,0.03,0.78,2.0,2.56,2.853769725306837,2.735242548217416,2.9449444769140842,2.8720046756282867,2.9449444769140842,22.23,19.45,17.77,17.6,6,2002,43.87179487179487,21.935897435897434,17.11
2002-09-30,42.709999999999994,7.969999999999999,0.36227272727272725,0.0058275058275059684,8.79,7.969999999999999,12.010000000000002,20.1,34.730000000000004,2.1399999999999997,25.37,8.95,2.56,306.03,23.19,554.69,0.0,7.23,0.0,17.04,0.0,17.04,220.0,537.65,10.639999999999997,-2.7799999999999976,-0.030000000000001137,4.040000000000001,13.869523212045168,8.22,0.03,1.14,2.0,1.75,5.745518341307814,5.5929824561403505,5.923476874003189,5.821786283891547,5.923476874003189,22.03,19.19,17.96,17.81,9,2002,0.1282051282051313,22.0,25.08
2002-12-31,53.69,11.780000000000001,0.5369072164948454,-0.005425935973955569,13.189999999999998,14.0,18.25,21.0,39.7,6.23,26.52,12.04,2.83,232.56,109.38,567.37,0.0,8.55,0.0,17.9,0.0,17.9,220.0,549.46,11.690000000000005,-10.5,-0.14999999999999858,4.249999999999998,9.778225806451612,8.41,0.03,1.68,2.0,1.19,8.309278350515465,8.731134020618558,8.577731958762888,8.52659793814433,9.089072164948455,23.07,19.99,12.99,12.83,12,2002,-0.1190476190476204,21.94047619047619,36.86
2003-03-31,54.48,13.24,0.6,0.0,18.07,17.01,20.62,20.8,37.47,11.39,37.0,12.84,2.52,249.99,106.04,581.42,0.0,7.32,0.0,18.71,0.0,18.71,220.0,562.71,13.53,-1.77,0.0,3.61,8.6675,8.13,0.03,0.6,0.0,0.0,9.12,11.64,9.4,9.36,12.08,27.1,24.3,13.36,13.23,3,2003,0.0,22.066666666666666,13.24
2003-06-30,37.080000000000005,-0.370000000000001,-0.01667443667443672,1.0,5.370000000000001,0.5699999999999967,3.1099999999999994,19.5,36.510000000000005,-2.530000000000001,20.46,6.67,2.98,228.74,104.6,558.71,0.0,9.05,0.0,18.38,0.0,18.38,220.0,540.34,5.67,-1.4899999999999998,-22.0,2.5400000000000005,-292.3577027027019,7.94,0.03,0.58,1.0,1.72,-0.26449106449106524,-0.36568764568764667,-0.2736907536907544,-0.2771406371406379,-0.37373737373737476,15.71,14.06,12.45,12.28,6,2003,22.189655172413794,22.189655172413794,12.87
2003-09-30,50.19999999999999,7.980000000000002,0.36359712230215835,-0.011039444306623594,14.279999999999998,11.290000000000003,13.809999999999999,20.5,38.91,5.520000000000001,23.94,10.74,2.73,238.11,103.24,566.55,0.0,8.4,0.0,18.24,0.0,18.24,220.0,548.31,5.890000000000001,-1.12,0.0,2.5199999999999996,14.095958646616538,8.23,0.03,0.95,1.0,1.05,5.633841726618707,7.884316546762592,5.817553956834534,5.8787913669064755,8.068028776978418,16.38,14.71,13.05,12.9,9,2003,-0.24228675136115996,21.947368421052634,20.85
2003-12-31,73.42000000000002,25.299999999999997,1.15124593716143,0.0013115128015052182,24.770000000000003,30.49,36.24,19.0,42.94000000000001,16.369999999999997,55.27,12.78,3.03,261.39,103.42,598.73,0.0,8.25,0.0,25.12,0.0,25.12,220.0,573.61,19.430000000000003,11.89,0.0,5.75,4.1270503952569175,7.29,0.04,2.1,1.0,0.48,16.906868905742144,22.32320693391116,17.65243770314193,18.02522210184182,22.695991332611047,24.85,21.45,10.41,10.29,12,2003,0.028822055137840863,21.976190476190474,46.15
2004-03-31,54.94,10.52,0.48,0.0,22.32,14.86,17.4,20.2,40.07,15.25,75.29,12.31,2.92,296.94,102.5,613.28,0.0,10.37,0.0,29.15,0.0,29.15,220.0,584.13,19.49,0.52,0.0,2.54,10.52,7.61,0.05,0.48,0.0,0.0,6.88,9.96,7.2,7.32,10.16,19.77,19.15,10.19,10.09,3,2004,0.0,21.916666666666668,10.52
2004-06-30,47.150000000000006,6.109999999999999,0.2792303066746843,1.05,16.240000000000002,8.29,10.850000000000001,18.5,38.87,8.530000000000001,34.91,7.69,3.18,271.11,102.33,587.24,0.0,6.51,0.0,20.1,0.0,20.1,220.0,567.14,0.5100000000000016,-17.9,-22.99,2.5599999999999996,16.5619558101473,7.18,0.04,0.76,1.05,1.38,4.159061936259771,5.937318099819603,4.306025255562237,4.408899579073963,5.996103427540589,16.84,16.29,13.49,13.33,6,2004,22.975657894736845,21.88157894736842,16.63
2004-09-30,50.129999999999995,9.630000000000003,0.43639375476009146,0.008833476971178998,17.65,12.71,15.36,18.1,37.42,10.899999999999999,40.95,9.14,3.14,278.56,101.22,593.54,0.0,7.11,0.0,16.77,0.0,16.77,220.0,576.77,7.550000000000001,-1.490000000000002,-0.020000000000003126,2.6500000000000004,10.369018691588783,6.9,0.03,1.19,1.05,0.88,6.483564356435645,9.065255140898707,6.674257425742575,6.850281797410512,9.123929931454684,17.82,17.25,16.61,16.42,9,2004,0.19493034055727776,22.067226890756306,26.26
2004-12-31,60.870000000000005,1.3299999999999983,0.06025733961580275,0.0002270643668846023,24.619999999999997,5.43,23.180000000000007,17.0,55.44000000000001,1.8999999999999986,68.47,9.79,3.6,282.14,105.01,600.89,0.0,7.58,0.0,22.78,0.0,22.78,220.0,578.1,27.13,0.39000000000000057,0.0,17.75,70.53082706766926,6.47,0.04,1.25,1.05,0.84,0.8850598042769108,1.3266255889815133,0.9197680318956132,0.9236245016310245,1.3767596955418613,13.52,12.95,12.39,12.23,12,2004,0.005011764705876942,22.072,27.59
2005-03-31,58.69,12.68,0.58,0.0,23.08,17.71,20.28,18.9,40.98,13.6,89.1,9.86,3.32,304.57,102.97,621.26,0.0,10.01,0.0,30.51,0.0,30.51,220.0,590.75,21.11,-0.48,0.0,2.57,8.1475,7.04,0.05,0.58,0.0,0.0,8.16,11.48,8.6,8.64,12.0,23.25,21.61,9.98,9.87,3,2005,0.0,21.862068965517242,12.68
2005-06-30,50.3,8.990000000000002,0.40656206737425016,1.0,17.120000000000005,12.02,14.129999999999995,17.0,38.28000000000001,9.750000000000002,45.54,8.58,3.28,283.96,101.25,598.92,0.0,5.96,0.0,21.19,0.0,21.19,220.0,577.73,3.09,-24.69,-21.96,2.11,10.455353170189097,6.47,0.04,0.98,1.0,1.02,6.007161975080757,8.313779418550993,6.2228887863405635,6.289266266728196,8.546100599907708,21.34,19.88,13.4,13.25,6,2005,22.112244897959187,22.112244897959187,21.67
2005-09-30,54.33,12.170000000000002,0.5538356973995272,-0.0062901046943599935,18.82,15.760000000000002,18.75,18.7,38.56999999999999,12.43,47.94,10.23,3.21,289.59,99.54,607.83,0.0,6.69,0.0,17.93,0.0,17.93,220.0,589.91,8.27,-5.829999999999998,-0.03999999999999915,2.99,8.439145439605587,6.97,0.03,1.54,1.0,0.65,8.012635933806148,10.88970449172577,8.257186761229315,8.343498817966903,11.091099290780143,22.18,20.72,16.15,15.97,9,2005,-0.13821892393320923,21.974025974025977,33.84
2005-12-31,59.650000000000006,15.099999999999994,0.6849611769513688,0.0032215434749147186,23.93,20.32999999999999,23.86,18.7,39.32000000000001,16.22,72.88,10.27,3.43,313.88,97.89,630.48,0.0,8.3,0.0,25.48,0.0,25.48,220.0,605.0,24.42,0.5700000000000003,-0.05000000000000071,3.5299999999999994,6.822430463576161,6.8,0.04,2.22,1.0,0.45,9.57711483449121,13.193216183081319,9.984389047813647,10.206538618716792,13.42770739681242,23.52,21.95,12.32,12.18,12,2005,0.0710190710190659,22.045045045045043,48.94
2006-03-31,60.35,14.78,0.67,0.0,23.62,21.06,23.54,22.5,39.29,16.96,35.61,10.71,3.42,334.51,95.65,648.9,0.0,6.02,0.0,29.12,0.0,29.12,220.0,619.78,18.11,-55.38,0.0,2.48,8.395,7.99,0.05,0.67,0.0,0.0,9.12,13.28,9.52,9.76,13.6,26.29,24.49,11.49,11.37,3,2006,0.0,22.05970149253731,14.78
2006-06-30,50.02,7.270000000000001,0.3297052154195012,1.7499999999999998,14.91,10.77,13.280000000000001,23.0,39.25000000000001,7.309999999999999,34.61,8.42,3.74,302.91,95.57,617.46,0.0,8.83,0.0,28.9,0.0,28.9,220.0,588.56,8.52,27.12,-36.62,2.5100000000000002,17.4398211829436,8.6,0.05,1.0,1.75,1.75,4.7081904761904765,6.897433106575965,4.945578231292518,4.985142857142857,7.134820861678006,21.63,19.98,10.48,10.35,6,2006,38.5875,22.05,22.05
2006-09-30,53.349999999999994,10.249999999999996,0.466486068111455,-0.00614938080495365,18.07,14.57,17.060000000000002,23.0,38.77999999999999,9.95,32.15,11.0,3.83,305.77,93.96,619.22,0.0,7.21,0.0,20.43,0.0,20.43,220.0,598.8,0.7800000000000011,-1.389999999999997,-1.8599999999999994,2.49,12.329146341463417,8.45,0.03,1.47,1.75,1.19,6.626006191950463,9.596284829721359,6.841795665634673,6.892569659442723,9.837461300309595,21.44,19.73,14.97,14.78,9,2006,-0.13511904761904958,21.972789115646258,32.3
2006-12-31,68.72999999999999,20.11,0.9132188513642435,0.003831965909813575,20.71,23.309999999999995,25.910000000000004,25.0,45.420000000000016,8.61,33.88,12.07,3.38,325.68,97.46,652.19,0.0,12.91,0.0,33.28,0.0,33.28,220.0,618.91,23.529999999999998,-21.810000000000002,0.0,2.5999999999999996,6.841185977125807,8.89,0.05,2.38,1.75,0.74,12.339965655409273,16.683510780385422,12.99993894294982,13.138072886853655,17.282091203968708,25.6,22.55,9.79,9.68,12,2006,0.08438375350139893,22.021008403361343,52.41
2007-03-31,61.85,14.74,0.67,0.0,24.57,20.34,23.1,23.8,41.51,15.58,27.76,13.49,3.56,354.36,95.09,668.78,0.0,8.42,0.0,35.13,0.0,35.13,220.0,633.65,24.33,-30.45,0.0,2.76,8.88,8.26,0.06,0.67,0.0,0.0,8.8,12.36,9.32,9.4,12.84,25.82,23.83,10.09,9.99,3,2007,0.0,22.0,14.74
2007-06-30,49.800000000000004,5.9,0.2687015503875969,1.9,14.64,8.45,11.07,24.5,41.35,5.229999999999999,27.63,10.48,4.17,318.99,93.35,631.65,0.0,8.2,0.0,33.9,0.0,33.9,220.0,597.75,3.8000000000000007,34.15,-38.08,2.62,22.79145762711864,9.02,0.06,0.94,1.9,2.02,3.7389534883720934,5.271124031007752,3.9447674418604652,3.9790697674418607,5.51124031007752,20.12,18.49,9.41,9.29,6,2007,41.719148936170214,21.95744680851064,20.64
2007-09-30,46.47999999999999,5.18,0.23472501936483342,0.009550571056578394,12.920000000000002,8.030000000000001,10.699999999999996,22.5,38.459999999999994,4.240000000000002,17.96,7.81,3.5,312.92,76.81,627.13,0.0,6.96,17.24,24.2,0.0,24.2,220.0,602.93,1.9100000000000001,-7.88,-3.700000000000003,2.670000000000001,23.9632528957529,8.21,0.04,1.17,1.9,1.62,3.306212238574748,4.742649109217661,3.4346088303640587,3.450658404337722,4.903144848954299,17.78,16.33,12.93,12.79,9,2007,0.2107655937443198,22.06837606837607,25.82
2007-12-31,23.860000000000014,-9.99,-0.4543777637397347,-0.007109188979056607,14.660000000000004,-14.190000000000001,-11.689999999999998,22.0,38.04000000000002,-16.490000000000002,11.46,5.25,3.43,268.14,92.06,613.0,0.0,16.37,0.0,20.05,0.0,20.05,220.0,592.95,-18.24,11.739999999999998,0.0,2.5,-12.106226226226225,8.16,0.03,0.72,1.9,2.64,-6.512747946936197,-9.03706885660139,-6.739936828806064,-6.588477574226153,-9.642905874921036,9.49,8.7,13.37,13.2,12,2007,-0.15630341880342513,21.98611111111111,15.83
2008-03-31,31.16,-3.49,-0.16,0.0,6.07,-3.16,-0.69,15.1,34.32,-1.61,65.6,4.81,3.55,269.69,85.91,608.43,0.0,5.23,0.0,18.98,0.0,18.98,220.0,589.45,10.75,-1.61,0.0,2.47,-23.595000000000002,5.64,0.03,-0.16,0.0,0.0,-2.28,-1.9600000000000002,-2.36,-2.28,-2.16,-12.38,-11.2,14.21,14.02,3,2008,0.0,21.8125,-3.49
2008-06-30,23.040000000000003,-7.91,-0.36080701754385963,0.7,-1.0200000000000005,-8.24,-6.0600000000000005,11.0,31.279999999999994,-9.26,60.65,2.49,3.72,247.9,85.18,586.98,0.0,4.81,0.0,20.84,0.0,20.84,220.0,566.14,-4.96,14.09,-14.08,2.18,-7.620417193426042,4.27,0.04,-0.52,0.7,-1.35,-5.384350877192983,-5.1900701754385965,-5.578631578947367,-5.439859649122806,-5.578631578947367,-23.13,-21.03,11.9,11.72,6,2008,15.346153846153845,21.923076923076923,-11.4
2008-09-30,25.39,-12.03,-0.5442509603072984,0.005722446567516993,-5.16,-11.49,-8.67,11.5,36.88000000000001,-18.009999999999998,56.24,3.75,3.7,240.87,88.16,583.29,0.0,7.65,0.0,29.17,0.0,29.17,220.0,554.12,-5.22,0.8099999999999987,0.0,2.8199999999999994,-5.282948877805486,4.57,0.05,-1.06,0.7,-0.66,-8.25618437900128,-7.763277848911651,-8.687477592829707,-8.317797695262483,-8.482099871959027,-32.31,-29.44,8.26,8.13,9,2008,0.12648766328011618,22.10377358490566,-23.43
2008-12-31,33.61,-23.75,-1.0772573124205171,-0.0018112087789038216,3.3899999999999997,-24.29,-20.509999999999998,5.3,57.89999999999999,-21.599999999999998,24.45,3.03,3.67,164.73,103.2,565.43,0.0,16.5,18.56,35.07,0.0,35.07,220.0,530.36,1.9000000000000004,-33.67,-0.019999999999999574,3.7800000000000002,-1.2316463157894737,2.2,0.07,-2.14,0.7,-0.33,-16.7931326833404,-16.128656210258583,-17.920729122509538,-16.913946587537094,-17.920729122509538,-46.99,-41.68,4.7,4.59,12,2008,-0.03993122906013191,22.046728971962615,-47.18
2009-03-31,29.01,-6.62,-0.3,0.0,2.37,-6.44,-2.03,5.6,35.46,-6.28,12.68,3.28,3.79,150.83,101.48,547.98,0.0,6.37,0.0,24.24,0.0,24.24,220.0,523.75,-11.51,-0.26,0.0,4.41,-4.6675,2.35,0.05,-0.3,0.0,0.0,-4.84,-4.44,-5.04,-4.76,-4.92,-24.18,-22.82,6.22,6.07,3,2009,0.0,22.066666666666666,-6.62
2009-06-30,21.38,-10.36,-0.46979976442873966,0.0,-7.42,-10.239999999999998,-7.25,7.6,31.619999999999997,-14.29,5.83,1.83,3.49,139.74,99.92,535.82,0.0,5.41,0.0,22.43,0.0,22.43,220.0,513.38,-15.19,9.44,-1.1,2.99,-4.044222972972974,3.26,0.04,-0.77,0.0,0.0,-7.736442873969375,-7.24833922261484,-8.078115429917549,-7.6876325088339215,-7.931684334511189,-40.53,-33.7,6.23,6.07,6,2009,0.0,22.051948051948052,-16.98
2009-09-30,27.019999999999996,-4.449999999999999,-0.20142323845076993,0.0,-5.1000000000000005,-4.34,-4.4300000000000015,10.0,31.35000000000001,-11.14,31.95,1.67,2.8,138.34,99.66,532.92,0.0,6.45,0.0,23.98,0.0,23.98,220.0,508.94,-7.360000000000003,33.48,0.0,-0.09000000000000075,-12.412544943820226,4.32,0.05,-0.97,0.0,0.0,-3.339057396173587,-3.1314045730284645,-3.4968735417638817,-3.3473635090993934,-3.4304246383574424,-35.51,-27.68,5.77,5.65,9,2009,0.0,22.09278350515464,-21.43
2009-12-31,26.650000000000006,-7.25,-0.328626220362622,0.0,1.2100000000000009,-6.760000000000002,-0.9799999999999986,11.5,33.400000000000006,-6.0,33.96,2.9,2.81,166.78,99.46,530.8,0.0,10.69,0.0,29.11,0.0,29.11,220.0,501.69,-0.6499999999999986,2.6600000000000037,0.0,5.78,-8.752344827586207,5.04,0.06,-1.3,0.0,0.0,-5.460251046025105,-5.126569037656904,-5.783821478382148,-5.6220362622036255,-5.601813110181311,-33.36,-27.56,5.73,5.63,12,2009,0.0,22.06153846153846,-28.68
2010-03-31,27.09,-8.41,-0.38,0.0,0.15,-7.51,-5.11,9.2,34.6,-6.45,25.02,3.24,3.29,156.49,100.52,521.01,0.0,7.88,0.0,27.73,0.0,27.73,220.0,493.28,-6.69,-2.26,0.0,2.4,-6.0525,4.1,0.06,-0.38,0.0,0.0,-6.44,-5.64,-6.8,-6.6,-6.08,-31.93,-31.04,5.64,5.52,3,2010,0.0,22.13157894736842,-8.41
2010-06-30,15.690000000000001,-30.819999999999997,-1.3984093805760898,0.0,-10.01,-30.82,-18.66,10.1,46.51,-29.95,5.18,2.76,3.11,74.41,98.6,475.06,0.0,4.65,0.0,12.6,0.0,12.6,220.0,462.46,-33.53,13.69,0.0,12.16,-1.8042999675535367,4.8,0.03,-1.78,0.0,0.0,-25.95699209788427,-23.820096864644402,-26.64834055569717,-25.26564364007137,-26.051266887586028,-98.0,-91.7,5.91,5.66,6,2010,0.0,22.039325842696627,-39.23
2010-09-30,22.730000000000004,-6.8600000000000065,-0.312562377956173,0.0,-5.49,-6.859999999999999,-3.3500000000000014,10.3,29.590000000000003,-8.009999999999998,6.95,1.86,3.16,66.47,96.68,467.46,0.0,5.28,0.0,11.87,0.0,11.87,220.0,455.59,-9.160000000000004,10.940000000000001,0.0,3.51,-8.230357142857136,4.97,0.03,-2.1,0.0,0.0,-5.870219136472124,-5.376072900846174,-6.02501193317423,-5.691612063354312,-5.9059405510956875,-77.01,-70.36,5.6,5.33,9,2010,0.0,21.94761904761905,-46.09
2010-12-31,146.0,105.85,4.605254350736278,0.0,-1.6100000000000012,105.85,109.44,11.1,40.14999999999999,-11.130000000000003,22.15,3.52,3.26,223.33,96.78,625.45,0.0,6.53,0.0,14.94,0.0,14.94,269.06,610.5,90.23,-124.09,49.06,3.59,0.6026811525743977,4.89,0.02,2.6,0.0,0.0,67.66181392235609,74.3217202141901,69.36221552878179,76.1638219544846,70.42496653279785,69.87,28.25,14.95,14.73,12,2010,0.0,22.984615384615385,59.76
2011-03-31,34.42,1.61,0.06,0.5,2.97,1.61,5.11,11.0,32.81,-3.08,22.12,1.89,3.03,226.06,98.42,625.28,0.0,5.02,0.0,12.9,8.21,21.11,269.06,604.17,-1.41,1.38,0.0,3.5,45.8325,4.9,0.03,0.06,0.5,8.33,1.04,1.12,1.08,1.16,1.04,5.43,4.68,17.52,17.29,3,2011,13.416666666666668,26.833333333333336,1.61
2011-06-30,18.229999999999997,-16.02,-0.6003331020124913,-0.002775850104094458,-5.15,-16.02,-12.5,11.9,34.25,-10.95,20.11,2.48,3.05,180.04,201.6,594.8,0.0,5.12,0.0,11.62,8.48,20.1,269.06,574.7,-9.39,20.830000000000002,-13.45,3.5199999999999996,-4.956248439450687,5.57,0.03,-0.54,0.5,-0.93,-10.76152671755725,-11.962192921582234,-11.161748785565578,-12.362414989590562,-10.983872310895212,-28.52,-27.37,15.49,15.23,6,2011,-0.07407407407407618,26.685185185185183,-14.41
2011-09-30,21.82,-6.390000000000001,-0.23655288461538462,0.006067485754985824,-3.6199999999999997,-6.390000000000001,-2.9300000000000006,10.0,28.209999999999994,-5.290000000000001,14.11,1.34,2.59,169.25,204.02,586.46,0.0,3.48,0.0,9.41,8.75,18.15,269.06,568.3,-4.549999999999999,-1.4499999999999993,0.0,3.460000000000001,-10.570892018779341,4.73,0.03,-0.77,0.5,-0.65,-4.362403846153846,-4.853942307692308,-4.497576923076924,-4.989115384615384,-4.423846153846154,-29.95,-27.93,17.99,17.71,9,2011,0.16390091390091577,27.012987012987015,-20.8
2011-12-31,22.739999999999995,-1.5299999999999976,-0.05686968204209575,-0.0020326739986391254,-5.88,-1.5299999999999976,1.9299999999999997,10.0,24.27000000000001,-16.240000000000002,13.26,2.84,2.6,157.02,107.4,587.65,0.0,11.35,0.0,11.86,9.02,20.88,269.06,566.77,-5.299999999999999,4.449999999999999,0.0,3.459999999999999,-43.96674836601314,4.75,0.04,-0.83,0.5,-0.6,-1.041468875951633,-1.0085803851321078,-1.0798387819077457,-1.0387281683833394,-1.063394536497983,-27.13,-22.97,13.24,13.02,12,2011,-0.05468627757784539,26.903614457831324,-22.33
2012-03-31,17.39,-10.9,-0.43,0.0,-1.62,-10.9,-8.75,11.4,28.28,-14.32,47.82,2.89,2.44,126.65,117.22,565.99,0.0,9.37,0.0,9.93,0.86,10.79,269.06,555.2,-1.27,35.83,0.0,2.15,-6.6274999999999995,5.52,0.02,-0.43,0.0,0.0,-7.72,-7.32,-7.84,-7.52,-7.84,-88.33,-62.68,12.75,12.51,3,2012,0.0,25.348837209302328,-10.9
2012-06-30,7.73,-4.67,-0.17996146435452792,0.0,-5.79,-4.65,-0.5199999999999996,12.8,12.39,-9.259999999999998,70.15,5.7,2.52,154.37,164.26,639.76,3.93,39.53,0.0,43.46,45.78,89.23,269.06,550.52,-5.84,-20.63,48.8,4.130000000000001,-17.778806209850107,6.26,0.16,-0.6,0.0,0.0,-2.9153757225433528,-3.0233526011560694,-3.3952729608220937,-3.3232883750802826,-3.131329479768786,-100.91,-61.98,3.55,3.49,6,2012,0.0,25.950000000000003,-15.57
2012-09-30,11.580000000000002,-0.8599999999999994,-0.033499695678636615,0.0,6.75,-0.8399999999999999,2.289999999999999,16.2,12.420000000000002,-8.100000000000001,44.58,11.01,2.34,139.46,233.36,692.94,0.0,47.44,0.0,47.44,95.84,143.27,269.06,549.66,-9.0,-62.66,46.09,3.13,-120.88468023255822,7.93,0.26,-0.64,0.0,0.0,-0.4962142422398049,-0.535995130858186,-0.626025562994522,-0.6155569080949479,-0.5318076688983563,-83.32,-44.77,2.94,2.89,9,2012,0.0,25.671875,-16.43
2012-12-31,7.049999999999997,-5.600000000000001,-0.2033590558329551,0.0,1.03,-5.59,-6.57,18.3,12.64,-7.450000000000003,87.44,15.5,2.31,189.46,351.97,860.38,0.0,85.08,0.0,85.08,229.94,315.02,269.06,545.37,30.58,-121.84,134.12,-0.9800000000000004,-22.502071428571423,9.03,0.58,-0.8,0.0,0.0,-2.6029959146618253,-3.091057648660917,-4.107852927825693,-4.026509305492511,-2.887698592827962,-88.51,-50.35,2.23,2.2,12,2012,0.0,27.5375,-22.03
2013-03-31,22.37,9.01,0.33,0.0,0.36,11.31,14.25,22.0,11.06,-6.6,40.66,24.85,2.33,169.48,502.18,1001.28,0.0,112.13,4.0,116.13,316.81,432.94,269.06,568.34,-79.22,-58.46,90.9,2.94,16.6675,10.42,0.76,0.33,0.0,0.0,3.6,5.76,6.36,6.4,5.12,203.39,40.28,1.46,1.44,3,2013,0.0,27.3030303030303,9.01
2013-06-30,-3.1999999999999993,-13.39,-0.48913242009132424,0.0,-1.73,-16.95,-14.03,26.0,13.749999999999998,-10.180000000000001,64.32,36.99,2.33,153.64,642.34,1128.12,0.0,118.75,8.0,126.75,446.41,573.16,269.06,554.96,-22.070000000000007,-87.82,133.54999999999998,2.9200000000000004,-13.28883495145631,12.61,1.03,-0.16,0.0,0.0,-4.769041095890412,-7.826118721461189,-9.660365296803654,-9.660365296803654,-6.8478538812785406,-67.8,-22.85,1.21,1.19,6,2013,0.0,27.375,-4.38
2013-09-30,3.8999999999999986,-20.95,-0.7774575602052901,0.0,-4.77,-23.65,-17.89,22.5,27.55,-24.29,48.11,48.45,2.33,146.4,715.7,1192.55,0.0,91.46,9.0,100.46,563.64,664.1,269.06,528.45,-7.279999999999987,-127.10999999999999,118.18,5.759999999999999,-7.23627923627685,11.46,1.26,-0.94,0.0,0.0,-7.0136596920647465,-10.288906435057244,-15.846900908014213,-15.549151204105804,-8.866324516383736,-261.13,-109.8,1.46,1.43,9,2013,0.0,26.9468085106383,-25.33
2013-12-31,47.63999999999999,-20.630000000000003,-0.7585879025239339,0.0,-0.6800000000000006,-15.79,-1.0999999999999979,23.7,63.42,-14.549999999999997,10.48,56.93,2.49,109.41,738.7,1186.8,28.97,68.61,18.0,115.58,562.83,678.41,269.06,508.39,43.519999999999996,-118.48000000000002,37.329999999999984,14.69,-7.808521570528356,12.54,1.33,-1.69,0.0,0.0,-6.948485639686686,-7.900087032201916,-16.231087902523935,-15.656536118363798,-7.558946910356833,-83.46,-65.0,0.95,0.93,12,2013,0.0,27.19526627218935,-45.96
2014-03-31,53.09,-17.01,-0.63,0.0,-0.01,-9.94,5.15,22.8,63.03,-15.99,8.46,61.84,1.29,114.43,725.14,1177.92,38.28,67.26,27.5,133.05,553.5,686.55,269.06,491.37,-11.11,-0.22,9.31,15.09,-9.0475,12.48,1.4,-0.63,0.0,0.0,-5.76,-3.64,-13.84,-12.84,-3.8,-36.18,-32.04,0.86,0.85,3,2014,0.0,27.000000000000004,-17.01
2014-06-30,64.8,-30.149999999999995,-1.1187977099236641,0.0,2.86,-2.91,11.569999999999999,23.0,67.71000000000001,-12.72,5.23,56.55,1.25,112.36,688.87,1119.43,41.12,35.91,37.0,114.02,544.17,658.2,269.06,461.23,-7.109999999999999,1.04,2.84,14.48,-5.138328358208956,13.42,1.43,-1.75,0.0,0.0,-10.766030534351144,-2.915267175572519,-26.13511450381679,-23.731297709923663,-3.2732824427480915,-46.89,-40.0,0.99,0.97,6,2014,0.0,26.948571428571427,-47.16
2014-09-30,84.80999999999999,4.069999999999993,0.15112555117196538,0.0,21.95,13.41,28.439999999999998,25.0,71.39999999999998,5.220000000000002,4.7,62.44,1.16,122.03,675.83,1114.59,37.2,39.74,37.5,114.45,534.85,649.29,269.06,465.3,12.45,-0.05999999999999994,-12.92,15.030000000000001,41.36957616707624,14.46,1.4,-1.6,0.0,0.0,1.4621397075887652,-0.018890693896495676,3.498556509630999,3.2756463216523497,-0.022668832675794805,-24.35,-21.26,1.07,1.06,9,2014,0.0,26.931250000000002,-43.09
2014-12-31,77.28000000000003,12.740000000000002,0.474339373970346,0.0,22.650000000000002,-2.13,13.350000000000001,29.0,79.41000000000003,2.849999999999998,19.15,53.95,1.42,121.09,665.21,1124.65,29.3,43.46,47.4,120.16,526.44,646.61,269.06,478.04,25.9,-3.49,-7.960000000000001,15.479999999999997,15.282201726844583,16.32,1.35,-1.13,0.0,0.0,4.53350906095552,0.23507084019769364,10.662141680395388,10.326326194398684,0.26865238879736414,-11.76,-10.84,1.01,1.0,12,2014,0.0,26.85840707964602,-30.35
2015-03-31,87.28,3.84,0.14,0.0,23.27,12.6,27.29,30.0,74.67,6.44,13.46,47.71,1.33,112.14,652.68,1101.12,28.14,35.59,40.41,104.13,515.1,619.24,269.06,481.88,14.28,-0.21,-19.76,14.69,53.5725,16.75,1.29,0.14,0.0,0.0,1.4,4.44,3.2,3.16,5.04,4.74,4.4,1.08,1.06,3,2015,0.0,27.428571428571423,3.84
2015-06-30,70.9,-10.85,-0.40242510699001427,0.0,15.959999999999997,-6.21,8.93,29.5,77.11999999999999,-4.140000000000001,12.44,43.25,1.48,100.84,640.04,1078.7,28.44,32.85,42.46,103.76,503.92,607.68,269.06,471.03,8.320000000000002,-0.03,-9.309999999999999,15.139999999999999,-18.326142857142855,16.85,1.29,-0.26,0.0,0.0,-4.024251069900143,3.590870185449358,-9.224821683309557,-9.286733238231099,4.086162624821683,-4.69,-4.43,0.97,0.96,6,2015,0.0,26.96153846153846,-7.01
2015-09-30,80.93,-20.869999999999997,-0.7785078909612625,0.0,19.75,3.170000000000001,18.28,28.25,77.77000000000001,2.46,12.17,38.14,1.43,91.66,626.92,1039.1,13.6,38.31,44.47,96.38,492.57,588.94,269.06,450.16,23.07,1.1099999999999999,-24.450000000000003,15.11,-9.070685194058457,16.88,1.31,-1.04,0.0,0.0,-8.024619799139167,2.664892395982783,-18.534476327116213,-18.235050215208034,3.024203730272597,-12.34,-11.66,0.95,0.94,9,2015,0.0,26.807692307692307,-27.88
2015-12-31,92.41999999999996,7.0,0.26149425287356326,0.0,28.18,15.429999999999998,30.549999999999997,28.0,76.98000000000002,7.02,31.31,35.42,1.52,113.33,613.89,1045.3,9.24,41.72,55.98,106.93,481.21,588.14,269.06,457.16,24.069999999999993,-0.46,-4.469999999999999,15.120000000000005,26.771142857142856,16.48,1.29,-0.78,0.0,0.0,2.681992337164751,-3.0842911877394634,6.128352490421456,5.994252873563219,-3.567049808429119,-6.63,-6.3,1.06,1.05,12,2015,0.0,26.769230769230766,-20.88
2016-03-31,92.55,16.46,0.61,0.0,30.38,13.29,28.18,26.75,79.26,11.97,21.75,33.47,1.49,99.96,601.13,1028.12,9.69,28.53,46.49,84.71,469.8,554.51,269.06,473.61,11.59,-0.47,-20.67,14.89,10.9625,15.2,1.17,0.61,0.0,0.0,6.4,5.0,13.92,13.8,5.64,18.42,17.78,1.18,1.16,3,2016,0.0,26.98360655737705,16.46
2016-06-30,74.05,-19.43,-0.7196296296296296,0.0,14.440000000000001,1.5700000000000003,16.479999999999997,28.25,72.49,-3.040000000000001,14.69,28.43,1.26,89.12,588.18,990.6,4.63,26.9,46.5,78.02,458.39,536.42,269.06,454.18,11.46,-1.8499999999999999,-16.68,14.91,-9.81414565105507,16.74,1.18,-0.11,0.0,0.0,-7.850505050505049,37.68242424242424,-17.00942760942761,-16.747744107744108,42.65441077441077,-1.87,-1.78,1.14,1.13,6,2016,0.0,27.0,-2.97
2016-09-30,88.32,5.03,0.19533980582524274,0.0,24.270000000000003,10.23,25.17,29.75,78.08000000000001,6.800000000000001,22.12,28.43,1.36,95.82,574.59,983.75,1.4,29.64,46.51,77.55,446.98,524.53,269.06,459.22,22.63,-0.3500000000000001,-14.850000000000001,14.940000000000001,38.0751888667992,17.43,1.14,0.08,0.0,0.0,2.0510679611650486,24.222135922330096,4.395145631067961,4.395145631067961,27.05456310679612,0.85,0.81,1.24,1.22,9,2016,0.0,25.75,2.06
2016-12-31,89.49000000000004,1.75,0.06430446194225722,0.0,20.679999999999993,7.180000000000003,22.310000000000002,30.0,82.30999999999997,-0.75,33.95,31.04,1.47,114.29,560.61,987.28,0.06,32.3,57.99,90.35,435.96,526.32,269.06,460.97,12.079999999999998,1.21,-1.4599999999999937,15.129999999999995,116.6349857142857,17.51,1.14,0.14,0.0,0.0,0.7165354330708661,5.84251968503937,1.5249343832020996,1.5249343832020996,6.6141732283464565,1.17,1.11,1.26,1.25,12,2016,0.0,27.21428571428571,3.81
2017-03-31,100.0,19.68,0.73,0.0,30.4,22.2,36.89,31.0,77.8,11.47,48.89,23.3,1.46,117.27,547.73,978.86,0.74,26.33,46.91,73.99,424.22,498.21,269.06,480.65,26.44,10.96,-22.45,14.69,10.6175,17.35,1.04,0.73,0.0,0.0,8.04,8.84,16.36,16.48,9.8,22.52,19.68,1.58,1.57,3,2017,0.0,26.958904109589042,19.68
2017-06-30,72.25,-4.459999999999999,-0.1670302233902759,0.0,13.050000000000004,0.40000000000000213,15.369999999999997,38.0,71.85000000000001,-5.380000000000001,43.89,18.92,1.36,108.56,535.92,957.94,0.0,21.94,47.32,69.27,412.49,481.75,269.06,476.19,8.609999999999996,-1.25,-12.360000000000003,14.97,-56.87877802690585,21.47,1.01,0.57,0.0,0.0,-1.8637056504599208,-2.7193692509855443,-3.7508541392904062,-3.8329040735873843,-2.97724047306176,9.84,8.84,1.57,1.55,6,2017,0.0,26.701754385964914,15.22
2017-09-30,84.11000000000001,3.429999999999998,0.12690080428954417,0.0,22.099999999999994,9.879999999999995,25.309999999999995,39.0,74.22999999999999,4.52,69.13,15.09,1.33,130.24,523.55,965.0,0.01,23.27,59.21,82.5,402.89,485.38,269.06,479.62,25.650000000000006,-0.2900000000000009,-0.11999999999999744,15.430000000000003,76.82930029154524,21.88,1.01,0.69,0.0,0.0,1.4198176943699723,2.4497372654155485,2.8617050938337787,2.9205576407506686,2.7072171581769426,7.98,7.27,1.58,1.56,9,2017,0.0,27.028985507246375,18.65
