,revenue,net_profit,eps,dps,gross_profit,ebit,ebitda,close_price,allowance_doubtful_accounts,expense,operating_profit,cash,account_receivable,inventory,current_asset,property_plant_equipment,total_asset,short_term_loan,account_payable,current_portion_long_term_debt,current_liability,non_current_liability,total_liability,paid_in_capital,total_equity,cash_flow_operation,cash_flow_investment,cash_flow_financing,depreciation,P/E,P/BV,D/E,EPS,ROA%,ROAA%,ROE%,ROAE%,ROCE%,NPM%,NPMA%,TIE,CurrentRatio,QuickRatio,month,year,dividend,number_of_shares,return_old
2000-03-31,84.46,-2612.33,-108.85,0.0,9.94,-2455.92,-1937.01,0.26,0.0,2540.38,-1555.55,2.84,124.48,776.0,910.52,286.55,1218.21,1526.73,136.06,1555.26,4086.88,29.57,4116.45,240.0,-2898.3,1.13,0.06,-1.61,518.91,-0.0,-0.02,-1.42,-108.85,-857.76,0.0,360.52,0.0,342.44,-3108.07,-3092.98,0.0,0.22,0.03,3,2000,0.0,23.99935691318328,-2612.33
2000-06-30,36.02000000000001,-582.6199999999999,-24.275301460116744,0.0,4.190000000000001,-487.5,-984.49,0.24,0.0,523.52,-10.799999999999955,11.49,103.47,351.53,472.0,277.27,769.77,1546.02,116.29,1587.85,4223.56,27.08,4250.64,240.0,-3480.93,5.47,1.38,1.77,-496.98999999999995,-0.0,-0.02,-1.22,-133.12,-302.74831343213503,0.0,66.9467298079782,0.0,62.161694424012886,-2672.48,-2651.85,0.0,0.11,0.03,6,2000,0.0,24.000525841346153,-3194.95
2000-09-30,27.92,-362.78999999999996,-15.116334976698692,0.0,-6.370000000000001,-243.46000000000004,-233.9699999999998,0.13,0.0,271.3800000000001,-110.61000000000013,24.28,35.18,331.32,398.4,268.68,686.57,1587.13,116.32,1661.12,4505.53,24.7,4530.23,240.0,-3843.72,12.15,-0.010000000000000009,0.4,9.489999999999998,-0.0,-0.01,-1.18,-148.24,-211.36356237386656,0.0,37.75412750791232,0.0,34.03826642756356,-2417.44,-2397.4,0.0,0.09,0.01,9,2000,0.0,23.999865083648135,-3557.74
2000-12-31,24.599999999999994,-2460.6100000000006,-102.5235427650436,0.0,-13.94,-2678.4300000000003,-2663.15,0.13,0.0,2703.02,-70.83999999999992,19.81,13.03,301.89,341.3,207.89,564.85,0.0,2.63,0.0,22.45,6846.68,6869.13,240.0,-6304.33,-1.7300000000000004,-0.050000000000000044,-2.71,15.279999999999998,-0.0,-0.0,-1.09,-250.76,-1742.4913757425213,0.0,156.1157663479193,0.0,-1768.4616079822542,-3594.98,-3478.82,0.0,15.2,1.76,12,2000,0.0,24.00043866645398,-6018.35
2001-03-31,27.56,-46.15,-1.92,0.0,-1.53,-46.18,-37.41,0.13,0.0,73.74,-28.97,8.35,19.84,283.06,320.06,199.69,535.3,0.0,2.4,0.0,24.37,6861.4,6885.77,240.0,-6350.48,-11.42,-0.04,0.0,8.77,-0.0175,-0.0,-1.08,-1.92,-34.48,-21.08,2.9200000000000004,4.0,-36.16,-170.3,-167.45,0.0,13.13,1.52,3,2001,0.0,24.036458333333332,-46.15
2001-06-30,17.77,-28.15,-1.1744952893674294,0.0,-6.29,-28.15,-19.860000000000007,0.13,0.0,45.93000000000001,-29.78,12.34,9.24,271.32,297.81,191.96,504.65,0.0,0.64,0.0,22.7,6860.58,6883.28,240.0,-6378.63,4.06,-0.07,0.0,8.29,-0.026394316163410304,-0.0,-1.08,-3.1,-22.307833109017498,-17.670471063257065,1.7579542395693133,2.2883714670255717,-23.368667563930014,-168.71,-163.91,0.0,13.12,1.17,6,2001,0.0,23.96774193548387,-74.3
2001-12-31,29.650000000000006,-151.24,-403.30666666666673,0.0,-8.23,-151.24,-135.35,0.13,0.0,180.88,-37.459999999999994,14.37,2.76,168.03,189.73,147.41,351.23,0.0,0.65,0.0,34.17,6846.92,6881.1,3.75,-6529.87,1.8900000000000006,0.11,0.0,15.890000000000004,-0.0,-0.0,-1.05,-601.44,-172.22879134521594,-132.10197747627916,9.253844107475395,9.414780526735834,-190.81694776979697,-321.51,-300.8,0.0,5.55,0.64,12,2001,0.0,0.37499999999999994,-225.54
2002-12-31,-15.550000000000004,101.58999999999999,21.219565147236786,0.0,1.3000000000000007,111.89999999999999,89.60000000000001,0.13,0.0,-127.45000000000002,33.03999999999999,11.7,4.24,125.49,146.46,89.09,248.32,0.0,0.72,0.0,56.4,6774.48,6830.89,75.0,-6582.57,5.05,-0.39,0.0,-22.300000000000004,0.003050251008957575,-0.0,-1.04,-25.89,163.65866236385637,124.31763775716013,-6.163427188382411,-6.196211375554658,194.18074062121818,-234.31,-208.56,0.0,2.6,0.37,12,2002,0.0,4.787562765546543,-123.95
2003-12-31,30.479999999999997,-0.6099999999999994,-0.08134312780989073,0.0,24.009999999999998,9.260000000000005,6.390000000000001,0.13,0.0,21.22,35.650000000000006,11.19,25.73,104.56,150.09,82.1,238.04,0.0,1.51,0.0,93.65,6840.61,6934.26,75.0,-6696.22,3.98,-0.68,-3.0,-2.87,-0.510491803278689,-0.0,-1.04,-16.61,-1.0250899165061005,-0.8411496467565823,0.03643545279383426,0.03682723185613355,-1.4164771997430945,-144.94,-138.54,0.0,1.6,0.49,12,2003,0.0,7.4990969295605066,-124.56
2004-03-31,58.77,1.59,0.21,0.0,16.14,6.2,8.18,0.13,0.0,52.57,6.08,8.42,52.9,106.08,175.51,80.5,261.86,0.0,18.51,0.0,115.88,6840.61,6956.49,75.0,-6694.63,-2.39,-0.38,0.0,1.98,0.155,-0.0,-1.04,0.21,2.44,0.0,-0.08,0.0,17.0,2.71,2.71,0.0,1.51,0.6,3,2004,0.0,7.571428571428572,1.59
2004-06-30,56.68999999999999,0.039999999999999813,0.005398773006134945,0.0,11.68,4.69,6.6899999999999995,0.13,0.05,51.99999999999999,4.779999999999999,1.65,86.78,88.87,186.01,78.78,269.65,0.0,11.62,0.0,123.63,6840.61,6964.24,75.0,-6694.59,-18.36,0.71,10.87,2.0,6.010625000000028,-0.0,-1.04,0.22,0.058895705521472115,0.0,-0.0019631901840490708,0.0,0.7322699386503033,1.41,1.41,0.0,1.5,0.79,6,2004,0.0,7.409090909090908,1.63
2004-09-30,67.54,3.3,0.4417849898580122,0.0,16.42,8.2,10.26,0.13,0.0,59.34,8.0,4.22,98.76,103.26,216.2,78.06,299.13,0.0,24.22,48.3,148.72,6841.7,6990.42,75.0,-6691.29,-1.9100000000000001,-1.34,5.83,2.06,0.0746969696969697,-0.0,-1.04,0.66,4.417849898580122,0.0,-0.1874239350912779,0.0,33.977281947261666,2.7,2.69,0.0,1.45,0.76,9,2004,0.0,7.469696969696969,4.93
2004-12-31,59.16,2.1000000000000005,0.280796586059744,0.0,12.280000000000001,7.039999999999999,9.110000000000003,0.13,0.0,52.110000000000014,6.48,1.03,67.0,103.0,180.66,75.62,280.98,0.0,2.99,0.0,128.48,6841.7,6970.18,75.0,-6689.19,16.009999999999998,-19.2,0.0,2.0699999999999994,0.11716666666666664,-0.0,-1.04,0.94,2.98719772403983,12.032432432432437,-0.13143669985775253,-0.13143669985775253,20.468278805120914,2.91,2.9,0.0,1.41,0.6,12,2004,0.0,7.4787234042553195,7.03
2005-06-30,-208.55,-187.2,-24.957229283454517,0.0,-52.730000000000004,-196.53,-200.51000000000002,0.13,72.68,-12.01000000000002,-32.1,1.0,5.15,22.03,36.13,71.49,112.49,3.6,2.52,62.15,137.88,6841.7,6979.58,75.0,-6867.09,3.0200000000000005,20.21,-13.1,-3.9799999999999995,-0.0024061164529914528,-0.0,-1.02,-24.02,-665.6785036354554,-370.6387522895044,10.888916023755343,11.055159016484431,2789.2664927568408,-547.46,-536.06,0.0,0.26,0.1,6,2005,0.0,7.50083263946711,-180.17
2005-12-31,2786.8399999999997,6834.13,90.49576407131994,0.0,-3.4,2712.25,2716.24,0.13,76.91,74.59000000000003,-24.42,30.81,14.11,6.23,62.59,61.16,124.79,0.0,21.78,0.0,22.52,18.55,41.06,200.0,83.73,-15.470000000000002,-52.49,97.77000000000001,3.9899999999999993,0.0,0.31,0.49,88.11,21906.034660202346,5147.0942238907355,32648.398475253834,-827.7009005764988,10210.913035786209,10063.46,235.92,0.0,2.78,2.5,12,2005,0.0,75.51878333900805,6653.96
2006-03-31,30.54,5.43,0.03,0.0,13.09,5.46,7.28,0.13,0.0,25.08,5.42,0.99,25.01,11.03,47.26,59.51,107.82,0.0,0.79,0.0,18.6,0.0,18.6,206.32,89.22,-30.88,-0.2,1.26,1.82,1.0825,0.3,0.21,0.03,20.16,0.0,24.360000000000003,0.0,24.48,17.8,17.78,0.0,2.54,1.95,3,2006,0.0,181.0,5.43
2006-06-30,35.54,7.6,0.05249424405218726,0.0,16.29,8.25,9.399999999999999,0.13,0.0,27.29,7.77,0.81,36.0,21.93,87.0,58.46,146.5,35.0,1.48,0.0,49.68,0.0,49.68,206.32,96.82,-15.080000000000002,-20.11,35.0,1.1500000000000001,0.6172105263157894,0.28,0.51,0.09,20.741059094397546,24.70729086722947,31.40322333077514,-0.8865694551036071,33.036377590176514,19.87,19.72,0.0,1.75,1.31,6,2006,0.0,144.77777777777777,13.03
2006-09-30,25.730000000000004,1.8500000000000014,0.008702956989247319,0.0,8.099999999999998,2.8699999999999974,3.8200000000000003,0.13,0.79,22.869999999999997,1.6600000000000001,6.59,29.52,39.31,83.1,57.56,141.72,35.98,0.45,0.0,43.04,0.0,43.04,206.32,98.67,-15.32,21.33,-0.21999999999999886,0.9499999999999997,3.740108108108106,0.27,0.44,0.07,5.221774193548391,0.0,7.499462365591404,0.0,8.354838709677425,16.66,16.21,0.0,1.93,1.02,9,2006,0.0,212.57142857142856,14.88
2006-12-31,16.64999999999999,-4.98,-0.025151515151515154,0.0,11.82,-4.129999999999999,-4.239999999999998,0.13,1.36,20.77000000000001,-4.029999999999999,0.93,25.85,52.26,86.8,56.92,144.88,36.8,11.17,1.88,51.19,0.0,51.19,206.32,93.69,-6.189999999999998,-0.28,0.8200000000000003,-0.10999999999999988,-1.2921686746987953,0.29,0.55,0.05,-13.74278787878788,-18.571878787878788,-21.268121212121212,-22.455272727272728,-26.741090909090907,9.4,9.13,0.0,1.7,0.67,12,2006,0.0,198.0,9.9
2007-03-31,24.94,1.05,0.01,0.0,9.27,2.06,2.9,0.13,0.0,22.87,1.6,2.04,37.23,45.02,91.86,56.37,149.33,44.12,2.26,0.0,54.6,0.0,54.6,206.32,94.74,-9.91,-0.3,11.32,0.84,3.25,0.28,0.58,0.01,2.8,6.4,4.44,4.56,8.68,4.29,4.21,0.0,1.68,0.86,3,2007,0.0,105.0,1.05
2007-06-30,27.8,2.2800000000000002,0.013693693693693694,0.0,9.29,3.5100000000000002,4.300000000000001,0.13,0.0,24.289999999999996,7.790000000000001,11.48,40.96,41.4,100.12,56.02,157.29,42.28,8.75,8.37,60.28,0.0,60.28,206.32,97.01,7.41,-0.44,2.459999999999999,0.7899999999999999,2.3733552631578942,0.28,0.62,0.02,5.806126126126126,10.051171171171172,9.393873873873876,9.421261261261263,15.720360360360361,6.41,6.31,0.0,1.66,0.97,6,2007,0.0,166.5,3.33
2007-09-30,33.38,4.38,0.022723735408560312,0.0,11.110000000000003,5.459999999999999,6.249999999999999,0.13,0.0,27.930000000000007,7.52,3.1,47.27,48.59,107.94,55.28,164.33,38.38,7.73,0.0,62.93,0.0,62.93,206.32,101.4,-12.02,-0.050000000000000044,3.700000000000001,0.79,1.430222602739726,0.26,0.62,0.04,10.657431906614788,16.383813229571984,17.270038910505836,17.52,24.72342412451362,9.01,8.95,0.0,1.72,0.94,9,2007,0.0,192.75,7.71
2007-12-31,42.94,4.63,0.02251215559157212,0.0,12.29,6.520000000000001,7.129999999999999,0.13,0.0,36.42999999999999,8.190000000000001,0.74,42.5,45.13,99.16,60.14,163.92,35.0,3.52,0.0,47.68,0.0,47.68,206.32,116.25,14.11,-0.18999999999999995,-16.28,0.6099999999999999,1.4458855291576673,0.23,0.41,0.06,11.301102106969205,17.06421393841167,15.938606158833062,17.649529983792544,22.66223662884927,9.6,9.56,0.0,2.08,1.13,12,2007,0.0,205.66666666666669,12.34
2008-03-31,32.86,1.54,0.01,0.0,9.32,3.44,4.6,0.13,0.0,29.43,4.13,2.74,56.0,47.84,117.41,70.05,192.98,4.43,6.15,6.02,46.69,28.49,75.18,206.32,117.8,-9.08,-0.54,11.62,1.16,3.25,0.23,0.64,0.01,3.2000000000000006,8.04,5.24,5.8,9.4,4.84,4.69,0.0,2.51,1.49,3,2008,0.0,154.0,1.54
2008-06-30,38.44,1.79,0.010750750750750751,0.0,9.379999999999999,3.8000000000000003,5.300000000000001,1.02,0.0,34.63,4.7700000000000005,2.19,60.41,86.22,163.69,75.16,243.68,20.06,35.8,6.14,97.16,26.94,124.1,206.32,119.58,-13.06,-16.04,28.550000000000004,1.5000000000000002,23.71927374301676,1.76,1.04,0.02,2.9457057057057057,7.762042042042041,5.977417417417417,6.600960960960961,10.621741741741742,4.75,4.67,0.0,1.68,0.8,6,2008,0.0,166.5,3.33
2008-09-30,64.28000000000002,1.87,0.010788461538461538,0.0,13.120000000000001,4.539999999999999,6.08,0.78,0.0,59.739999999999995,5.9399999999999995,0.45,75.08,70.38,159.68,74.32,238.52,43.05,6.03,6.1,91.07,26.0,117.07,206.32,121.45,-20.75,-0.6000000000000014,19.6,1.54,18.07486631016043,1.33,0.96,0.03,3.135846153846154,8.415000000000001,6.156615384615385,6.717615384615384,11.493307692307694,3.87,3.84,0.0,1.75,0.98,9,2008,0.0,173.33333333333334,5.2
2008-12-31,37.01999999999998,-5.63,0.0,-0.0,-0.10999999999999943,-5.97,-4.43,0.45,0.0,42.989999999999995,-3.58,0.9,87.04,80.19,180.08,72.95,259.68,74.68,8.32,6.42,120.16,23.7,143.86,206.32,115.82,-17.4,-1.0399999999999991,18.9,1.54,0.0,0.8,1.24,0.0,-8.90325581395349,143.49953488372094,-19.37767441860465,-19.37767441860465,217.86790697674422,-0.25,-0.25,0.0,1.5,0.83,12,2008,0.0,-inf,-0.43
2009-03-31,41.44,1.18,0.01,0.0,4.9,3.42,4.93,0.39,0.0,38.01,-2.6,0.51,69.63,75.71,163.55,71.62,241.84,67.46,1.17,6.64,102.4,22.45,124.85,206.32,117.0,12.24,-0.2,-12.44,1.51,9.75,0.69,1.07,0.01,1.96,6.280000000000001,4.04,4.04,9.8,3.34,2.85,0.0,1.6,0.86,3,2009,0.0,117.99999999999999,1.18
2009-06-30,33.3,-1.04,-0.0,0.0,5.16,1.7199999999999998,3.280000000000001,0.37,0.0,31.589999999999996,0.9100000000000001,1.93,62.7,99.95,182.12,74.86,260.1,74.0,7.36,6.78,124.15,19.99,144.14,206.32,115.96,-5.930000000000001,-1.29,8.649999999999999,1.5599999999999998,-0.0,0.66,1.24,0.0,-1.4857142857142858,-60.61714285714286,-3.5657142857142854,-3.5657142857142854,-112.32,0.21,0.19,1.13,1.47,0.66,6,2009,0.0,inf,0.14
2009-09-30,-0.7800000000000011,-82.15,-0.40068284355566397,0.0,-38.08,-80.11,-78.52000000000001,0.68,9.95,79.33000000000001,-36.330000000000005,1.86,14.76,62.61,97.02,110.59,210.68,76.46,9.89,15.42,115.45,22.75,138.2,206.32,72.48,16.59,-0.3999999999999999,-16.25,1.5900000000000003,-0.42427571515520385,1.94,1.91,-0.4,-155.98583099621996,-133.74793317888063,-453.37263748323375,-338.89754907938055,-315.45760273137427,-121.16,-110.88,-10.98,0.84,0.3,9,2009,0.0,205.025,-82.01
2009-12-31,108.72000000000001,-42.19,-0.173243961352657,0.0,-0.4400000000000013,-39.7,-38.870000000000005,0.54,16.04,148.42000000000002,-7.8799999999999955,6.63,108.47,62.67,194.83,87.17,284.03,78.48,50.42,6.93,163.28,19.36,182.64,458.32,101.4,-81.53999999999999,1.71,84.58000000000001,0.8300000000000001,-0.7801137710357906,2.44,1.8,-0.51,-59.41928180354267,-57.313178743961345,-166.43649275362316,-155.37605475040257,-129.02938486312397,-70.97,-67.99,-17.75,1.19,0.81,12,2009,0.0,243.52941176470588,-124.2
2010-03-31,161.25,-14.76,-0.03,0.0,2.21,-0.22,0.09,0.51,0.0,161.47,0.56,8.07,156.98,47.59,232.31,86.22,320.51,11.76,105.67,0.4,232.84,1.41,234.25,458.32,86.26,13.21,-0.09,-11.68,0.31,-4.25,2.71,2.72,-0.03,-18.44,-0.32,-68.44,-58.08,-1.0,-9.15,-9.15,-0.22,1.0,0.79,3,2010,0.0,492.0,-14.76
2010-06-30,127.66000000000003,-9.01,-0.018952461085401766,0.0,1.5899999999999999,-0.6,-0.24,0.46,0.0,128.26000000000002,-0.08000000000000007,7.08,34.06,49.19,153.76,85.32,239.24,1.48,2.0,0.42,161.05,1.3,162.35,458.32,76.88,-3.630000000000001,0.31,2.34,0.36000000000000004,-6.067813540510543,2.74,2.11,-0.05,-15.070997055111484,-0.5003449726546066,-46.88080774084981,-37.37425326041228,-1.5920067311737482,-8.23,-8.23,-0.47,0.95,0.65,6,2010,0.0,475.4,-23.77
2010-09-30,332.10999999999996,-1.9800000000000004,-0.003844660194174758,0.0,4.22,1.35,1.64,0.2,0.0,330.77,1.96,50.91,147.85,32.42,396.85,84.65,481.65,18.29,84.7,0.38,282.06,1.33,283.39,1833.26,198.26,-69.35000000000001,0.17,113.0,0.2899999999999999,-13.005050505050502,1.85,1.43,-0.05,-1.6455145631067962,0.0461359223300971,-3.9953708737864084,-5.850034951456311,0.08304466019417478,-4.15,-4.15,0.18,1.41,1.29,9,2010,0.0,515.0,-25.75
2010-12-31,379.05000000000007,1.120000000000001,0.0009094600081201794,0.0,6.01,3.6899999999999995,3.99,0.19,0.0,375.35,4.369999999999999,45.95,121.13,7.64,285.7,83.98,370.06,104.66,1.54,0.39,169.82,1.23,171.05,1833.26,199.01,0.990000000000002,1.15,-7.090000000000003,0.30000000000000004,52.228794642857096,1.75,0.86,-0.02,1.211400730816079,-0.23464068209500633,2.2518229801055645,2.9830288266341887,-0.38379212342671576,-2.46,-2.46,1.85,1.68,1.64,12,2010,0.0,1231.5,-24.63
2011-03-31,273.81,1.99,0.0,0.0,9.85,6.98,7.01,0.18,0.0,266.84,7.78,15.43,133.13,16.11,343.93,2.33,430.08,1.5,30.09,0.0,228.46,0.32,228.78,1833.26,201.3,-21.46,-1.85,-7.21,0.03,0.0,1.64,1.14,0.0,1.84,7.44,3.96,5.52,13.84,0.73,0.73,13.42,1.51,1.43,3,2011,0.0,inf,1.99
2011-06-30,250.48999999999995,1.7500000000000002,0.0,0.0,8.250000000000002,5.34,5.790000000000001,0.18,0.0,245.14000000000004,6.22,13.51,94.94,8.06,259.69,2.7,314.81,1.54,2.49,0.0,142.95,0.38,143.33,1833.26,171.47,-1.509999999999998,-0.3999999999999999,0.0,0.44999999999999996,0.0,1.92,0.84,0.0,2.2272727272727275,8.328877005347593,4.080213903743316,5.633689839572193,13.419786096256685,0.71,0.71,22.0,1.82,1.76,6,2011,0.0,inf,3.74
2011-09-30,206.59000000000003,0.7799999999999994,0.0,0.0,2.5799999999999983,-0.41999999999999993,-0.10000000000000142,0.15,0.0,207.0,0.5399999999999991,111.17,67.13,8.46,332.42,2.89,387.52,0.0,2.18,0.0,214.81,0.44,215.26,1833.26,172.26,113.91,-0.25,-16.0,0.32000000000000006,0.0,1.6,1.25,0.0,0.8076106194690259,1.8913274336283172,1.808495575221238,1.6842477876106183,4.755929203539819,0.62,0.62,22.88,1.55,1.51,9,2011,0.0,inf,4.52
2011-12-31,424.07000000000005,40.32000000000001,0.017983942908117754,0.0,4.43,1.4499999999999993,1.7100000000000009,0.15,0.0,422.6199999999999,2.6999999999999993,32.43,163.44,10.45,301.74,2.98,305.1,0.0,74.06,0.0,108.07,0.51,108.58,1833.26,196.52,-78.41,-0.33000000000000007,-0.00999999999999801,0.26,2.085193452380952,1.4,0.55,0.02,52.87279214986619,14.207314897413028,82.07871543264943,81.53919714540591,24.386226583407677,3.88,3.88,25.67,2.79,2.7,12,2011,0.0,2242.0,44.84
2012-03-31,389.54,6.25,0.0,0.0,5.86,3.07,3.25,0.16,0.0,386.47,4.03,7.69,116.42,0.0,245.42,2.74,248.53,0.0,22.23,0.0,45.18,0.57,45.76,1833.26,202.77,-26.83,2.09,0.0,0.18,0.0,1.45,0.23,0.0,10.04,3.6000000000000005,12.32,12.36,6.04,1.6,1.6,0.0,5.43,5.43,3,2012,0.0,inf,6.25
2012-06-30,145.93,-1.4000000000000004,-0.0,0.0,0.8999999999999995,-0.5899999999999999,-0.41999999999999993,0.16,0.0,146.51999999999998,-2.74,64.06,59.1,0.0,222.28,2.6,227.15,0.0,6.47,0.0,25.13,0.64,25.78,1833.26,201.37,56.48,-0.009999999999999787,0.0,0.16999999999999998,-0.0,1.46,0.13,0.0,-2.470927835051547,-1.0622680412371137,-2.782680412371135,-3.0020618556701044,-1.4202061855670105,0.91,0.91,0.0,8.85,8.85,6,2012,0.0,inf,4.85
2012-09-30,81.05999999999995,-52.67,-0.0330426599749059,0.0,0.5,-52.48,-52.3,0.16,48.02,133.53999999999996,-2.17,7.31,38.02,0.0,161.06,2.46,165.66,0.0,0.59,0.0,16.24,0.71,16.95,1833.26,148.7,-56.8,-0.040000000000000036,0.0,0.18000000000000005,-1.209799696221758,1.97,0.11,-0.03,-127.19221246340445,-79.65483897950648,-141.6869259723965,-131.28950230029275,-147.41432036804684,-7.78,-7.76,0.0,9.92,9.92,9,2012,0.0,1594.0,-47.82
2012-12-31,33.07000000000005,-76.50999999999999,-0.04307648998632671,0.0,0.15000000000000036,-76.74,-76.57000000000001,0.29,124.34,109.81000000000006,-3.29,29.12,57.1,0.0,86.22,2.29,88.53,0.0,5.45,0.0,7.22,9.11,16.33,1833.26,72.2,21.82,-0.020000000000000018,0.0,0.16999999999999993,-1.6818919095543066,7.36,0.23,-0.07,-345.6949859245556,-158.5214831496823,-423.87266146545477,-227.76386391056056,-383.6761425239282,-19.19,-19.14,0.0,11.94,11.94,12,2012,0.0,1776.1428571428569,-124.33
2013-03-31,0.0,-3.54,0.0,-0.0,0.0,-1.79,-1.63,0.31,0.0,1.79,-1.79,37.67,42.9,0.0,80.58,2.13,82.85,0.0,6.49,0.0,8.29,10.07,18.36,1833.26,64.49,8.56,0.0,0.0,0.16,0.0,8.81,0.28,0.0,-17.08,-4.32,-21.96,-10.6,-9.6,0.0,0.0,0.0,9.72,9.72,3,2013,0.0,-inf,-3.54
2013-06-30,28.27,-1.8099999999999996,0.0,-0.0,0.14,-1.77,-1.6,0.18,0.0,30.03,-1.88,8.94,72.36,0.0,81.3,1.96,83.39,0.0,8.86,0.0,10.49,10.22,20.72,1833.26,62.68,-28.740000000000002,0.0,0.0,0.17,0.0,5.26,0.33,0.0,-8.687999999999997,-3.098990654205607,-11.55693457943925,-5.4807476635514005,-6.603962616822429,-19.0,-18.92,0.0,7.75,7.75,6,2013,0.0,-inf,-5.35
2013-09-30,29.84,8.16,0.0,0.0,0.12,8.32,8.49,0.16,0.0,21.520000000000003,-3.45,37.43,58.42,0.0,95.85,1.8,97.77,0.0,14.96,0.0,16.6,10.33,26.94,1833.26,70.84,28.490000000000002,0.0,0.0,0.16999999999999998,0.0,4.14,0.38,0.0,33.336939501779355,41.93252669039146,46.11416370106762,29.736085409252667,68.06775800711745,6.08,4.84,0.0,5.77,5.77,9,2013,0.0,inf,2.81
2013-12-31,42.19,-13.85,-0.012545289855072464,0.0,0.42000000000000004,-13.379999999999999,-13.219999999999999,0.15,0.0,55.59,-5.62,4.97,66.76,0.0,71.74,1.66,73.52,0.0,4.38,0.0,6.05,10.48,16.53,1833.26,56.99,-32.44,-0.02,0.0,0.16000000000000003,-2.9891696750902526,4.83,0.29,-0.01,-75.37210144927536,-53.39275362318841,-97.20090579710146,-85.75960144927537,-64.13152173913043,-11.48,-11.01,0.0,11.86,11.86,12,2013,0.0,1104.0,-11.04
2014-03-31,63.74,-1.75,0.0,-0.0,0.27,-1.06,-0.9,0.35,0.0,64.81,-1.07,37.11,32.75,0.0,69.86,1.5,71.43,0.0,4.37,0.0,5.88,10.32,16.19,1833.26,55.24,32.14,0.0,0.0,0.16,0.0,11.62,0.29,0.0,-9.8,-5.48,-12.68,-11.68,-6.48,-2.75,-2.75,0.0,11.88,11.88,3,2014,0.0,-inf,-1.75
2014-06-30,52.46,-2.46,0.0,-0.0,0.14999999999999997,-2.64,-2.48,0.67,0.0,55.09,-3.0599999999999996,18.58,57.49,0.0,416.41,1.34,417.96,0.0,6.04,0.0,7.17,10.52,17.68,8833.26,400.28,-26.03,-340.0,347.5,0.16,0.0,14.79,0.04,0.0,-2.360665083135392,-3.4591923990498814,-2.4541567695962,-4.253871733966745,-2.103562945368171,-3.64,-3.62,0.0,58.08,58.08,6,2014,0.0,-inf,-4.21
2014-09-30,38.05999999999999,-2.87,0.0,-0.0,0.8,-2.6099999999999994,-2.45,0.91,0.0,40.66999999999999,-9.0,587.51,30.38,0.0,960.11,0.26,960.59,0.0,3.86,0.0,4.98,10.69,15.68,19833.26,944.91,21.48,-0.060000000000002274,547.5,0.15999999999999998,0.0,19.1,0.02,0.0,-1.1998870056497175,-1.92954802259887,-1.2161016949152543,-2.2538418079096045,-1.0701694915254238,-4.8,-4.59,0.0,192.79,192.79,9,2014,0.0,-inf,-7.08
2014-12-31,23.180000000000007,-5.33,0.0,-0.0,0.1200000000000001,-2.6500000000000012,-2.619999999999999,0.62,-7.0,25.819999999999993,-9.839999999999998,59.56,22.28,0.0,958.11,0.25,958.59,0.0,5.76,0.0,6.88,12.13,19.01,19833.26,939.58,1.6099999999999994,-529.56,0.0,0.030000000000000027,0.0,13.09,0.02,0.0,-2.2161804995970993,-2.989266720386785,-2.2677195809830786,-4.277743755036262,-1.6148912167606768,-7.28,-6.99,0.0,139.26,139.26,12,2014,0.0,-inf,-12.41
2015-03-31,22.58,-19.49,0.0,-0.0,0.19,-26.68,-26.47,0.22,0.0,49.26,-34.56,77.29,28.84,0.0,937.18,5.19,942.45,0.0,14.14,0.0,14.44,13.02,27.46,19833.54,920.62,-30.05,44.97,2.81,0.21,0.0,4.74,0.03,0.0,-8.28,-21.040000000000003,-8.48,-15.96,-11.48,-132.59,-86.32,0.0,64.9,64.9,3,2015,0.0,-inf,-19.49
2015-06-30,38.0,-2.990000000000002,0.0,-0.0,0.22999999999999998,-11.04,-10.75,0.22,0.0,49.050000000000004,-27.299999999999997,92.7,30.11,0.0,916.32,4.96,921.67,0.0,4.36,0.0,4.66,11.79,16.45,19833.54,917.63,-27.09,42.5,0.0,0.29000000000000004,0.0,4.76,0.02,0.0,-1.2981494661921718,-2.995320284697511,-1.3034697508896806,-1.814217081850535,-2.1866370106761583,-61.69,-37.11,0.0,196.64,196.64,6,2015,0.0,-inf,-22.48
2015-09-30,19.489999999999995,-2.5599999999999987,0.0,-0.0,0.25000000000000006,-2.5500000000000043,-2.25,0.31,0.0,22.03,-9.810000000000002,134.29,37.86,0.0,914.2,4.68,919.27,0.0,4.47,0.0,4.77,12.48,17.25,19833.54,915.07,-17.150000000000006,58.75,0.0,0.30000000000000004,0.0,6.72,0.02,0.0,-1.1123322683706065,-1.7502875399361018,-1.1205111821086258,-1.1000638977635777,-1.7993610223642165,-51.45,-31.27,0.0,191.66,191.66,9,2015,0.0,-inf,-25.04
2015-12-31,34.47000000000001,9.93,-0.0,-0.0,0.32999999999999996,9.380000000000003,9.669999999999998,0.22,0.0,25.090000000000003,-12.310000000000002,27.91,37.89,0.0,912.8,4.39,917.59,0.0,4.08,0.0,4.38,1.91,6.3,19833.54,925.01,-7.11999999999999,-99.27,0.0,0.29000000000000004,-0.0,4.72,0.01,0.0,4.337392455327597,8.648497683653211,4.284818001323627,4.258530774321642,8.88508272667108,-24.59,-13.19,0.0,208.4,208.4,12,2015,0.0,-inf,-15.11
2016-03-31,31.97,-0.93,0.0,-0.0,0.7,-1.76,-1.47,0.19,0.0,33.73,-8.95,40.25,55.24,0.0,911.28,4.09,915.84,0.0,3.7,0.0,4.0,2.08,6.08,19833.54,924.08,-26.06,38.41,0.0,0.29,0.0,4.08,0.01,0.0,-0.4,-0.76,-0.4,-0.4,-0.76,-3.75,-2.91,0.0,227.82,227.82,3,2016,0.0,-inf,-0.93
2016-06-30,27.93,-6.7,0.0,-0.0,0.33000000000000007,-7.35,-7.06,0.14,0.0,35.28000000000001,-19.150000000000002,288.43,33.96,0.0,843.72,3.8,907.97,0.0,4.15,0.0,4.45,1.09,5.53,19833.54,917.38,8.649999999999999,239.52,0.0,0.29,0.0,3.03,0.01,0.0,-2.95045871559633,-3.512450851900393,-2.9153342070773265,-2.9153342070773265,-3.547575360419397,-18.65,-12.74,0.0,189.6,189.6,6,2016,0.0,-inf,-7.63
2016-09-30,157.26999999999998,107.77,0.010761933293389255,0.0,-3.13,106.63,109.11,0.15,0.0,50.64999999999999,-28.54,24.28,50.18,2.05,362.78,752.63,1406.62,0.0,47.05,12.36,79.92,220.61,300.53,19833.54,1025.18,-35.64,-226.15,-2.35,2.48,3.484504036373759,2.9,0.29,0.01,30.649986019572594,36.11704813261434,42.0576353105652,44.425260635110845,31.640083882564408,158.9,46.11,0.0,4.54,4.51,9,2016,0.0,10014.0,100.14
2016-12-31,44.680000000000035,-15.570000000000007,-0.0,0.0,-0.020000000000000018,-17.069999999999993,-4.510000000000005,0.09,0.0,61.75,-18.989999999999995,47.6,50.32,1.7,377.64,742.62,1407.9,0.0,41.91,15.33,102.01,215.93,317.94,19833.54,1010.82,-12.61,11.519999999999996,24.400000000000002,12.559999999999999,-0.0,1.77,0.31,0.0,-4.425952465413269,-5.096105001773681,-6.163930471798513,-6.436410074494505,-4.536417169208942,82.73,32.3,0.0,3.7,3.69,12,2016,0.0,inf,84.57
2017-03-31,65.85,13.39,0.0,0.0,6.03,13.9,23.7,0.06,0.0,51.95,-12.45,561.89,43.19,1.72,879.81,735.34,1902.8,0.0,39.9,3.06,177.4,105.63,283.03,19833.54,1524.93,1.65,2.07,510.57,9.8,0.0,0.78,0.19,0.0,2.8,3.96,3.5200000000000005,4.36,3.24,33.9,20.33,0.0,4.96,4.95,3,2017,0.0,inf,13.39
2017-06-30,63.610000000000014,-41.21,0.0,-0.0,3.9099999999999993,-10.49,-8.42,0.04,0.0,74.11,-14.650000000000002,157.96,161.94,77.38,758.89,835.67,2026.51,16.9,55.05,22.2,127.49,205.21,332.7,29847.89,1483.72,-10.97,-362.76,-30.19999999999999,2.0699999999999985,0.0,0.8,0.22,0.0,-8.117570093457944,1.362803738317757,-11.139439252336446,-13.746542056074766,1.0665420560747665,-28.12,-21.49,0.0,5.95,5.35,6,2017,0.0,-inf,-27.82
2017-09-30,249.28,-8.670000000000002,0.0,-0.0,7.1,-2.63,1.0999999999999996,0.03,0.11,251.91000000000003,-10.199999999999996,130.59,177.59,83.59,851.32,829.41,2013.06,10.14,66.35,25.5,120.82,200.85,321.66,29850.0,1475.26,-21.82,5.819999999999993,-11.360000000000014,3.7300000000000004,0.0,0.61,0.22,0.0,-1.720219238147438,0.04751986845711154,-2.347481501781311,-2.7751603178953137,0.038015894765689236,-10.71,-9.63,0.0,7.05,6.35,9,2017,0.0,-inf,-36.49
