,revenue,net_profit,eps,dps,gross_profit,ebit,ebitda,close_price,expense,operating_profit,cash,account_receivable,inventory,current_asset,property_plant_equipment,total_asset,short_term_loan,account_payable,current_portion_long_term_debt,current_liability,non_current_liability,total_liability,paid_in_capital,total_equity,cash_flow_operation,cash_flow_investment,cash_flow_financing,depreciation,P/E,P/BV,D/E,EPS,DPS,DPR%,ROA%,ROAA%,ROE%,ROAE%,ROCE%,NPM%,NPMA%,TIE,CurrentRatio,QuickRatio,month,year,dividend,number_of_shares,return_old
1999-12-31,,,,,,,,62.0,,,781.38,843.84,491.52,2272.36,1907.32,4241.19,169.69,536.88,155.63,1284.03,773.21,2057.24,220.0,2183.95,,,,,,6.25,0.94,8.0,0.0,0.0,,,,,,11.27,10.43,0.0,1.77,1.39,12,1999,,21.91625,175.33
2000-03-31,3252.51,208.16,9.46,5.0,388.58,339.34,503.8,95.5,2913.16,174.53,766.2,901.16,545.55,2402.45,2034.01,4492.38,306.95,710.79,225.01,1675.53,710.07,2385.6,220.0,2106.78,571.08,-281.59,-97.66,164.46,2.525,9.97,1.13,9.46,5.0,0.53,18.52,0.0,39.52,0.0,48.2,6.74,6.4,0.0,1.43,1.11,3,2000,110.02114164904862,22.004228329809724,208.16
2000-06-30,1785.7199999999993,69.85,3.1757994316751192,-0.002220173533234725,212.38000000000005,118.27000000000004,206.57999999999998,70.5,1667.46,91.64000000000001,655.1,1057.58,654.55,2569.02,2201.06,4823.93,314.15,881.6,232.79,1912.67,734.63,2647.3,220.0,2176.63,139.69999999999993,-253.81,0.0,88.31,5.552239799570509,7.13,1.22,12.64,5.0,0.4,5.78879896406604,0.0,12.833847703320023,0.0,15.79859717276357,5.74,5.52,0.0,1.34,1.0,6,2000,-0.04883152246634381,21.994462025316455,278.01
2000-09-30,2549.4400000000005,68.44999999999999,3.1117228540091206,0.0006815087061392162,316.65,137.63,226.46000000000004,69.5,2411.8100000000004,155.19,429.56,1516.64,849.82,3094.43,2178.48,5309.58,380.1,1172.93,251.11,2446.93,617.57,3064.49,220.0,2245.08,-42.90999999999997,-62.460000000000036,-119.75999999999999,88.83000000000001,5.580308984660337,6.81,1.36,15.75,5.0,0.32,5.160520695029729,0.0,12.194002193615423,0.0,16.429896669168155,4.67,4.57,0.0,1.26,0.92,9,2000,0.01499146071930113,21.997460317460316,346.46
2000-12-31,-4558.530000000001,-198.79,-9.032849597074557,0.0022699691826805427,-586.14,-359.97,-611.27,74.5,-4198.56,-217.88000000000002,743.14,1239.44,853.7,3281.29,2122.96,5440.0,390.04,1098.96,257.47,2414.03,633.22,3047.26,220.0,2392.75,-329.05,563.08,223.38,-251.3,-2.0613926756879115,6.85,1.27,6.71,5.0,0.75,-14.592561793187514,-26.16968646305953,-33.223655447958286,-34.73137400961604,-41.89303717749035,4.93,4.87,0.0,1.36,1.01,12,2000,0.04995623684149564,22.007451564828614,147.67
2001-03-31,5505.88,279.83,12.72,5.999999999999999,626.0,442.87,618.43,58.0,5063.0,364.69,776.22,1002.65,726.35,2958.4,2142.54,5134.68,393.52,905.56,266.26,2127.36,614.41,2741.77,220.0,2392.91,653.68,-139.63,-165.7,175.56,1.14,5.33,1.15,12.72,6.0,0.47,21.8,36.8,46.76,49.760000000000005,58.92,5.16,5.08,0.0,1.39,1.05,3,2001,131.9952830188679,21.999213836477985,279.83
2001-06-30,2399.3599999999997,151.10000000000002,6.868978720441836,-0.0004817356406420852,301.21000000000004,224.25,310.6700000000001,86.5,2175.12,199.3,785.19,979.7,712.7,2973.59,2148.13,5153.34,395.46,790.62,268.87,1988.91,620.42,2609.33,220.0,2544.01,97.97000000000003,-92.00999999999999,0.0,86.42000000000002,3.1514073461283916,7.48,1.03,19.59,6.0,0.31,11.72530109298494,18.752066460910125,23.75916274104844,25.610526071519743,29.56571136843571,5.52,5.45,0.0,1.5,1.14,6,2001,-0.010596954549356496,21.997447677386422,430.93
2001-09-30,2813.0699999999997,87.15000000000003,3.9615165611488585,0.0004644903978125846,229.5999999999999,127.13999999999999,211.89,73.0,2685.9299999999994,75.63,1264.42,1233.15,797.85,3611.24,2192.98,5834.51,493.33,1365.02,302.11,2818.16,385.19,3203.35,220.0,2631.16,693.1999999999999,-128.97000000000003,-84.67000000000002,84.75,4.607137119908203,6.1,1.22,23.55,6.0,0.25,5.975077208153183,9.588384033353925,13.248791692402722,14.298467418159362,17.716642217418165,4.9,4.83,0.0,1.28,1.0,9,2001,0.010218394280201437,21.99915074309979,518.08
2001-12-31,-8247.4,-391.06000000000006,-17.764259171783973,0.004010402093255474,-922.92,-611.65,-862.71,90.5,-7635.749999999999,-503.17,1522.7,1064.99,792.21,3582.06,2211.12,5817.39,472.21,1474.85,262.93,2675.49,383.71,3059.2,220.0,2758.18,-1017.4999999999999,246.84000000000003,195.41,-251.06,-1.2732532092262054,7.22,1.11,5.77,6.0,1.04,-26.846506062037484,-39.90031176192726,-56.77173988348293,-60.71251141552512,-71.54963312864116,5.24,5.14,0.0,1.34,1.04,12,2001,0.08828444954684755,22.013864818024263,127.02
2002-03-31,4982.16,277.52,12.61,8.5,490.72,391.01,579.42,94.0,4591.14,279.74,998.48,1139.31,799.88,3267.99,2219.31,5509.85,369.14,1274.97,262.45,2434.77,353.4,2788.17,220.0,2721.68,315.07,-197.86,-382.0,188.41,1.8625,7.6,1.02,12.61,8.5,0.67,20.16,29.4,40.8,43.4,50.88,5.7,5.57,0.0,1.34,1.01,3,2002,187.06740681998414,22.00793021411578,277.52
2002-06-30,2832.51,167.20000000000005,7.598291059543085,-0.0011519424174289711,280.92999999999995,240.46000000000004,334.14,108.0,2592.0599999999995,185.45,937.42,1313.87,841.86,3476.74,2262.6,5761.0,371.68,1398.93,252.89,2524.85,347.27,2872.12,220.0,2888.88,55.29000000000002,-121.53999999999996,6.279999999999973,93.67999999999998,3.5508444976076543,8.22,0.99,20.21,8.5,0.42,11.609857888109374,17.399748156143197,23.144522396114414,24.61831264615939,29.340456916711645,5.82,5.69,0.0,1.38,1.04,6,2002,-0.025348433046957553,22.00494804552202,444.72
2002-09-30,3565.789999999999,236.60000000000002,10.754861151881641,-0.002161316625732643,470.18999999999994,331.16999999999996,427.58000000000015,110.0,3234.62,305.81,1234.31,1518.46,945.86,4177.81,2268.8,6468.77,326.61,1877.18,225.91,3164.41,178.87,3343.28,220.0,3125.48,663.35,-101.52000000000004,-267.13,96.41000000000003,2.555669907016061,7.74,1.07,30.97,8.5,0.27,14.626888980214876,21.738918569835025,30.28168848705454,32.87924616920097,40.463558973756825,6.1,5.99,0.0,1.32,1.02,9,2002,-0.047547570017570706,21.99935421375525,681.32
2002-12-31,-7752.289999999999,-408.12000000000006,-18.55362518301611,-0.000994964663769652,-827.9699999999999,-610.3,-899.8900000000001,141.0,-7142.0,-471.98,1500.68,1431.24,1195.65,4664.33,2277.77,6964.6,276.36,2036.14,231.73,3363.53,202.39,3565.92,220.0,3398.68,-649.9000000000001,324.3,623.2,-289.59000000000003,-1.89945359208076,9.13,1.05,12.42,8.5,0.68,-23.423578330893122,-32.92446852122987,-48.042237188872626,-53.00182137628112,-58.439437774524166,7.66,7.53,0.0,1.39,1.03,12,2002,-0.021886018207879943,21.996779388083734,273.2
2003-03-31,7397.35,471.45,21.43,10.0,761.25,632.29,811.89,176.0,6765.06,522.92,790.52,1366.44,1288.08,4242.64,2365.92,6631.24,275.59,1902.97,230.9,3096.9,157.4,3254.3,220.0,3376.94,128.23,-289.35,-283.23,179.6,2.0525,11.47,0.96,21.43,10.0,0.47,28.44,41.68,55.84,61.84,71.56,6.48,6.37,0.0,1.37,0.95,3,2003,219.9953336444237,21.99953336444237,471.45
2003-06-30,4027.4699999999993,176.32,8.013431927999136,0.0016014596356203738,340.55999999999995,258.56000000000006,353.09000000000003,208.0,3768.909999999999,216.6500000000001,701.02,2168.18,1125.45,4097.83,2389.07,6510.08,180.82,1750.45,212.69,2805.75,151.07,2956.83,220.0,3553.25,124.62,-116.91999999999996,-96.87,94.53,6.493497476179674,12.88,0.83,29.44,10.0,0.34,10.833376043966222,15.809107553606989,19.84848696296525,21.89539620544329,26.185195362551525,5.76,5.67,0.0,1.46,1.06,6,2003,0.035237007750197336,22.00305706521739,647.77
2003-09-30,4263.9400000000005,258.65,11.756558769665277,-0.0011688961734808469,391.76,344.93999999999994,444.6099999999999,232.0,3919.0,280.41999999999996,1112.67,1510.29,1143.82,4703.09,2459.4,7185.59,278.28,2121.83,85.22,3265.88,107.8,3373.68,220.0,3811.9,662.28,-168.33000000000004,-82.87,99.67000000000002,4.932480765513242,13.39,0.89,41.2,10.0,0.24,14.39322389179409,20.65958385737296,27.14281238278061,29.825134043820743,35.98876679684915,5.87,5.78,0.0,1.44,1.09,9,2003,-0.025716283241905558,22.0004854368932,906.42
2003-12-31,-11501.52,-678.5899999999999,-30.857184743010134,-0.004171054128672223,-1172.87,-940.03,-1212.56,310.0,-10561.49,-819.36,1903.95,2284.82,1160.13,5461.52,2451.22,7935.31,408.26,2731.05,86.19,3786.44,109.14,3895.57,220.0,4039.74,-162.99,483.90000000000003,590.22,-272.53000000000003,-2.511337331820393,16.88,0.96,10.36,10.0,0.97,-34.19309660711934,-47.298464644691215,-67.19479611991396,-73.03264188210507,-84.94661282535222,5.58,5.44,0.0,1.44,1.14,12,2003,-0.09172695580457457,21.991312741312743,227.83
2004-03-31,9032.74,466.72,21.21,13.999999999999998,712.43,627.31,831.47,262.0,8405.43,448.27,636.05,3012.78,1290.42,5065.47,2517.43,7606.34,248.51,2746.22,85.85,3567.25,68.45,3635.7,220.0,3970.64,97.76,-196.69,-381.74,204.16,3.0875,14.52,0.92,21.21,14.0,0.66,24.56,35.24,47.0,50.8,62.12,5.28,5.17,0.0,1.42,1.06,3,2004,308.06600660066005,22.004714757190005,466.72
2004-06-30,5034.280000000001,329.1,14.957587142821241,-0.0015926450024811504,528.9500000000002,460.3900000000001,565.8299999999999,276.0,4573.879999999999,385.53999999999996,731.38,2967.79,1327.29,5149.44,2531.61,7704.18,210.0,2608.57,88.52,3338.33,66.12,3404.45,220.0,4299.73,272.33,-129.95999999999998,-44.31999999999999,105.44000000000003,4.612660741415983,14.12,0.79,36.17,14.0,0.39,17.087296122238698,25.308386318514238,30.618185016712324,33.52947651478978,41.20469955517579,5.77,5.66,0.0,1.54,1.14,6,2004,-0.03504171263131184,22.00221177771634,795.82
2004-09-30,5175.489999999998,321.19999999999993,14.598954360709744,-0.0004047262942650589,474.8799999999999,429.02,537.2,308.0,4746.49,335.10000000000014,1221.91,2929.62,1228.17,5469.09,2655.16,8147.14,168.82,2605.61,89.53,3500.68,25.52,3526.21,220.0,4620.93,729.95,-156.47000000000003,-83.14999999999998,108.17999999999995,5.277328300124535,14.66,0.76,50.77,14.0,0.28,15.769286136327011,22.751019677355817,27.800411809994444,30.46888327872374,37.54263307729494,5.92,5.8,0.0,1.56,1.21,9,2004,-0.008904616214692851,22.001575733701003,1117.02
2004-12-31,-14417.309999999998,-1002.72,-45.618057742782156,-0.013252085856806975,-1467.3899999999999,-1360.25,-1667.68,330.0,-13057.07,-1063.6200000000001,2095.69,2497.15,1275.17,5975.89,2720.36,8718.98,150.0,3060.16,85.23,3961.89,21.86,3983.75,220.0,4735.23,45.180000000000064,234.6,486.15,-307.42999999999995,-1.8084505146002872,15.33,0.84,5.2,14.0,2.69,-45.9689658792651,-65.97072965879266,-84.56886089238846,-91.58702362204724,-115.44877690288715,2.4,2.37,0.0,1.51,1.19,12,2004,-0.29129104104481485,21.98076923076923,114.3
2005-03-31,9400.87,312.94,14.22,15.5,599.15,422.86,643.84,244.0,8978.01,319.36,1437.86,2559.72,1430.67,5550.81,2934.8,8508.31,270.0,3111.08,51.3,3897.25,18.19,3915.44,220.0,4592.87,1079.74,-582.42,-281.82,220.98,4.29,11.69,0.85,14.22,15.5,1.09,14.72,21.000000000000004,27.24,29.24,36.68,3.37,3.33,0.0,1.42,1.06,3,2005,341.10900140646976,22.0070323488045,312.94
2005-06-30,5286.9299999999985,362.66,16.4850334517466,-0.005413607449212172,500.09000000000003,476.0,584.33,240.0,4810.93,365.71000000000004,1539.23,2921.16,1273.15,5897.91,3085.08,9005.89,210.0,3310.44,53.4,4035.82,14.53,4050.35,220.0,4955.54,380.79999999999995,-216.08000000000004,-64.16000000000003,108.33000000000001,3.6419731980367285,10.65,0.82,30.71,15.5,0.5,16.103907637655418,23.10373949082297,29.266168146832445,31.348940201302543,38.84262522202487,4.67,4.6,0.0,1.46,1.15,6,2005,-0.1190958382509848,21.999348746336697,675.6
2005-09-30,5289.290000000001,266.86,12.13025741145513,0.00012992111867569153,485.19000000000005,358.81000000000006,466.52,284.0,4930.479999999998,316.4899999999999,1091.72,2742.3,1316.68,5261.99,3226.2,8501.14,90.0,2546.28,15.97,3267.89,10.86,3278.75,220.0,5222.39,-18.6099999999999,-262.0799999999999,-163.2,107.70999999999998,5.853733980364235,11.96,0.63,42.84,15.5,0.36,12.56064936442926,17.113743182734545,20.44361776627125,21.6894892090911,27.216627973601003,4.78,4.72,0.0,1.61,1.21,9,2005,0.0028582039567481843,21.99953314659197,942.46
2005-12-31,-14859.32,-826.9000000000001,-37.56684839044652,0.00837651606159871,-1242.6100000000001,-1114.46,-1436.65,280.0,-13744.859999999997,-874.26,779.72,2692.64,1255.33,4874.94,3412.01,8306.86,50.0,2260.24,14.66,2961.72,7.2,2968.91,220.0,5337.95,-1393.69,746.1499999999999,463.55,-322.19,-1.8632285645180795,11.54,0.56,5.25,15.5,2.95,-39.78508134302527,-48.08556593977155,-61.824299065420576,-65.54520595361718,-76.707926618207,2.28,2.26,0.0,1.65,1.22,12,2005,0.18437908496730415,22.01142857142857,115.56
2006-03-31,10219.82,143.8,6.54,12.999999999999998,561.39,186.29,421.89,270.0,10033.53,170.89,677.34,2524.32,1372.2,4737.21,3567.46,8324.33,0.0,2369.5,16.41,2740.68,503.46,3244.14,220.0,5080.19,-24.82,-487.98,109.86,235.6,10.32,11.69,0.64,6.54,13.0,1.99,6.92,8.84,11.32,11.879999999999999,13.36,1.42,1.41,0.0,1.73,1.23,3,2006,285.84097859327215,21.98776758409786,143.8
2006-06-30,5349.360000000001,165.61,7.525537636146214,0.011007533623974858,320.22,221.77,348.51,208.0,5127.59,157.02000000000004,795.47,2645.91,1215.52,4805.94,3751.1,8576.72,0.0,2212.75,14.38,2658.84,672.09,3330.93,220.0,5245.8,339.65999999999997,-370.94999999999993,171.44,126.73999999999998,6.908057937322624,8.72,0.63,14.06,13.0,0.92,7.728930545231247,9.934137875311075,12.631770143175721,12.995736401538412,14.77274813354449,2.01,1.99,0.0,1.81,1.35,6,2006,0.2422362004689944,22.006401137980088,309.41
2006-09-30,6155.98,192.34999999999997,8.744227319834183,-0.0053374709925765014,375.55000000000007,256.02000000000004,390.59000000000003,195.0,5899.960000000001,187.91000000000003,1385.58,3008.36,1168.14,5631.09,3703.83,9354.53,0.0,2798.68,83.96,3346.23,570.15,3916.38,220.0,5438.15,789.4100000000001,-165.29000000000008,-16.569999999999993,134.57000000000005,5.575835716142451,7.89,0.72,22.81,13.0,0.57,8.219036989795917,11.408514030612244,14.153304368622448,14.429316804846936,16.944096779336732,2.34,2.31,0.0,1.68,1.33,9,2006,-0.1174103220182019,21.997369574747918,501.76
2006-12-31,-15497.09,-286.42999999999995,-13.02256861561324,-0.0014639194639263571,-768.0,-357.20000000000005,-718.6,193.0,-15139.890000000003,-210.82000000000005,1731.31,2864.92,1028.18,5683.92,3682.44,9388.95,0.0,2550.82,76.47,3192.08,543.38,3735.46,220.0,5653.49,-633.19,936.52,-269.24,-361.40000000000003,-3.704355601717698,7.51,0.66,9.79,13.0,1.33,-12.184548367621789,-18.463049273208558,-20.27210885617424,-20.85739283889843,-26.33777922258858,3.5,3.46,0.0,1.78,1.46,12,2006,-0.03219875160033325,21.99489274770174,215.33
2007-03-31,11584.67,349.85,15.9,9.0,817.28,493.52,761.81,190.0,11091.15,457.56,1593.59,2601.02,1027.41,5322.72,3639.71,8984.68,0.0,2399.68,138.02,2929.35,465.32,3394.68,220.0,5590.0,643.32,-175.31,-210.18,268.29,2.9875000000000003,7.48,0.61,15.9,9.0,0.57,15.56,22.799999999999997,25.039999999999996,26.24,32.6,3.06,3.02,0.0,1.82,1.47,3,2007,198.02830188679246,22.00314465408805,349.85
2007-06-30,5090.469999999999,146.34999999999997,6.650932083837161,0.0005275946248081286,319.4000000000001,198.07000000000005,335.53,218.0,4892.4,157.78000000000003,1907.38,2289.19,1019.92,5273.62,3557.01,8853.15,0.0,2242.86,128.06,2677.93,438.87,3116.8,220.0,5736.36,447.06000000000006,-104.06,-2.4899999999999807,137.45999999999998,8.196539118551419,8.36,0.54,22.55,9.0,0.4,6.6066908504635204,9.367343812978637,10.204977831519546,10.665086658605398,13.213381700927041,3.01,2.98,0.0,1.97,1.59,6,2007,0.01160942141152077,22.004434589800443,496.2
2007-09-30,4662.389999999999,138.51000000000005,6.295809897433475,-0.001672324749388923,330.05999999999995,220.01,357.85000000000014,195.0,4442.389999999999,103.25999999999999,2153.11,2164.48,982.78,5373.12,3484.42,8879.76,0.0,1981.53,133.76,2605.72,399.18,3004.9,220.0,5874.86,368.06999999999994,-65.96999999999997,-77.47,137.84000000000003,7.744277669482346,7.3,0.51,28.85,9.0,0.31,6.241253485843931,8.729025854327176,9.42734792267335,9.793967008555091,12.683274566337387,3.01,2.97,0.0,2.06,1.68,9,2007,-0.036791724148514504,22.000346620450607,634.71
2007-12-31,-17033.62,-507.42,-23.08085316992694,-0.006505321640985978,-1205.66,-738.88,-1144.64,197.0,-16294.739999999998,-626.25,2214.81,1991.4,857.36,5126.59,3409.92,8559.54,0.0,1667.1,133.67,2158.47,398.92,2557.39,220.0,6002.15,-1341.21,294.67999999999995,290.14,-405.76,-2.1335411493437393,7.22,0.43,5.79,9.0,1.55,-23.75852934244638,-30.615017676172517,-33.80408201744049,-34.760801319820885,-43.05236860711761,3.02,2.96,0.0,2.38,1.98,12,2007,-0.1430159571124534,21.984455958549223,127.29
2008-03-31,8402.99,142.81,6.49,10.0,427.82,203.86,478.55,156.0,8199.13,78.02,2130.14,2012.82,950.16,5150.7,3384.05,8557.31,0.0,1950.74,141.97,2406.94,352.7,2759.64,220.0,5797.67,405.57,-126.45,-290.32,274.69,6.01,5.92,0.48,6.49,10.0,1.54,6.68,9.28,9.839999999999998,10.04,13.24,1.73,1.7,0.0,2.14,1.75,3,2008,220.0462249614792,22.00462249614792,142.81
2008-06-30,4226.960000000001,169.01,7.680301776666025,0.0004649871587448323,322.37000000000006,238.64999999999998,373.29,112.0,3988.3100000000013,129.29000000000002,1879.7,2239.3,927.44,5116.5,3541.14,8680.36,0.0,1818.91,141.94,2361.04,352.63,2713.67,220.0,5966.69,-41.04000000000002,-225.10000000000002,0.040000000000020464,134.64,3.6438346843382052,4.13,0.45,14.17,10.0,0.71,7.783283945866205,10.948630620229618,11.338878840356617,11.555683407093834,15.176319671605414,2.52,2.47,0.0,2.17,1.77,6,2008,0.010232342684531659,22.005645730416372,311.82
2008-09-30,5241.110000000001,286.78000000000003,13.035890076845975,-0.00290043976995376,515.9299999999998,414.19000000000005,550.64,103.0,4826.909999999998,282.14,1873.9,2635.52,977.87,6192.27,3500.95,9714.84,0.0,2422.11,147.12,3169.44,291.93,3461.38,220.0,6253.46,873.75,-816.05,-69.90000000000003,136.45,1.9777303159216122,3.62,0.55,27.21,10.0,0.37,11.804642833277649,17.649474106247915,18.339355830270634,18.914257266956234,25.084866020715005,3.42,3.35,0.0,1.95,1.65,9,2008,-0.0638075430464653,21.999264976111725,598.6
2008-12-31,-13812.37,-411.88,-18.727834190231363,-0.0028791584826776554,-972.3799999999999,-610.45,-1016.99,92.0,-13201.909999999998,-387.41999999999996,1959.02,1605.24,958.13,5267.4,3773.63,9062.38,0.0,1575.76,173.86,2277.22,344.98,2622.2,220.0,6440.18,-916.8,897.2299999999999,360.18,-406.53999999999996,-1.2285403515587063,3.14,0.41,8.49,10.0,1.18,-18.176366752356472,-24.61750642673522,-25.58808911739503,-26.470437017994858,-32.02922879177378,4.78,4.6,0.0,2.31,1.89,12,2008,-0.06332113920913685,21.992932862190813,186.72
2009-03-31,5951.96,3.42,0.16,8.0,305.49,14.84,300.49,86.0,5937.12,-220.7,1470.97,914.76,934.72,3589.19,3977.45,7587.95,0.0,816.74,163.03,1265.09,241.98,1507.07,220.0,6080.88,118.83,-303.38,-252.62,285.65,134.375,3.11,0.25,0.16,8.0,50.0,0.2,0.72,0.24,0.24,0.9200000000000002,0.06,0.06,0.0,2.84,2.1,3,2009,171.0,21.375,3.42
2009-06-30,2494.919999999999,-120.58,-5.485587231136907,0.22063844315465994,-1.579999999999984,-127.72,24.55000000000001,142.0,2622.6400000000003,-119.98000000000002,1553.73,1308.62,841.87,3809.13,3998.07,7827.77,0.0,1256.77,159.75,1690.91,237.11,1928.02,220.0,5899.75,175.36,-9.149999999999977,-60.56999999999999,152.27000000000004,-6.471103002156245,5.3,0.33,-5.33,8.0,-1.5,-6.175145100716969,-5.639965858654831,-8.192359166951178,-8.110023898941618,-7.57484465687948,-1.43,-1.39,-36.77,2.25,1.75,6,2009,4.849906191369598,21.9812382739212,-117.16
2009-09-30,4026.1600000000017,157.22,7.339026460309536,-0.20867010928260502,284.31,176.18,328.92,162.0,3849.9799999999996,133.0,1643.21,2109.25,868.95,4695.17,3982.47,8696.93,0.0,2030.5,168.06,2533.72,165.42,2699.13,220.0,5997.8,305.17,-81.41000000000003,-135.23000000000002,152.73999999999995,5.518378386973668,5.94,0.45,1.87,8.0,4.28,7.221288067898152,10.831932101847226,10.517963055416875,10.20399400898652,16.169405891163255,0.33,0.32,11.36,1.85,1.51,9,2009,-4.470227046984576,21.422459893048128,40.06
2009-12-31,-8386.91,127.25,6.084513776821469,-0.19459346814344727,-240.91000000000003,154.31,-284.33000000000004,162.0,-8541.22,389.51,1751.59,1898.07,840.1,4660.16,4014.33,8692.88,0.0,1925.27,163.06,2402.36,160.5,2562.86,220.0,6130.02,-232.15000000000003,177.92,413.33000000000004,-438.64,6.656242632612967,5.81,0.42,8.0,8.0,1.0,5.84113322574861,7.4535293766062996,8.305361305361306,8.092403323172555,10.526208833901142,4.14,4.09,0.0,1.94,1.59,12,2009,-4.06967914438502,20.91375,167.31
2010-03-31,8264.39,286.96,13.719999999999999,5.0,685.39,387.02,692.87,167.0,7877.37,353.67,1685.89,2146.19,896.92,4798.72,4089.81,8906.48,0.0,2093.66,78.18,2607.4,153.91,2761.3,220.0,6145.18,643.91,-350.78,-219.75,305.85,3.0425,5.98,0.45,13.72,5.0,0.36,12.88,18.76,18.68,18.76,24.56,3.5,3.47,194.48,1.84,1.5,3,2010,104.57725947521865,20.91545189504373,286.96
2010-06-30,3995.550000000001,146.10000000000002,6.9868632522052385,-0.001143129662814625,275.30000000000007,210.17000000000007,371.66999999999996,191.0,3785.38,147.91999999999996,1597.6,2158.2,1045.85,4954.35,4147.17,9119.54,0.0,2175.63,164.97,2748.37,79.9,2828.27,220.0,6291.27,145.06000000000006,-240.38,-5.849999999999994,161.5,6.832329226557152,6.68,0.45,20.71,5.0,0.24,6.409966286426823,9.513739435644023,9.284330115919273,9.581212764974833,12.644501916593546,3.57,3.53,300.1,1.8,1.42,6,2010,-0.023903608487614747,20.91067117334621,433.06
2010-09-30,5304.120000000001,329.94,15.783499344692006,-0.0015694484084966397,447.54999999999995,342.5799999999999,508.03999999999996,191.0,4961.540000000001,322.91,1928.33,2836.09,1005.82,5795.38,4145.78,9959.23,0.0,2534.24,161.33,3338.02,0.0,3338.02,220.0,6621.22,578.1199999999999,-134.25,-85.51000000000002,165.45999999999992,3.023648239073771,6.35,0.5,36.5,5.0,0.14,13.249490956749673,17.418064482306683,19.926127391874182,20.912055570117953,24.54442254259502,4.38,4.34,270.05,1.74,1.43,9,2010,-0.03280792152555989,20.904109589041095,763.0
2010-12-31,-13003.900000000001,-597.24,-28.572111486486488,-0.00028924472417593387,-1129.0900000000001,-717.01,-1179.1499999999999,303.0,-12286.880000000001,-682.04,1870.78,2194.64,907.09,5229.64,4122.19,9459.61,0.0,1993.26,164.28,2672.63,0.0,2672.63,220.0,6786.98,-956.1999999999999,255.65999999999997,311.06,-462.14,-2.6512330051570556,9.82,0.39,7.93,5.0,0.63,-25.221283783783782,-35.3097972972973,-35.16567567567568,-37.03925675675676,-47.27189189189189,3.71,3.63,4455.2,1.96,1.62,12,2010,-0.006046053654401362,20.902900378310214,165.76
2011-03-31,9070.18,280.86,13.44,17.0,528.73,385.06,718.45,234.0,8685.12,232.55,1794.52,2442.62,1171.0,5453.99,4114.0,9675.84,0.0,2502.97,79.78,3129.03,0.0,3129.03,220.0,6546.81,720.49,-416.29,-438.27,333.39,4.3525,7.86,0.48,13.44,17.0,1.26,11.6,16.56,17.16,17.72,23.52,3.15,3.1,366.72,1.74,1.37,3,2011,355.25446428571433,20.89732142857143,280.86
2011-06-30,3429.75,10.649999999999977,0.5096480395183688,-0.000445188109206902,75.77999999999997,13.819999999999993,174.82999999999993,218.0,3415.9299999999985,-45.0,1252.86,2008.02,964.59,4336.75,4281.08,8735.71,0.0,1680.56,83.31,2178.25,0.0,2178.25,220.0,6557.46,-274.09000000000003,-277.59999999999997,0.009999999999990905,161.01,106.95542957746503,7.31,0.33,13.95,17.0,1.22,0.4880930328290614,0.6532263044149414,0.65030359164351,0.6634557991149518,0.8885046825151777,2.38,2.33,383.54,1.99,1.55,6,2011,-0.009302995391749391,20.89677419354839,291.51
2011-09-30,3500.4400000000005,7.090000000000032,0.33930375083724196,-0.0008484756822163885,48.60000000000002,3.509999999999991,162.55999999999995,197.5,3496.9300000000003,-70.36000000000001,1538.29,1800.9,848.18,4363.56,4270.35,8652.01,0.0,1666.01,0.0,2087.46,0.0,2087.46,220.0,6564.54,586.8000000000001,-217.86,-80.25,159.05000000000007,145.50959097320103,6.62,0.32,14.29,17.0,1.19,0.32766912257200415,0.41029872739450957,0.43214333556597645,0.43024380442063154,0.5822062960482276,1.9,1.87,210.68,2.09,1.68,9,2011,-0.017729519853730835,20.895731280615816,298.6
2011-12-31,-13909.44,-545.46,-26.09528720732399,0.005606541322056923,-825.44,-648.47,-1143.8899999999999,199.5,-13260.97,-420.46,1208.35,952.73,991.58,3403.6,4225.34,7648.47,0.0,1061.17,5.08,1319.49,83.02,1402.51,220.0,6245.96,-1236.95,785.2,516.66,-495.4200000000001,-1.9109858651413485,7.03,0.22,-11.81,17.0,-1.44,-28.547934861865023,-25.454505387669123,-34.9115612087823,-33.49742202057847,-34.38125901320586,-12.14,-11.81,-315.49,2.58,1.83,12,2011,0.11719143020854972,20.902624894157494,-246.86
2012-03-31,5085.58,-282.34,-13.510000000000002,8.0,-85.06,-281.4,15.15,189.0,5366.98,-408.91,830.91,1500.47,1118.39,3881.09,4118.17,8075.82,0.0,1533.29,11.38,1938.7,93.83,2032.53,220.0,6043.29,-327.28,-206.58,-171.17,296.55,-3.4975,6.88,0.34,-13.51,8.0,-0.59,-13.999999999999998,-12.68,-18.68,-17.96,-18.36,-5.69,-5.55,-299.36,2.0,1.43,3,2012,167.18874907475941,20.898593634344927,-282.34
2012-06-30,3545.8999999999996,-33.710000000000036,-1.6127043189368788,0.0016013731676562306,1.3700000000000045,-32.660000000000025,124.73999999999998,185.0,3578.5600000000013,-150.36999999999995,608.92,1732.86,1252.44,4086.26,4097.97,8316.09,0.0,1707.81,22.19,2196.39,110.11,2306.51,220.0,6009.58,33.889999999999986,-254.29999999999998,-5.700000000000017,157.39999999999998,-28.68920201720555,6.77,0.38,-15.12,8.0,-0.53,-1.6212371460212007,-1.5700401835152684,-2.244133523176715,-2.1460060117070108,-2.188670147128621,-3.77,-3.66,-157.03,1.86,1.29,6,2012,0.03347314746281427,20.90277777777778,-316.05
2012-09-30,4029.970000000001,-170.95999999999998,-8.179232459292416,-0.00040610619448848217,22.129999999999995,-161.99,8.870000000000005,179.0,4191.959999999999,-316.02,631.7,1908.84,1053.63,4209.5,3731.94,8156.35,0.0,1685.41,27.81,2192.7,125.02,2317.72,220.0,5838.63,160.45999999999998,-213.17999999999995,78.7,170.85999999999996,-5.469461862423959,6.74,0.4,-23.3,8.0,-0.34,-8.382835670725447,-7.947546046282417,-11.710695057596352,-11.022656618960596,-11.205197429210898,-3.97,-3.85,-143.82,1.92,1.44,9,2012,-0.008488316642825566,20.901716738197425,-487.01
2012-12-31,-9924.230000000001,333.14,15.934947683109117,0.0017347010784142076,-28.069999999999993,323.91,-147.76999999999998,182.0,-10248.15,660.41,582.12,1201.1,985.85,3325.52,3698.63,7231.64,30.0,982.13,42.48,1426.63,120.25,1546.88,208.98,5684.76,237.57,497.98999999999995,122.07,-471.67999999999995,2.855560049828901,6.69,0.27,-7.36,8.0,-1.09,18.446434002729575,17.667007213881845,23.46940664197049,22.343567946968218,22.689979853122768,-5.77,-5.62,-87.44,2.33,1.64,12,2012,0.03626609442059703,20.90625,-153.87
2013-03-31,5091.96,-589.42,-28.199999999999996,3.0,-210.04,-585.43,-280.68,173.0,5677.39,-663.16,604.83,1228.76,1020.01,3175.22,3568.9,6947.13,30.0,1084.74,59.51,1584.64,175.98,1760.62,208.98,5186.51,17.86,-53.1,20.98,304.75,-1.5325,6.97,0.34,-28.2,3.0,-0.11,-33.92,-31.16,-45.43999999999999,-42.0,-43.68,-11.83,-11.58,-146.72,2.0,1.36,3,2013,62.70425531914894,20.901418439716313,-589.42
2013-06-30,2904.5600000000004,8.360000000000014,0.39997246411730353,2.929349222549161e-06,86.97999999999999,11.259999999999991,166.78,141.0,2893.3,-56.84000000000003,593.8,1550.77,1120.3,3570.64,3478.02,7243.3,30.0,1397.4,82.65,1780.83,315.31,2096.14,208.98,5147.17,55.93000000000001,-70.4,-10.17,155.51999999999998,88.09731459330129,5.72,0.41,-27.8,3.0,-0.11,0.46155095859291717,0.424718961897223,0.6497394417099794,0.5996709462017702,0.6048504457371021,-7.4,-7.27,-83.45,2.01,1.38,6,2013,6.122761364224516e-05,20.90143884892086,-581.06
2013-09-30,3464.2999999999993,-251.10000000000002,-12.015480196116133,-0.00048774862056127325,243.61,-236.69000000000005,-86.35,139.0,3700.9799999999996,255.67000000000002,724.88,1749.86,1228.45,3855.2,3014.85,7048.39,30.0,1464.49,83.93,1845.65,299.61,2145.26,208.98,4903.13,132.92000000000002,21.370000000000005,-24.200000000000003,150.34000000000003,-2.891515730784548,5.92,0.44,-39.82,3.0,-0.08,-14.254427033262836,-12.878470486444916,-20.48244087675447,-18.696111324745246,-18.81680926744857,-7.41,-7.26,-76.07,2.09,1.42,9,2013,-0.010192990760579335,20.898041185334,-832.16
2013-12-31,-7542.83,1038.1,49.65176750509857,0.0013736184004090257,133.13,1024.52,526.05,144.0,-8567.34,591.52,592.76,2271.29,1337.98,4472.78,3018.57,7659.98,164.75,1690.34,75.77,2261.74,291.27,2553.01,208.98,5106.96,-338.40999999999997,-7.829999999999998,121.2,-498.47,0.7250849629130142,5.89,0.5,9.85,3.0,0.3,54.23888511216859,57.86825288919103,81.25751189666894,77.02324949014275,79.84609109449354,5.37,5.26,60.36,1.98,1.39,12,2013,0.028719083591902006,20.90761421319797,205.94
2014-03-31,7813.38,281.2,13.46,3.0,407.64,288.77,525.46,207.0,7524.61,152.65,702.52,2144.33,1542.12,4680.42,2920.65,7759.9,215.04,1765.1,87.73,2354.59,285.74,2640.34,208.98,5119.56,92.58,-216.35,94.7,236.69,3.8449999999999998,8.45,0.52,13.46,3.0,0.22,14.48,15.72,21.96,21.84,21.36,3.66,3.6,38.1,1.99,1.33,3,2014,62.674591381872204,20.891530460624068,281.2
2014-06-30,4448.19,120.02000000000004,5.743442500373861,0.0007672734860020839,236.27999999999997,156.59000000000003,277.05999999999995,201.0,4291.61,84.66,563.32,2467.94,1604.08,4917.85,2853.24,7920.94,0.0,2031.62,83.57,2409.08,272.22,2681.3,208.98,5239.64,144.24,-38.400000000000006,-238.51999999999998,120.47000000000003,8.750152891184802,8.02,0.51,19.2,3.0,0.16,6.066511141019891,7.023751557748867,9.165576990179954,9.249335526643739,9.668128208962665,3.33,3.27,39.98,2.04,1.38,6,2014,0.016033618127799798,20.896875,401.22
2014-09-30,4463.420000000002,126.82999999999993,6.069489821039671,-7.97154625511844e-05,186.46000000000004,99.37,222.82999999999993,218.0,4364.050000000001,49.170000000000016,624.5,2620.49,1521.81,5037.83,2770.17,7990.5,0.0,1949.35,79.98,2349.4,268.77,2618.17,208.98,5372.33,139.81,-54.06,-24.159999999999997,123.45999999999998,8.982637191516208,8.48,0.49,25.27,3.0,0.12,6.35050695956822,6.955774642552785,9.44409733926711,9.8764313985418,9.280771139096672,3.21,3.16,24.58,2.14,1.5,9,2014,-0.0016657597942284497,20.89631974673526,528.05
2014-12-31,-12087.920000000002,-314.81999999999994,-15.059625756225667,0.00123160788773214,-506.62,-346.93,-706.2199999999999,218.0,-11741.0,-123.19000000000003,1112.75,2378.46,1363.77,5111.63,2737.93,8038.56,0.0,1803.44,81.64,2174.26,278.75,2453.01,208.98,5585.55,149.42999999999995,290.25,144.39,-359.29,-3.618516215615273,8.16,0.44,10.2,3.0,0.29,-15.650199315293342,-14.882453688505366,-22.55990995638512,-23.563885006800167,-19.902328940580592,4.63,4.6,96.49,2.35,1.72,12,2014,0.02574664214716904,20.904901960784315,213.23
2015-03-31,8736.95,334.21,15.99,9.0,532.68,324.1,563.05,235.0,8412.85,241.76,790.99,2505.23,1459.09,5026.99,2719.33,7918.38,0.0,1754.04,77.09,2121.33,278.15,2399.48,208.98,5518.9,503.07,-96.88,-237.62,238.95,3.675,8.9,0.43,15.99,9.0,0.56,16.88,16.52,24.239999999999995,25.119999999999997,22.36,3.86,3.83,86.43,2.37,1.68,3,2015,188.1106941838649,20.901188242651656,334.21
2015-06-30,3988.3899999999994,136.89000000000004,6.549566121842497,-0.0002442090942780291,197.34000000000003,154.21999999999997,273.4100000000001,236.0,3834.17,71.79000000000002,1188.45,2455.59,1501.85,5402.47,2670.22,8224.5,150.0,1778.94,78.19,2287.06,281.33,2568.38,208.98,5656.12,306.40000000000003,-29.480000000000004,124.03,119.19,9.007993644532103,8.72,0.45,22.54,9.0,0.4,6.659984716620677,6.892444916153685,9.68196731054978,10.053903629802594,9.36814604118022,3.75,3.7,63.35,2.36,1.71,6,2015,-0.005104121753078061,20.900621118012424,471.1
2015-09-30,4188.84,269.53999999999996,12.897625837113846,-0.0009479798569377336,286.02,329.23999999999995,451.6700000000001,237.0,3859.59,196.11,1641.66,2229.88,1360.52,5484.21,2672.27,8296.39,0.0,1676.12,80.22,2080.84,302.43,2383.27,208.98,5913.12,657.9100000000001,-94.29,-165.35999999999999,122.43,4.595683015507904,8.38,0.4,35.44,9.0,0.25,12.999525815510907,14.440682652840785,18.240096133074097,19.11352451933463,18.909724562540504,4.46,4.38,71.91,2.64,1.98,9,2015,-0.01981128107343011,20.89841986455982,740.64
2015-12-31,-12830.98,-585.68,-28.00651006711409,0.005965276410077492,-732.81,-613.1299999999999,-971.0400000000002,269.0,-12217.83,-351.99,1911.06,2199.73,1190.4,5574.53,2592.67,8303.83,0.0,1548.49,80.98,1943.11,292.64,2235.74,208.98,6068.08,-1173.5300000000002,197.07,250.10999999999999,-357.90999999999997,-2.401075672722306,9.26,0.37,7.41,9.0,1.21,-28.271078988125964,-35.98137325761486,-38.5514713474445,-40.21447599380485,-46.261765616933396,3.83,3.8,81.01,2.87,2.26,12,2015,0.12474753475109424,20.912280701754387,154.96
2016-03-31,7800.76,235.73,11.28,18.0,518.97,288.79,527.31,232.0,7511.96,263.81,1759.58,2086.59,1340.46,5460.51,2559.26,8156.58,0.0,1658.18,83.82,2101.09,282.8,2383.9,208.98,5772.69,611.46,-62.96,-426.51,238.52,5.1425,8.4,0.41,11.28,18.0,1.6,11.56,14.36,16.32,16.72,19.08,3.05,3.02,68.92,2.6,1.96,3,2016,376.1648936170213,20.89804964539007,235.73
2016-06-30,4229.299999999999,123.33000000000001,5.900989806717541,0.001579478804586128,239.41999999999996,160.73999999999995,277.45000000000005,224.0,4068.5600000000004,104.16000000000003,1913.74,2286.31,1362.55,5838.82,2569.43,8537.95,0.0,1963.25,83.81,2367.67,274.26,2641.93,208.98,5896.02,311.99,-140.20999999999998,-21.50999999999999,116.71000000000001,9.491085705019053,7.94,0.45,17.18,18.0,1.05,5.784206539297053,7.364215451456582,8.367177630479587,8.545787333593271,10.015882582298223,3.02,2.98,0.0,2.47,1.89,6,2016,0.03301092314171683,20.89988358556461,359.06
2016-09-30,4202.6,135.2,6.469226722777485,-0.0008101856813311724,226.68000000000006,201.41000000000008,322.44000000000005,225.0,4001.1899999999987,96.58999999999997,2159.74,2091.94,1296.99,5802.14,2569.23,8455.07,0.0,1712.69,81.16,2143.13,293.45,2436.58,208.98,6018.49,391.89999999999986,-109.59,-22.210000000000036,121.02999999999997,8.691591346153846,7.81,0.4,23.65,18.0,0.76,6.400841662283008,8.50163072067333,8.983061546554445,9.059652814308256,11.280799579168857,3.08,3.04,89.91,2.71,2.1,9,2016,-0.016932024306754556,20.89894291754757,494.26
2016-12-31,-12327.529999999999,-385.93,-18.453959198744577,0.012208643661633595,-778.46,-513.5,-880.08,238.0,-11814.029999999999,-392.94,2167.41,2196.55,1183.31,5782.01,2507.42,8366.81,0.0,1568.14,73.09,1961.4,278.6,2239.99,208.98,6126.82,-1220.3999999999999,271.98,434.22,-366.58,-3.224524849065893,8.12,0.37,5.18,18.0,3.47,-18.382708391027418,-23.512766546662974,-25.222785931874828,-25.365287547309148,-30.637847318379027,2.82,2.77,107.38,2.95,2.34,12,2016,0.25532092043721377,20.913127413127413,108.33
2017-03-31,7439.4,149.19,7.139999999999999,14.0,365.94,187.48,404.26,231.0,7251.92,89.77,1955.18,2002.67,1321.48,5507.4,2528.26,8070.17,0.0,1546.52,69.29,1909.69,285.38,2195.07,208.98,5875.1,279.15,-112.1,-351.5,216.78,8.0875,8.22,0.37,7.14,14.0,1.96,7.4,9.24,10.16,10.24,12.16,2.03,2.01,80.12,2.88,2.19,3,2017,292.5294117647059,20.89495798319328,149.19
2017-06-30,3323.0300000000007,63.78999999999999,3.052024133721476,0.003968889649950114,139.64999999999998,78.08000000000001,182.0,225.0,3244.9500000000007,12.36,2291.82,1638.26,1239.12,5357.2,2464.18,7854.75,0.0,1361.13,60.1,1631.46,284.4,1915.85,208.98,5938.9,400.0,-44.06999999999999,-18.079999999999984,103.91999999999999,18.42999843235617,7.92,0.32,10.19,14.0,1.37,3.246706733026575,3.881671518452437,4.300987886186496,4.312968353836041,5.115659686355525,2.01,1.98,80.47,3.28,2.52,6,2017,0.08295329908207805,20.900883218842,212.98
2017-09-30,3494.5699999999997,44.66999999999999,2.137710459926256,-0.003145589895230032,110.57,19.55000000000001,121.61000000000001,230.0,3475.0199999999986,8.900000000000006,2471.48,1771.87,1147.28,5574.44,2389.09,8020.51,0.0,1426.33,48.68,1725.7,313.94,2039.64,208.98,5980.86,244.76,-25.560000000000002,-22.640000000000043,102.06,26.892615289903738,8.04,0.34,12.33,14.0,1.14,2.226131573840481,2.3995063070056273,2.988980399767125,2.9751104211139134,3.1415501649524544,1.83,1.81,69.2,3.23,2.57,9,2017,-0.06573083832165594,20.89618815896188,257.65
