,revenue,net_profit,eps,dps,gross_profit,ebit,ebitda,close_price,allowance_doubtful_accounts,expense,operating_profit,cash,account_receivable,inventory,current_asset,property_plant_equipment,total_asset,short_term_loan,account_payable,current_portion_long_term_debt,current_liability,non_current_liability,total_liability,paid_in_capital,total_equity,cash_flow_operation,cash_flow_investment,cash_flow_financing,depreciation,P/E,P/BV,D/E,EPS,DPS,DPR%,ROA%,ROAA%,ROE%,ROAE%,ROCE%,NPM%,NPMA%,CurrentRatio,QuickRatio,month,year,dividend,number_of_shares,return_old
2002-03-31,87.49,16.11,0.27,0.0,40.7,23.71,24.3,,0.0,63.78,20.65,63.99,72.61,0.32,151.11,18.76,170.74,0.0,26.37,0.69,50.51,0.0,50.51,70.0,119.27,-8.44,-5.43,54.54,0.59,0.0,0.0,0.42,0.27,0.0,0.0,37.76,0.0,54.04,0.0,78.88,19.08,18.41,2.99,2.99,3,2002,0.0,59.66666666666666,16.11
2002-06-30,121.83,16.47,0.21232044198895025,0.0,41.89999999999999,19.479999999999997,17.26,1.17,0.0,102.35,18.5,150.36,110.18,0.0,274.8,46.15,321.64,0.0,34.57,1.28,53.3,0.78,54.08,100.0,266.69,-16.32,-27.049999999999997,129.73000000000002,-2.2199999999999998,1.3748087431693987,0.44,0.2,0.42,0.0,0.0,20.483867403314918,0.0,24.710055248618787,0.0,32.555801104972375,15.87,15.56,5.16,5.16,6,2002,0.0,77.57142857142857,32.58
2002-09-30,136.51,20.54,0.26293674698795183,0.0,66.32,32.74000000000001,39.14999999999999,1.17,0.0,103.76999999999998,32.169999999999995,160.28,167.38,0.0,361.87,49.98,462.2,0.0,47.48,2.22,74.04,0.53,74.56,200.0,387.23,-33.83,-56.57,100.33000000000001,6.41,1.1120545277507303,0.6,0.19,0.68,0.0,0.0,17.77143072289157,0.0,21.2205421686747,0.0,30.253192771084333,15.57,15.36,4.89,4.89,9,2002,0.0,78.11764705882352,53.12
2002-12-31,134.44,-22.929999999999996,-0.21266644584299435,0.0,19.980000000000018,-27.56000000000001,-24.359999999999992,2.44,0.0,162.0,-31.18999999999999,100.76,122.66,0.0,343.27,53.55,436.46,0.0,42.07,5.76,70.04,0.37,70.41,200.0,364.29,-32.129999999999995,-21.299999999999997,-6.100000000000023,3.2,-2.873513955516791,1.34,0.19,0.28,0.0,0.0,-21.023597217621724,-0.0,-25.185783371977468,-0.0,-40.10281550182179,6.4,6.29,4.9,4.9,12,2002,0.0,107.82142857142857,30.19
2003-03-31,131.92,-40.78,-0.2,0.0,11.03,-40.81,-21.93,1.29,0.0,172.73,-44.91,51.2,121.8,6.56,265.64,151.31,496.5,13.9,58.02,3.69,135.92,1.09,137.01,200.0,323.51,3.61,-137.31,84.14,18.88,-1.6125,0.8,0.42,-0.2,0.0,0.0,-32.84,-48.92,-50.43999999999999,-73.68,-45.28000000000001,-31.92,-30.91,1.95,1.91,3,2003,0.0,203.9,-40.78
2003-06-30,128.73,-31.409999999999997,-0.156636653276077,0.14,37.69,-35.95,-33.49,1.34,0.0,164.68000000000004,-34.88000000000001,46.61,140.09,3.52,272.58,144.33,493.59,34.49,73.39,4.12,186.6,1.44,188.04,200.0,272.83,-34.39,21.58,8.230000000000004,2.460000000000001,-2.137430754536772,0.98,0.69,-0.36,0.14,-0.39,-25.46215819365563,-32.771868679872554,-46.05117606316664,-46.573298240753566,-43.51018146557695,-28.09,-27.7,1.46,1.44,6,2003,28.07388888888889,200.52777777777777,-72.19
2003-09-30,147.65000000000003,-23.61,-0.11583194154488517,0.002267977267455345,22.689999999999998,-31.629999999999995,-36.980000000000004,1.68,0.0,179.28000000000003,-44.11999999999999,26.99,149.55,4.48,308.33,109.14,477.94,33.91,57.56,6.46,157.32,7.29,164.61,208.73,249.22,-82.32,51.260000000000005,11.429999999999993,-5.35,-3.6315544260906396,1.41,0.66,-0.47,0.14,-0.3,-19.755507306889353,-22.732634655532358,-37.89429645093946,-29.672693110647185,-33.33002505219207,-24.46,-23.46,1.96,1.93,9,2003,0.4622813238770682,203.82978723404256,-95.8
2003-12-31,197.95999999999998,-12.519999999999996,-0.06125923190546527,0.00037509035481944505,71.6,-2.5,5.670000000000002,1.59,0.0,200.44999999999993,-4.040000000000006,31.83,179.52,19.43,358.04,67.42,528.89,26.97,75.45,6.67,191.14,5.85,197.0,208.73,245.04,-17.319999999999993,0.7999999999999972,21.36,8.17,-6.510447284345049,1.36,0.8,-0.53,0.14,-0.26,-9.468596750369274,-10.61980797636632,-20.439778434268828,-16.43596750369276,-15.178419497784336,-18.45,-17.87,1.87,1.77,12,2003,0.07665997591328733,204.37735849056602,-108.32
2004-03-31,169.04,-4.05,-0.02,0.0,35.87,-0.8,4.7,1.53,0.0,169.83,-9.85,13.24,202.85,1.76,359.35,68.35,544.97,33.28,85.91,6.41,227.66,6.46,234.12,217.06,240.99,2.2,-11.46,-9.34,5.5,-19.135,1.38,0.97,-0.02,0.0,0.0,-2.96,-0.6,-6.72,-5.72,-1.0,-2.62,-2.4,1.58,1.57,3,2004,0.0,202.5,-4.05
2004-06-30,168.89000000000001,-28.48,-0.13132493083307717,0.0,46.98,-31.009999999999998,-25.63,1.17,0.0,199.91,-31.990000000000002,16.62,179.38,0.15,325.52,68.48,552.57,78.41,81.05,5.72,264.46,5.39,269.84,217.06,216.83,-8.16,-28.0,39.54,5.380000000000001,-2.2272998595505618,1.17,1.24,-0.15,0.0,0.0,-20.626769136181984,-21.292148785736245,-52.52997233323086,-46.54155548724254,-38.66205963725791,-10.32,-9.63,1.23,1.23,6,2004,0.0,216.86666666666667,-32.53
2004-09-30,163.26999999999998,-98.32,-0.45083683607183794,0.0,23.88000000000001,-107.53,-99.86000000000001,1.23,68.96,270.79999999999995,-30.310000000000002,17.81,179.0,2.85,325.9,65.81,553.38,93.49,120.2,5.54,306.63,13.46,320.09,241.38,178.52,-40.63,-54.85999999999999,96.67999999999999,7.67,-0.6787377949552481,1.66,1.79,-0.6,0.0,0.0,-71.08194115399311,-81.21074207107374,-220.3089338937715,-183.88131753916696,-169.72504088651127,-27.61,-26.11,1.06,1.05,9,2004,0.0,218.08333333333334,-130.85
2004-12-31,207.65000000000003,-106.68,-0.4670871047867638,0.0,84.33,-120.78999999999999,-118.24,1.01,131.34,328.44000000000005,-27.809999999999988,14.4,186.94,3.36,301.85,66.45,472.46,66.92,126.05,4.63,344.59,21.64,366.23,241.38,73.31,-7.009999999999998,35.29999999999999,-31.689999999999998,2.5500000000000007,-0.5399421166104237,3.32,5.0,-1.04,0.0,0.0,-90.32746011030186,-93.34556140277019,-582.0803570075359,-268.0900332589568,-365.4597297183514,-34.45,-33.51,0.88,0.87,12,2004,0.0,228.39423076923077,-237.53
2005-03-31,140.92,-51.06,-0.21,0.0,22.23,-60.2,-53.03,0.95,0.0,201.13,-56.2,57.07,171.45,4.25,313.16,62.71,490.06,79.93,125.18,3.8,375.49,22.5,397.99,242.86,33.63,-9.25,-2.19,54.11,7.17,-1.125,6.83,11.83,-0.21,0.0,0.0,-41.68,-46.52,-607.32,-148.76,-210.16,-36.9,-36.23,0.83,0.82,3,2005,0.0,243.14285714285717,-51.06
2005-06-30,121.65,-45.33,-0.17870525988173047,0.0,16.44,-49.67999999999999,-42.31,0.71,0.0,171.32999999999998,-44.83,19.15,143.59,7.51,251.8,61.21,426.62,92.46,117.99,4.54,336.34,24.09,360.43,261.86,14.12,-55.31999999999999,-18.75,36.16,7.369999999999999,-0.9887789543348776,13.08,25.53,-0.38,0.0,0.0,-42.49422969187675,-42.21206349206349,-1284.13837535014,-157.01608465608464,-228.94965452847802,-36.93,-36.71,0.75,0.73,6,2005,0.0,253.6578947368421,-96.39
2005-09-30,156.64,-16.980000000000004,-0.06590103201905267,0.0,27.950000000000003,-29.75999999999999,-23.25999999999999,0.67,11.06,186.39000000000004,-22.260000000000005,10.34,153.16,7.24,266.16,58.7,432.18,89.99,145.22,4.64,355.82,23.16,378.97,273.48,15.29,-29.320000000000007,5.970000000000001,14.530000000000001,6.5,-2.537137809187279,11.97,24.79,-0.44,0.0,0.0,-15.714400635088651,-16.9785022492723,-444.21489282879077,-70.08874305371792,-109.55747023021966,-27.41,-27.04,0.75,0.73,9,2005,0.0,257.65909090909093,-113.37
2005-12-31,103.84999999999997,-35.579999999999984,-0.13137965760322254,0.0,33.97999999999999,-43.98000000000002,-35.870000000000005,0.48,34.22,147.81999999999994,-22.769999999999996,26.48,126.02,7.76,267.37,55.26,417.81,51.65,159.19,3.43,319.74,21.03,340.77,342.78,49.0,-24.879999999999995,6.25,34.760000000000005,8.11,-0.9105290893760544,3.34,6.95,-0.55,0.0,0.0,-34.0631621349446,-39.41389728096676,-290.4493695871097,-232.71875931520637,-178.8960966767371,-28.89,-28.48,0.84,0.81,12,2005,0.0,270.81818181818176,-148.95
2006-03-31,133.55,-12.0,-0.03,0.0,33.52,-14.34,-8.5,0.4,0.0,147.89,-20.54,0.64,169.23,10.44,243.0,51.9,396.64,83.28,140.26,2.34,313.6,21.71,335.3,342.78,37.01,-53.22,1.76,25.64,5.84,-3.3725,3.75,9.06,-0.03,0.0,0.0,-12.120000000000001,-12.92,-129.68,-135.92,-69.08,-9.51,-8.99,0.77,0.74,3,2006,0.0,400.0,-12.0
2006-06-30,119.48999999999998,-7.68,-0.023414634146341463,0.0,14.93,-33.41,-7.93,0.36,0.0,152.90000000000003,-51.71,5.8,133.8,8.04,184.56,48.39,304.82,87.99,107.94,1.32,265.22,0.0,265.22,342.78,25.33,-9.64,-5.66,20.439999999999998,25.48,-3.8053125000000003,4.83,10.47,-0.06,0.0,0.0,-10.08390243902439,-20.386341463414634,-121.27219512195121,-155.73853658536584,-188.22243902439024,-8.67,-7.78,0.7,0.67,6,2006,0.0,328.0,-19.68
2006-09-30,96.78,-82.32,-0.24211764705882352,0.0,22.879999999999995,-80.78999999999999,-77.34,0.19,22.74,177.56,-75.21000000000001,13.46,63.18,7.32,130.46,43.48,224.16,78.14,93.38,0.01,266.91,0.46,267.37,342.78,-57.0,19.18,3.16,-14.669999999999998,3.450000000000003,-0.19515306122448983,-1.13,-4.69,-0.3,0.0,0.0,-146.88470588235293,-126.44997647058823,577.6927058823529,1578.8975999999998,970.665788235294,-33.32,-29.16,0.49,0.46,9,2006,0.0,340.0,-102.0
2006-12-31,51.94999999999999,-16.209999999999994,-0.04662380509263175,0.0,2.7900000000000063,-14.099999999999994,-28.16000000000001,0.18,24.02,66.04999999999995,13.860000000000014,2.66,55.63,0.0,96.28,31.29,164.87,70.46,84.41,6.66,203.63,0.08,203.71,342.78,-52.58,-21.82,12.74,-1.7300000000000004,-14.060000000000002,-0.9844756323257252,-1.2,-3.87,-0.34,0.0,0.0,-39.328550884019954,-26.855311733355883,123.3172218932408,3622.346031638608,201.8591354369342,-32.51,-29.42,0.47,0.47,12,2006,0.0,347.67647058823525,-118.21
2007-03-31,57.83,1.8,0.01,0.0,4.95,2.9,6.46,0.19,0.58,54.93,-6.25,61.46,75.28,0.0,156.14,28.44,213.25,41.19,53.9,5.48,160.12,0.0,160.12,120.0,39.21,-10.77,8.9,60.67,3.56,4.7075,0.58,4.08,0.01,0.0,0.0,3.36,3.8000000000000003,18.36,18.88,21.84,3.74,3.11,0.98,0.98,3,2007,0.0,180.0,1.8
2007-06-30,45.370000000000005,4.140000000000001,0.02090909090909091,0.0,6.62,5.16,8.469999999999999,0.74,0.74,40.21,-8.22,6.91,71.46,0.0,123.04,26.37,173.92,46.73,50.48,3.77,116.47,0.0,116.47,120.0,43.36,-58.92,-1.0600000000000005,5.429999999999993,3.31,8.863369565217392,2.05,2.69,0.03,0.0,0.0,9.534545454545455,9.395151515151516,38.193939393939395,48.230303030303034,39.11393939393939,7.43,5.76,1.06,1.06,6,2007,0.0,198.00000000000003,5.94
2007-09-30,13.899999999999991,-17.7,-0.10535714285714287,0.0,-5.37,-16.86,-13.6,0.73,0.0,30.760000000000005,-16.65,11.15,37.68,0.0,107.98,24.37,162.05,52.71,50.83,0.0,120.71,0.0,120.71,120.0,25.65,1.75,-5.119999999999999,7.609999999999999,3.2600000000000007,-1.7208135593220337,3.39,4.71,-0.07,0.0,0.0,-43.70816326530612,-27.453061224489794,-276.0357142857143,451.6510204081632,-128.17448979591836,-12.41,-10.04,0.89,0.89,9,2007,0.0,167.99999999999997,-11.76
2007-12-31,16.700000000000017,-30.0,-0.1939655172413793,0.0,-16.02,-29.31,-26.159999999999997,6.81,0.0,46.00999999999999,-28.749999999999996,0.78,47.84,0.0,84.76,20.82,138.3,53.52,57.39,0.0,136.41,0.0,136.41,120.0,-4.34,0.7000000000000028,-2.8600000000000003,-8.189999999999998,3.1499999999999986,-8.780040000000001,-188.35,-31.43,-0.27,0.0,0.0,-86.7816091954023,-72.24137931034483,2764.9712643678163,421.6379310344828,-5794.252873563219,-37.8,-31.21,0.62,0.62,12,2007,0.0,154.66666666666666,-41.76
2008-03-31,95.72,-37.18,-0.14,0.0,11.69,-31.23,-7.19,6.26,0.0,126.95,-35.49,2.34,338.98,0.0,401.75,31.19,856.65,258.3,80.92,0.6,458.7,1.74,460.44,360.0,390.09,33.35,-87.21,55.42,24.04,-11.1725,5.77,1.18,-0.14,0.0,0.0,-17.36,-23.359999999999996,-38.12,-69.28,-31.4,-40.65,-38.84,0.88,0.88,3,2008,0.0,265.57142857142856,-37.18
2008-06-30,62.74000000000001,-33.52,-0.10904667609618106,0.0,2.120000000000001,-23.63,-1.9799999999999995,3.81,0.0,86.36999999999999,-23.559999999999995,10.22,278.44,0.0,348.73,29.56,802.35,277.42,49.01,0.6,438.05,1.57,439.62,360.0,356.57,-23.400000000000002,12.329999999999998,18.950000000000003,21.65,-8.742586515513125,3.85,1.23,-0.23,0.0,0.0,-16.707847241867047,-21.316254596888264,-37.60687977369165,-67.05896463932109,-28.560746817538902,-45.83,-44.62,0.8,0.8,6,2008,0.0,307.39130434782606,-70.7
2008-09-30,40.28999999999999,-30.75999999999999,-0.09398383599448057,0.0,0.22999999999999865,-21.099999999999994,9.24,2.44,0.0,61.389999999999986,-23.72,1.11,245.8,0.0,329.58,25.16,770.97,279.01,51.82,0.6,437.53,1.42,438.95,360.0,325.81,-1.8899999999999988,-8.670000000000002,1.4399999999999977,30.340000000000003,-6.49792587776333,2.7,1.35,-0.31,0.0,0.0,-15.959061699191796,-19.742669032130884,-37.76331164991129,-70.020989552533,-27.62518430908732,-52.86,-51.05,0.75,0.75,9,2008,0.0,327.2903225806451,-101.46
2008-12-31,90.01999999999998,-122.76,-0.3613486754080814,0.0,-73.61,-114.49,-26.72,1.35,0.0,204.51000000000005,-118.13000000000001,2.51,177.16,0.0,209.24,17.01,604.15,281.07,60.65,0.98,388.04,7.02,395.06,360.0,203.04,35.07,-33.71000000000001,0.03999999999999204,87.77000000000001,-0.9360764907135873,2.39,1.95,-0.66,0.0,0.0,-81.27060208723576,-112.34658817233074,-241.84081348675412,-494.2592881990902,-193.00399250735884,-80.56,-77.65,0.54,0.54,12,2008,0.0,339.7272727272727,-224.22
2009-03-31,54.98,-6.65,-0.02,0.0,7.29,-3.53,29.01,1.17,0.0,58.51,-5.13,3.6,146.47,0.0,212.35,14.36,586.4,279.3,53.73,0.0,378.32,5.68,384.0,360.0,196.39,44.82,-41.92,-1.81,32.54,-14.6475,2.15,1.96,-0.02,0.0,0.0,-4.52,-1.96,-13.56,-9.08,-6.8,-12.55,-12.1,0.56,0.56,3,2009,0.0,332.5,-6.65
2009-06-30,76.58000000000001,0.9700000000000006,0.003415492957746481,0.0,5.409999999999999,5.26,42.67999999999999,1.32,0.0,71.31,-10.64,0.51,146.94,0.0,197.44,12.82,574.73,282.27,37.32,0.0,363.95,5.88,369.84,365.37,204.88,30.15,-42.69,9.44,37.419999999999995,96.61855670103087,2.35,1.81,-0.02,0.0,0.0,0.6762676056338033,-0.17077464788732408,1.8921830985915506,1.3798591549295784,-0.5601408450704229,-5.02,-4.32,0.54,0.54,6,2009,0.0,284.0,-5.68
2009-09-30,194.57999999999998,1.08,0.002347826086956522,0.0,53.64,5.49,106.05000000000001,1.27,0.0,189.09000000000003,0.05999999999999872,15.2,383.74,140.04,640.19,17.87,1473.43,473.24,129.92,0.36,695.56,185.67,881.22,641.25,592.19,-58.83,-38.05,111.57000000000001,100.56000000000002,135.23148148148147,1.38,1.49,-0.01,0.0,0.0,0.2911304347826087,-0.6010434782608696,0.732521739130435,0.9391304347826088,-0.8733913043478263,-1.52,-1.41,0.92,0.72,9,2009,0.0,459.99999999999994,-4.6
2009-12-31,286.11,1.8599999999999994,0.00678832116788321,0.0,66.82999999999998,12.560000000000002,144.39,1.4,0.0,273.56,15.32,7.05,450.47,126.82,687.82,17.27,1612.59,528.16,170.96,0.36,1018.38,0.14,1018.52,641.25,594.06,128.43,-191.41,54.83999999999999,131.83,51.559139784946254,1.51,1.71,-0.01,0.0,0.0,0.46160583941605826,-4.833284671532845,1.2490510948905105,1.8735766423357656,-9.042043795620435,-0.47,-0.45,0.68,0.55,12,2009,0.0,274.0,-2.74
2010-03-31,321.8,2.66,0.0,,103.17,14.19,198.71,1.28,0.0,307.61,7.78,55.97,486.34,92.78,747.45,16.13,1612.05,542.69,162.59,0.28,1015.19,0.12,1015.32,641.25,596.72,185.56,-151.09,14.45,184.52,0.0,1.38,1.7,0.0,0.0,0.0,0.68,5.16,1.8,2.68,9.52,0.85,0.83,0.74,0.64,3,2010,,inf,2.66
2010-06-30,246.64000000000004,1.67,0.003856812933025404,,73.96999999999998,12.910000000000002,129.30999999999997,1.3,0.0,233.73000000000002,9.799999999999997,60.14,458.36,87.85,680.81,16.83,1511.37,259.6,122.97,155.21,809.73,103.24,912.96,641.25,598.39,152.55,-102.10999999999999,-46.26,116.4,84.26646706586827,1.39,1.53,0.01,0.0,0.0,0.44739030023094684,4.01108545034642,1.1107621247113162,1.6661431870669745,5.954919168591224,0.78,0.76,0.84,0.73,6,2010,,433.0,4.33
2010-09-30,235.28999999999996,13.03,0.022517281105990782,0.0,80.07,22.0,128.11,1.18,0.0,213.29999999999995,19.65,23.85,410.14,128.11,653.24,16.06,1446.68,188.59,123.14,105.63,730.33,104.92,835.25,641.25,611.42,132.21999999999997,-93.49000000000001,-75.03,106.10999999999996,13.09993860322333,1.24,1.37,0.03,0.0,0.0,3.6027649769585253,10.08774193548387,8.526543778801843,8.64663594470046,20.56578341013825,2.22,2.16,0.89,0.72,9,2010,0.0,578.6666666666666,17.36
2010-12-31,336.20000000000005,26.130000000000003,0.04205794435502415,0.0,129.68,34.580000000000005,160.57000000000005,1.65,0.0,301.61,33.589999999999996,28.87,498.0,78.6,714.98,15.56,1532.89,197.57,139.43,130.63,855.62,39.71,895.33,641.25,637.55,101.16000000000003,-135.11,38.97,125.99000000000001,9.807302908534252,1.66,1.4,0.07,0.0,0.0,6.825403541043919,12.78561508392734,16.39058174292941,16.967376408369738,29.70492527017705,3.91,3.82,0.84,0.74,12,2010,0.0,621.2857142857142,43.49
2011-03-31,296.84,26.91,0.04,0.0,102.49,35.24,143.26,1.67,0.0,261.6,37.9,66.89,451.69,85.97,714.41,16.66,1513.15,293.12,130.7,142.76,804.37,47.54,851.9,641.25,661.24,184.18,-103.02,-43.13,108.02,10.4375,1.62,1.29,0.04,0.0,0.0,7.12,9.04,16.28,17.12,19.88,9.1,9.07,0.89,0.78,3,2011,0.0,672.75,26.91
2011-06-30,261.61000000000007,16.77,0.026875000000000003,0.0,92.03000000000002,24.82,126.07999999999998,1.93,0.0,236.78999999999996,27.619999999999997,85.88,401.34,95.94,697.74,17.38,1482.41,428.96,143.43,14.31,795.03,9.35,804.38,641.25,678.01,122.95999999999998,-62.07000000000001,-41.910000000000004,101.26,17.952558139534883,1.83,1.19,0.07,0.0,0.0,4.530357142857143,6.158214285714285,9.89,10.504285714285714,13.422142857142857,7.85,7.82,0.88,0.76,6,2011,0.0,623.9999999999999,43.68
2011-09-30,225.52999999999997,4.310000000000002,0.006286726401333614,0.02,79.77000000000001,12.86,89.54000000000002,1.45,0.0,212.66999999999996,13.540000000000006,80.84,351.17,103.27,655.63,16.92,1453.1,468.1,110.0,5.69,774.29,9.3,783.6,641.25,669.49,120.44,-118.03,-7.439999999999998,76.67999999999998,57.64924013921111,1.39,1.17,0.07,0.02,0.29,1.1854969785371956,1.8069847884976047,2.575761617003544,2.690718899770787,3.858253802875601,6.16,6.12,0.85,0.71,9,2011,13.711428571428572,685.5714285714286,47.99
2011-12-31,272.6199999999999,13.14,0.021495174218877804,-0.0024299502231777733,118.69999999999999,21.760000000000005,118.20999999999998,1.65,0.0,250.86,9.170000000000002,37.66,431.44,104.24,711.4,16.44,1532.38,473.12,232.68,6.05,842.02,7.72,849.74,641.25,682.63,49.129999999999995,-95.43,3.1200000000000045,96.45000000000005,19.19035388127854,1.55,1.24,0.1,0.02,0.2,3.4306298053328974,5.3136070669065925,7.703870440045805,7.961812530672336,11.787953541632588,5.82,5.79,0.84,0.72,12,2011,-1.4854285714285727,611.3,61.13
2012-03-31,326.17,11.56,0.02,0.05,98.53,20.04,158.87,1.53,0.0,306.13,13.99,99.03,417.67,107.84,722.02,17.16,1505.34,476.8,230.85,16.98,802.5,8.64,811.14,641.25,694.2,242.18,-147.21,-33.61,138.83,19.125,1.41,1.17,0.02,0.05,2.5,3.0799999999999996,5.32,6.68,6.84,11.4,3.61,3.54,0.9,0.77,3,2012,28.900000000000002,578.0,11.56
2012-06-30,235.86999999999995,-25.93,-0.03608907446068198,0.009777313848295062,53.46000000000001,-17.41,100.50999999999999,1.44,0.0,253.27999999999997,-19.68,75.76,410.79,103.54,690.42,17.79,1463.5,513.76,200.56,20.71,800.41,26.7,827.11,641.25,636.38,58.94,-108.79999999999998,26.6,117.91999999999999,-9.975318164288467,1.45,1.3,-0.02,0.05,-2.5,-7.073458594293668,1.2992066805845512,-16.31226165622825,-15.807014613778707,2.8871259568545584,-2.6,-2.56,0.86,0.73,6,2012,7.025000000000002,718.5,-14.37
2012-09-30,207.73000000000002,-29.770000000000003,-0.047211146352514735,-0.0069721341187131925,35.78999999999999,-20.24,83.44999999999999,1.29,0.0,227.97000000000003,-21.99,75.78,431.6,129.24,729.53,17.96,1468.52,530.57,192.22,33.15,825.16,36.62,861.77,641.25,606.74,25.94999999999999,-64.94,39.01,103.69,-6.831543500167953,1.36,1.42,-0.07,0.05,-0.71,-8.120317172632532,-3.264313547802447,-19.612859084730406,-18.66863615768011,-7.391916628908021,-5.81,-5.73,0.88,0.73,9,2012,-4.396428571428576,630.5714285714286,-44.14
2012-12-31,238.61,-270.56,-0.42127232284715604,0.0009088020336828663,0.9900000000000091,-260.13,-131.58999999999997,1.6,0.0,498.7299999999999,-127.65,99.15,428.22,101.22,736.98,18.42,1333.53,601.47,228.46,40.27,946.53,50.82,997.35,641.25,336.17,75.48000000000002,-144.07999999999998,91.97,128.54000000000002,-0.9508694929036073,3.05,2.97,-0.49,0.05,-0.1,-81.15940260565618,-66.64700095328884,-321.92083380997775,-212.45880902446777,-246.8139968223705,-32.05,-31.21,0.78,0.67,12,2012,0.583673469387751,642.2448979591836,-314.7
2013-03-31,242.67,1.13,0.0,,76.75,11.43,125.54,3.1,0.0,231.24,8.59,40.89,491.72,102.44,710.2,17.62,1301.0,541.7,202.4,45.41,898.19,70.86,969.05,641.25,331.94,50.17,-117.88,9.45,114.11,0.0,5.99,2.92,0.0,0.0,0.0,0.36,3.24,1.3599999999999999,0.88,11.359999999999998,0.47,0.47,0.79,0.68,3,2013,,inf,1.13
2013-06-30,189.43000000000004,-48.56,-0.07166772085178158,,52.629999999999995,-42.17,50.87999999999998,2.5,0.0,231.61,-43.18000000000001,27.66,450.13,123.9,680.96,15.12,1238.56,501.16,161.73,80.17,886.75,68.86,955.6,641.25,282.95,32.56,-75.30000000000001,29.500000000000004,93.05,-8.719755457166391,5.67,3.38,-0.07,0.0,0.0,-15.684992620704197,-9.33728020240354,-68.63720008433482,-42.26347881087919,-35.79290744254691,-11.08,-10.98,0.77,0.63,6,2013,,677.5714285714286,-47.43
2013-09-30,197.12,-138.60999999999999,-0.25331864115244035,0.0,50.00999999999999,-162.48999999999998,-61.66999999999999,2.74,0.0,359.6,-44.64,30.95,485.78,175.36,772.13,16.78,1225.0,576.39,132.19,91.85,985.66,73.98,1059.65,657.83,167.76,-88.07000000000001,-57.06999999999999,136.60000000000002,100.82000000000002,-2.7044989538994306,10.74,6.32,-0.34,0.0,0.0,-45.269531283594915,-42.76614706514727,-330.50632122124273,-143.16973554074391,-240.59310470866478,-29.87,-29.57,0.78,0.61,9,2013,0.0,547.1764705882352,-186.04
2013-12-31,147.27999999999997,-60.51000000000002,-0.10553356317177046,0.0,22.02000000000001,-51.32000000000002,48.83000000000001,2.9,0.0,198.5999999999999,-51.32000000000001,39.42,484.44,158.34,743.33,18.47,1206.07,693.23,164.38,92.15,1049.91,56.0,1105.91,657.83,101.94,147.57,-154.38,15.269999999999982,100.14999999999998,-6.865588332507022,18.71,10.85,-0.43,0.0,0.0,-20.066102616102217,-18.907687690123712,-237.4357915230177,-110.4911863719327,-153.73540458324888,-32.02,-31.75,0.71,0.56,12,2013,0.0,573.3720930232558,-246.55
2014-03-31,241.03,0.07,0.0,,81.88,9.65,125.83,2.9,0.0,231.38,3.0,27.43,483.58,208.59,788.15,17.95,1208.36,690.12,194.16,97.0,1062.46,46.05,1108.51,657.83,102.07,45.07,-29.4,-27.65,116.18,0.0,18.69,10.86,0.0,0.0,0.0,0.04,3.08,0.28,0.12,26.440000000000005,0.03,0.03,0.74,0.55,3,2014,,inf,0.07
2014-06-30,218.42,-25.59,-0.04010971786833856,,50.860000000000014,-21.09,91.38000000000001,2.7,0.0,239.51,-28.16,42.38,425.75,244.67,784.38,18.76,1146.37,712.44,150.81,124.85,1054.44,17.95,1072.39,657.83,76.55,109.04000000000002,-104.6,10.509999999999998,112.47,-16.828839390386868,23.2,14.01,-0.04,0.0,0.0,-8.944467084639498,-3.850532915360502,-133.72579937304076,-56.95579937304075,-49.89648902821317,-5.73,-5.55,0.74,0.51,6,2014,,638.0,-25.52
2014-09-30,212.27000000000004,-79.48,-0.10597333333333335,0.0,66.19,-74.17,28.00999999999999,1.91,0.0,286.44000000000005,-74.85000000000001,227.29,512.34,226.49,1036.56,19.07,1412.16,185.0,214.6,0.2,450.16,3.62,453.78,1299.8,961.65,20.25999999999999,-111.57,276.21,102.17999999999998,-4.504906894816306,2.58,0.47,-0.14,0.0,0.0,-22.526902857142858,-19.650483809523813,-33.06368,-56.28697904761905,-26.947504761904764,-15.97,-15.63,2.3,1.8,9,2014,0.0,749.9999999999999,-105.0
2014-12-31,185.28999999999996,-78.25999999999999,-0.08967914438502674,0.0,6.310000000000002,-97.66000000000001,13.950000000000017,1.89,0.0,282.94999999999993,-98.36,82.97,472.97,205.81,837.01,18.39,1212.54,50.0,222.79,0.14,331.74,3.82,335.56,1299.8,884.75,83.23000000000002,-92.49000000000001,-135.06,111.61000000000001,-5.2687835420393565,2.78,0.38,-0.21,0.0,0.0,-25.810511841100073,-25.87883880825057,-35.376287242169596,-63.458670741023674,-35.54710466004583,-21.86,-21.38,2.52,1.9,12,2014,0.0,872.6666666666666,-183.26
2015-03-31,160.21,4.19,0.0,,46.6,6.43,104.33,1.73,0.0,153.78,3.2,161.24,343.26,200.71,785.7,19.58,1125.32,55.0,134.29,0.09,240.91,4.03,244.94,1299.8,889.07,151.89,-78.57,4.95,97.9,0.0,2.53,0.28,0.0,0.0,0.0,1.48,2.2,1.88,3.4,2.92,2.67,2.62,3.26,2.43,3,2015,,inf,4.19
2015-06-30,138.37999999999997,-20.75,-0.012530193236714978,,36.830000000000005,-20.61,47.010000000000005,1.78,0.0,158.98999999999998,-27.47,118.1,282.86,184.89,669.6,19.86,1051.3,5.0,140.82,0.18,186.77,4.84,191.61,1300.12,869.05,86.96000000000001,-80.45000000000002,-49.650000000000006,67.62,-35.51421686746988,2.66,0.22,-0.01,0.0,0.0,-7.9190821256038655,-6.465579710144929,-9.573067632850242,-17.54227053140097,-8.219806763285025,-5.74,-5.55,3.59,2.6,6,2015,,1655.9999999999998,-16.56
2015-09-30,192.60000000000002,-32.010000000000005,-0.026361951822112418,0.0,38.36,-30.42,78.25999999999999,1.55,0.0,223.02999999999997,-33.95,113.34,344.16,182.25,723.71,19.0,1051.82,0.0,195.69,0.19,218.97,5.0,223.97,1300.12,837.72,34.01000000000002,-33.78,-4.989999999999995,108.67999999999998,-14.699215089034675,2.41,0.27,-0.04,0.0,0.0,-12.179221741815937,-9.543026559604696,-15.289932056825203,-14.235453983940706,-14.130006176652259,-10.17,-9.89,3.31,2.47,9,2015,0.0,1214.25,-48.57
2015-12-31,59.13000000000005,-51.529999999999994,-0.041182817182817175,0.0,11.809999999999988,-51.300000000000004,-11.210000000000008,1.94,0.0,110.42000000000007,-42.599999999999994,89.72,311.43,198.84,663.49,18.11,960.31,9.5,147.86,0.19,179.53,4.14,183.67,1300.12,787.37,-4.7900000000000205,-28.28,9.46,40.09000000000003,-11.7767562584902,3.2,0.23,-0.08,0.0,0.0,-21.45624775224775,-18.182213786213783,-26.17168031968032,-24.647916083916083,-25.28624975024975,-18.49,-18.19,3.7,2.59,12,2015,0.0,1251.25,-100.1
2016-03-31,95.08,2.27,0.0,,54.33,3.65,12.31,1.7,0.0,91.44,0.32,74.72,336.82,216.46,685.56,17.69,982.76,45.0,135.86,0.2,199.46,4.37,203.83,1300.12,790.3,-2.78,-47.67,35.45,8.66,0.0,2.8,0.26,0.0,0.0,0.0,0.9200000000000002,1.4,1.16,1.08,1.8800000000000001,2.47,2.39,3.44,2.35,3,2016,,inf,2.27
2016-06-30,158.8,33.11,0.028075183719615596,,90.69000000000001,33.61,86.87,1.7,0.0,125.18,24.23,133.26,300.37,273.02,768.29,17.28,1048.63,80.0,136.86,0.2,232.57,4.6,237.17,1300.12,823.32,43.95,-20.36,34.95,53.260000000000005,15.13881455753549,2.68,0.29,0.03,0.0,0.0,12.615115884680609,13.288920293951383,16.09643866591294,15.647235726399094,17.107145279819104,14.67,13.94,3.3,2.13,6,2016,,1179.3333333333335,35.38
2016-09-30,122.55000000000001,-41.68,-0.06615873015873015,0.0,29.67999999999998,-40.21,10.61,1.67,0.0,162.76,-44.29,117.44,293.82,260.77,723.43,16.55,1000.18,90.0,127.96,0.2,226.18,4.83,231.01,1300.12,781.63,4.030000000000001,-29.799999999999997,9.949999999999989,50.81999999999999,-6.310580614203454,2.78,0.3,-0.01,0.0,0.0,-16.672,-7.674412698412698,-21.435428571428574,-20.64152380952381,-10.056126984126983,-1.75,-1.67,3.2,2.05,9,2016,0.0,630.0,-6.3
2016-12-31,119.65999999999997,-76.68,-0.05544468546637744,0.0,32.18000000000001,-74.49,-22.63000000000001,1.79,0.0,194.14999999999998,-68.58,133.23,272.03,226.06,690.81,15.9,959.34,106.93,146.17,0.21,261.54,5.05,266.59,1300.12,705.0,98.64,-100.54,17.680000000000007,51.86,-8.070205399061033,3.3,0.38,-0.06,0.0,0.0,-31.97310195227766,-29.829240780911068,-43.50559652928417,-41.102993492407805,-41.02906724511931,-17.1,-16.73,2.64,1.78,12,2016,0.0,1383.0000000000002,-82.98
2017-03-31,97.41,-45.44,-0.029999999999999995,0.0,11.36,-47.3,36.99,1.44,0.0,144.71,-51.8,102.92,275.42,213.11,654.66,14.9,919.93,138.76,122.83,0.21,271.43,5.23,276.66,1300.12,659.52,14.14,-76.23,31.78,84.29,-12.0,2.84,0.42,-0.03,0.0,0.0,-19.76,-19.88,-27.56,-25.08,-29.16,-48.91,-46.65,2.41,1.63,3,2017,0.0,1514.6666666666667,-45.44
2017-06-30,48.370000000000005,-25.269999999999996,-0.017868759722811482,0.0,10.740000000000002,-21.99000000000001,3.8699999999999974,1.95,0.0,70.37,-23.810000000000002,65.36,224.82,218.48,556.45,13.05,831.44,99.99,99.54,0.21,208.52,5.42,213.94,1300.12,634.27,15.77,-14.5,-38.82,25.86,-27.28225168183617,4.0,0.34,-0.05,0.0,0.0,-12.150756611511808,-10.53542073256965,-15.938933672747844,-13.86615754490171,-15.896048649413093,-50.7,-48.5,2.67,1.62,6,2017,0.0,1414.1999999999998,-70.71
2017-09-30,169.85999999999999,17.269999999999996,0.012926646706586824,0.0,88.58000000000001,26.160000000000004,123.42,1.7,0.0,143.67999999999998,23.019999999999996,88.14,345.71,165.9,655.92,12.2,931.56,119.45,159.23,0.22,293.85,5.6,299.44,1300.12,651.54,100.9,-97.52,19.4,97.25999999999999,32.87782281412855,3.39,0.46,-0.04,0.0,0.0,7.4198952095808375,5.778211077844309,10.599850299401195,9.64327844311377,8.738413173652694,-17.45,-16.93,2.23,1.67,9,2017,0.0,1336.0,-53.44
