,revenue,net_profit,eps,dps,gross_profit,ebit,ebitda,close_price,expense,operating_profit,cash,account_receivable,inventory,current_asset,property_plant_equipment,total_asset,short_term_loan,account_payable,current_portion_long_term_debt,current_liability,non_current_liability,total_liability,paid_in_capital,total_equity,cash_flow_operation,cash_flow_investment,cash_flow_financing,depreciation,P/E,P/BV,D/E,EPS,DPS,DPR%,ROA%,ROAA%,ROE%,ROAE%,ROCE%,NPM%,NPMA%,TIE,CurrentRatio,QuickRatio,month,year,dividend,number_of_shares,return_old
2010-09-30,,,,,,,,,,,24.0,82.13,62.82,198.12,5.07,232.21,3.82,65.32,8.0,116.54,1.22,117.77,70.0,114.44,,,,,,0.0,1.03,0.23,0.0,0.0,,,,,,7.86,7.68,46.63,1.7,1.16,9,2010,,69.21739130434783,15.92
2010-12-31,82.53,4.799999999999999,0.06718146718146717,0.1,24.909999999999997,6.5,14.410000000000004,5.9,76.02999999999997,8.750000000000004,21.5,91.22,68.79,244.89,5.14,281.65,4.73,76.18,7.28,137.56,0.0,137.56,85.0,144.09,8.850000000000001,-35.05,23.7,7.910000000000002,21.950250000000004,3.48,0.95,0.29,0.1,0.34,6.820077220077219,0.0,13.325096525096525,0.0,19.46872586872587,7.3,7.15,48.06,1.78,1.28,12,2010,7.1448275862068975,71.44827586206897,20.72
2011-03-31,74.93,8.54,0.1,0.0,23.31,11.05,15.93,5.95,63.88,11.84,26.32,87.45,79.33,249.72,5.06,289.98,3.23,75.53,7.83,137.18,5.5,142.68,85.0,147.29,13.8,-7.85,-1.25,4.88,14.875,3.43,0.97,0.1,0.0,0.0,11.8,0.0,23.2,0.0,28.92,11.6,11.4,35.65,1.82,1.24,3,2011,0.0,85.39999999999999,8.54
2011-06-30,73.16999999999999,2.8200000000000003,0.03227112676056339,0.05,17.52,4.67,12.09,5.05,68.5,3.6899999999999995,18.77,101.7,81.14,252.76,4.98,296.19,3.19,87.84,5.88,144.64,5.68,150.32,85.0,145.87,1.9799999999999986,-2.7699999999999996,-6.77,7.420000000000001,39.125531914893614,2.94,1.03,0.13,0.05,0.38,3.8129577464788738,0.0,7.735140845070424,0.0,10.296971830985916,7.89,7.67,19.17,1.75,1.19,6,2011,4.369230769230769,87.38461538461537,11.36
2011-09-30,80.66,3.67,0.04395209580838323,-0.0023261169967756764,16.82,5.99,10.849999999999998,3.3,74.67000000000002,5.640000000000002,13.18,109.59,84.18,261.76,4.65,309.34,4.12,97.31,3.89,153.96,5.84,159.81,85.0,149.54,4.290000000000001,-8.38,-1.5,4.859999999999999,18.767023160762943,1.88,1.07,0.18,0.05,0.28,4.74682634730539,7.833240186294078,9.815968063872257,11.12476380572189,13.64468396540253,6.75,6.57,17.09,1.7,1.15,9,2011,-0.19423076923076898,83.5,15.03
2011-12-31,67.93,2.450000000000001,0.029433638443935938,-0.00015732265446223665,29.96,4.699999999999999,10.440000000000005,3.88,63.22999999999996,5.849999999999998,29.45,103.1,94.3,262.04,4.54,308.77,3.1,86.14,5.02,146.16,10.62,156.78,85.0,151.98,-5.43,-12.649999999999999,4.31,5.739999999999998,32.962285714285706,2.17,1.03,0.21,0.05,0.24,3.1732265446224273,5.017734553775746,6.447368421052634,6.6211670480549225,9.104805491990849,6.06,5.89,15.72,1.79,1.15,12,2011,-0.013095238095237605,83.23809523809524,17.48
2012-03-31,92.87,8.62,0.1,0.0,29.38,11.19,18.63,3.84,81.68,12.17,35.03,118.08,99.37,292.2,6.18,339.76,6.95,102.63,5.12,169.07,10.09,179.16,85.0,160.6,11.12,-7.69,2.15,7.44,9.6,2.03,1.12,0.1,0.0,0.0,10.16,14.2,21.48,22.4,26.239999999999995,9.47,9.28,23.31,1.73,1.14,3,2012,0.0,86.19999999999999,8.62
2012-06-30,90.76999999999998,9.74,0.11671023965141612,0.15,23.48,12.22,20.24,3.4,78.54999999999998,7.99,16.59,112.58,107.2,280.34,6.71,332.39,7.99,104.72,7.17,170.37,4.43,174.8,85.0,157.59,6.779999999999999,-11.719999999999999,-13.5,8.02,7.280852156057494,1.83,1.11,0.22,0.15,0.68,11.71346405228758,15.80893246187364,24.721350762527234,25.67625272331155,30.66296296296296,10.49,10.0,22.73,1.65,1.02,6,2012,12.518181818181818,83.45454545454545,18.36
2012-09-30,85.23000000000002,4.030000000000001,0.04679767753461368,0.004634780137236586,23.840000000000003,2.8500000000000014,10.120000000000005,5.05,82.38000000000002,3.0100000000000016,6.5,117.81,110.78,287.76,6.87,341.98,11.36,113.65,5.9,177.55,2.81,180.36,85.0,161.62,-3.379999999999999,-8.3,1.5899999999999999,7.27,26.973560794044662,2.66,1.12,0.26,0.15,0.58,4.715765966949532,5.8029120142920965,9.97150513622153,10.360285841893706,11.497829388119701,8.7,8.33,17.05,1.62,1.0,9,2012,0.39912587412587364,86.11538461538461,22.39
2012-12-31,85.98000000000002,5.82,0.06808224034030486,-0.0011063998036702678,27.28,7.080000000000002,14.86,7.25,78.89999999999998,5.009999999999998,6.8,120.37,119.08,298.06,6.69,353.24,11.13,130.67,4.6,182.79,3.01,185.8,85.0,167.44,10.420000000000002,-8.04,-2.0700000000000003,7.780000000000001,26.62258161512027,3.68,1.11,0.33,0.15,0.45,6.59366182204892,8.310159517901454,13.905281814959237,14.573725629209502,16.141680255228643,8.31,7.95,15.95,1.63,0.98,12,2012,-0.09458041958041896,85.48484848484848,28.21
2013-03-31,100.33,9.9,0.12000000000000001,0.15,33.89,13.9,22.3,9.05,86.42,13.6,7.59,132.94,129.14,333.02,6.24,401.75,11.12,142.56,3.28,205.06,5.38,210.44,85.0,191.32,8.19,-5.64,-1.76,8.4,18.855,4.02,1.1,0.12,0.15,1.25,9.84,15.0,20.679999999999996,22.52,28.28,10.07,9.87,33.1,1.62,0.99,3,2013,12.375,82.5,9.9
2013-06-30,97.17,4.25,0.05106007067137809,0.0013250883392226047,25.75,6.35,13.109999999999996,4.36,90.83,6.450000000000001,8.54,141.59,126.65,345.86,7.55,422.01,12.26,170.93,0.0,233.52,5.67,239.2,85.0,182.82,30.53,-14.219999999999999,-15.360000000000001,6.76,21.34985294117647,2.03,1.31,0.17,0.15,0.88,4.024734982332156,6.4515901060070675,9.298939929328622,9.98374558303887,12.903180212014135,7.31,7.16,22.5,1.48,0.94,6,2013,0.11029411764705799,83.23529411764706,14.15
2013-09-30,80.24000000000001,3.51,0.03180067950169875,0.036882952501498895,26.179999999999993,5.640000000000001,13.0,4.24,74.61000000000001,5.25,335.22,162.0,137.61,692.39,5.6,765.4,9.75,177.0,0.0,233.27,5.94,239.21,170.0,525.8,-7.219999999999999,-2.4400000000000013,336.34000000000003,7.359999999999999,33.33262108262109,1.37,0.45,0.16,0.15,0.94,1.836489241223103,3.7206795016987537,2.671257078142695,4.086387315968289,3.871732729331823,6.53,6.36,21.05,2.97,2.38,9,2013,4.070955882352941,110.375,17.66
2013-12-31,81.70999999999998,2.8599999999999994,0.022300194931773876,0.02090643274853803,19.970000000000013,4.859999999999999,16.120000000000005,3.98,76.84999999999997,2.3099999999999987,305.87,162.35,143.86,695.58,5.11,761.31,9.77,168.13,0.0,225.46,6.21,231.67,170.05,529.31,6.270000000000003,-35.61,0.0,11.260000000000002,44.62741258741259,1.28,0.44,0.16,0.15,0.94,1.5052631578947369,3.0774269005847947,2.163118908382066,3.283703703703703,3.200077972709551,5.9,5.71,21.06,3.09,2.45,12,2013,2.681250000000002,128.25,20.52
2014-03-31,68.9,1.66,0.01,0.1,15.96,2.42,8.81,3.8,66.47,-0.9,228.03,154.03,148.01,691.76,4.98,757.39,9.98,162.91,0.0,219.18,6.55,225.74,170.05,531.36,7.68,-85.52,0.0,6.39,95.0,1.22,0.42,0.01,0.1,10.0,0.88,1.6799999999999997,1.24,1.8399999999999999,1.8000000000000003,2.6,2.41,11.52,3.16,2.48,3,2014,16.6,166.0,1.66
2014-06-30,59.53,-5.59,-0.028447837150127227,0.015521628498727739,10.149999999999999,-5.42,0.7099999999999991,3.34,64.96000000000001,-6.93,237.06,135.08,145.5,652.06,4.7,715.43,10.37,154.41,0.0,199.14,6.83,205.97,170.05,509.15,6.0600000000000005,19.78,-16.82,6.13,-29.35196779964222,1.12,0.4,-0.02,0.1,-5.0,-3.129262086513995,-3.0154707379134864,-4.380966921119593,-6.4861068702290074,-3.299949109414758,-3.3,-3.06,-7.32,3.27,2.54,6,2014,3.0500000000000007,196.5,-3.93
2014-09-30,56.72999999999999,2.8000000000000003,0.02477876106194691,-0.07389380530973455,14.329999999999998,4.36,8.690000000000001,3.5,52.370000000000005,0.34999999999999964,270.97,125.23,142.78,646.12,4.77,708.99,9.87,143.08,0.0,189.2,7.13,196.33,170.05,512.34,3.700000000000001,30.869999999999997,-0.6499999999999986,4.330000000000002,35.31249999999999,1.16,0.38,-0.01,0.1,-10.0,1.5858407079646022,-1.7840707964601772,2.180530973451328,2.180530973451328,-2.5769911504424785,-0.66,-0.61,2.43,3.42,2.66,9,2014,-8.350000000000003,112.99999999999999,-1.13
2014-12-31,83.31000000000003,2.86,0.01653179190751445,0.0346820809248555,23.700000000000003,4.76,12.8,4.64,78.53999999999996,-5.49,222.49,35.94,232.55,641.04,4.61,711.43,9.87,139.57,0.0,187.55,7.62,195.17,170.05,515.59,-3.830000000000002,-45.830000000000005,-0.22000000000000242,8.04,70.16783216783217,1.53,0.38,0.01,0.1,10.0,1.5870520231213872,5.488554913294797,2.2483236994219653,2.1821965317919076,7.736878612716762,0.72,0.64,7.75,3.42,2.18,12,2014,6.000000000000002,173.0,1.73
2015-03-31,66.14,1.29,0.01,0.0,19.95,2.59,7.89,9.5,63.56,-0.47,147.59,38.88,231.64,647.73,3.97,719.75,9.89,133.64,0.0,194.08,7.92,202.0,170.05,517.21,5.22,-79.96,-0.16,5.3,237.5,3.12,0.39,0.01,0.0,0.0,0.72,1.4,0.9999999999999999,0.9999999999999999,1.9600000000000002,2.12,1.95,15.24,3.34,2.14,3,2015,0.0,129.0,1.29
2015-06-30,56.150000000000006,-8.26,-0.04740315638450502,0.07,11.98,-8.04,-1.6599999999999993,3.98,64.17999999999999,-9.61,113.92,32.66,227.16,615.86,3.56,683.31,9.9,127.37,0.0,177.14,8.32,185.46,170.05,497.45,-0.9100000000000001,-20.690000000000012,-12.07,6.38,-20.99016343825666,1.36,0.37,-0.04,0.07,-1.75,-4.835121951219513,-3.697446197991392,-6.636441893830703,-6.541635581061692,-5.119540889526543,-6.15,-5.7,-15.14,3.48,2.19,6,2015,12.197500000000002,174.25,-6.97
2015-09-30,55.989999999999995,-2.920000000000001,-0.01771486349848332,-0.003998988877654191,15.259999999999998,-2.2699999999999996,4.289999999999999,2.86,58.260000000000005,-3.8100000000000005,97.23,47.54,222.93,619.16,4.02,682.88,9.91,129.53,0.0,179.08,8.65,187.74,170.05,494.93,3.9000000000000012,-20.44999999999999,-0.15000000000000036,6.559999999999999,-40.364409246575335,0.98,0.38,-0.06,0.07,-1.17,-1.7124368048533876,-1.3108998988877658,-2.361981799797776,-2.3147421638018204,-1.8069160768452988,-5.98,-5.55,-15.14,3.46,2.21,9,2015,-0.6591666666666658,164.83333333333334,-9.89
2015-12-31,49.34,-8.46,-0.05071389645776567,0.0008328792007266106,9.93,-4.72,0.5400000000000009,2.3,54.06,-15.169999999999998,68.41,47.23,223.56,603.16,3.13,659.4,9.92,122.83,0.0,163.37,8.99,172.37,170.05,486.85,-1.4000000000000012,-27.230000000000018,-0.17999999999999972,5.260000000000002,-11.338608156028368,0.8,0.35,-0.11,0.07,-0.64,-5.126713896457765,-3.337896457765668,-6.95241416893733,-6.749558583106268,-4.628795640326975,-8.7,-8.06,-18.03,3.69,2.32,12,2015,0.1389393939393937,166.81818181818184,-18.35
2016-03-31,42.49,-9.15,-0.05,0.0,4.38,-8.0,-4.12,2.42,50.49,-12.44,109.08,46.39,217.89,593.86,2.74,647.72,9.93,119.78,0.0,159.55,12.59,172.14,170.05,475.45,-3.24,44.05,-0.14,3.88,-12.1,0.87,0.36,-0.05,0.0,0.0,-5.640000000000001,-4.68,-7.68,-7.36,-6.56,-24.05,-21.53,-53.33,3.72,2.36,3,2016,0.0,183.0,-9.15
2016-06-30,46.779999999999994,-162.64,-0.956204668490599,0.02,16.330000000000002,-208.37,-203.65,2.24,255.14999999999998,-212.84,155.9,46.98,25.46,390.53,1.74,469.92,0.0,119.36,0.0,149.99,12.11,162.1,170.05,309.34,4.16,56.5,-13.84,4.72,-0.5862238686669947,1.23,0.52,-1.01,0.02,-0.02,-138.45086209907444,-142.0863333139298,-210.28928808428896,-161.2861656673846,-256.1113731881949,-213.78,-192.44,-676.16,2.6,2.43,6,2016,3.4017821782178217,170.08910891089107,-171.79
2016-09-30,43.14999999999999,-4.5400000000000205,-0.026777065729030915,-6.382048061324905e-05,16.18,5.009999999999991,6.710000000000008,1.87,38.139999999999986,211.74,137.79,48.98,23.93,363.19,1.45,433.07,0.0,92.41,0.0,117.42,11.97,129.39,170.05,304.14,-30.630000000000003,12.620000000000005,-0.09999999999999964,1.700000000000001,-17.47764317180609,1.05,0.43,-1.04,0.02,-0.02,-4.193700448023611,-3.9012124992911197,-5.971285657573893,-4.544891963931286,-6.896124312368884,-149.91,-133.16,-503.24,3.09,2.89,9,2016,-0.01082063975628289,169.54807692307693,-176.33
2016-12-31,49.79000000000002,-36.369999999999976,-0.21374000940291477,7.192325774836154e-05,24.6,10.200000000000017,11.77000000000001,1.57,39.60000000000002,-4.100000000000001,20.83,50.34,24.33,353.26,1.21,376.49,0.0,75.57,0.0,97.1,12.26,109.35,170.05,267.79,-14.009999999999998,-102.82000000000001,-0.13000000000000078,1.5699999999999985,-1.8421913665108618,1.0,0.41,-1.25,0.02,-0.02,-38.64419370004699,-26.565318288669477,-54.327580629995275,-38.555277856135376,-49.245698166431566,-131.87,-116.73,-359.21,3.64,3.39,12,2016,0.012238461538461198,170.16,-212.7
2017-03-31,36.8,0.82,0.0,,14.43,1.4,3.29,1.6,35.41,1.48,123.32,52.03,24.31,348.0,1.01,370.63,0.0,71.36,0.0,90.51,12.36,102.88,170.05,268.4,-9.19,111.79,-0.1,1.89,0.0,1.01,0.38,0.0,0.0,0.0,0.88,1.08,1.24,0.88,1.9999999999999998,2.6,2.23,14.0,3.84,3.58,3,2017,,inf,0.82
2017-06-30,38.980000000000004,-1.3199999999999998,0.0,,13.21,0.24,1.4900000000000002,1.52,38.730000000000004,-10.49,108.45,53.75,21.02,289.13,0.9,320.68,0.0,14.74,0.0,42.15,12.61,54.76,170.05,265.98,-54.83,40.11,-0.15,1.2500000000000002,0.0,0.97,0.21,0.0,0.0,0.0,-1.6895999999999998,4.329599999999999,-2.0063999999999997,-1.7952,6.230399999999999,-0.77,-0.66,6.56,6.86,6.36,6,2017,,-inf,-0.5
2017-09-30,38.629999999999995,4.16,0.02273224043715847,,19.759999999999998,5.930000000000001,7.3500000000000005,1.56,32.7,2.0999999999999996,94.96,59.84,22.71,287.24,0.8,316.45,0.0,13.32,0.0,32.86,12.7,45.56,170.05,270.94,-4.760000000000005,-8.629999999999995,-0.09999999999999998,1.4199999999999995,17.15625,0.98,0.17,0.02,0.0,0.0,5.2738797814207645,9.183825136612022,6.137704918032788,5.773989071038251,12.139016393442622,3.66,3.2,21.63,8.74,8.05,9,2017,,183.0,3.66
