,revenue,net_profit,eps,dps,gross_profit,ebit,ebitda,close_price,allowance_doubtful_accounts,expense,operating_profit,cash,account_receivable,inventory,current_asset,property_plant_equipment,total_asset,short_term_loan,account_payable,current_portion_long_term_debt,current_liability,non_current_liability,total_liability,paid_in_capital,total_equity,cash_flow_operation,cash_flow_investment,cash_flow_financing,depreciation,P/E,P/BV,D/E,EPS,DPS,DPR%,ROA%,ROAA%,ROE%,ROAE%,ROCE%,NPM%,NPMA%,TIE,CurrentRatio,QuickRatio,month,year,dividend,number_of_shares,return_old
2000-03-31,537.26,133.49,8.34,0.0,342.26,188.97,222.58,204.0,0.0,348.29,182.24,131.8,87.41,17.4,576.7,876.06,1540.73,0.0,65.8,0.0,556.79,15.4,572.19,160.0,968.54,137.03,-73.83,0.0,33.61,6.115,33.7,0.59,8.34,0.0,0.0,34.64,0.0,55.12,0.0,76.84,25.17,24.85,0.0,1.04,1.0,3,2000,0.0,16.00599520383693,133.49
2000-06-30,320.99,37.54999999999998,2.346874999999999,9.0,176.79999999999995,54.75999999999999,89.04999999999998,206.0,0.0,266.22999999999996,51.109999999999985,34.44,35.75,16.48,263.36,983.53,1336.63,0.0,55.2,0.0,315.18,15.36,330.54,160.0,1006.09,26.349999999999994,-144.70999999999998,-144.0,34.290000000000006,21.943680426098545,32.76,0.33,10.69,9.0,0.84,11.240411599625816,0.0,14.928671655753034,0.0,20.952829747427494,20.19,19.93,0.0,0.84,0.78,6,2000,144.0,16.0,171.04
2000-09-30,342.97,42.56,2.66,0.0,189.33000000000004,60.78999999999999,94.88999999999999,200.0,0.0,282.18000000000006,57.75000000000003,53.09,45.22,16.67,155.41,1318.08,1566.03,80.0,81.39,0.0,452.02,65.36,517.38,160.0,1048.65,116.39999999999998,-246.32000000000002,140.0,34.099999999999994,18.795394736842105,30.52,0.49,13.35,9.0,0.67,10.871131086142324,0.0,16.234966292134832,0.0,21.790082397003747,17.99,17.78,0.0,0.34,0.31,9,2000,0.0,16.0,213.6
2000-12-31,596.8199999999999,125.03999999999999,7.813153791637137,6.002126151665484,378.85,181.63,220.86,188.0,0.0,415.19000000000005,206.14999999999998,116.81,84.13,19.07,266.76,1382.21,1742.2,190.0,96.14,0.0,713.4,95.12,808.52,160.0,933.68,173.96000000000004,-122.64999999999998,14.0,39.22999999999999,6.01232245681382,32.22,0.87,21.16,15.0,0.71,28.71223245924876,0.0,53.56958185683913,0.0,69.78667611622961,19.0,18.83,0.0,0.37,0.35,12,2000,96.05671077504724,16.003780718336483,338.64
2001-03-31,597.23,150.84,9.43,0.0,394.06,218.05,260.05,197.0,0.0,379.18,213.62,103.73,86.28,19.08,343.08,1416.01,1855.68,110.0,75.24,5.0,677.05,94.1,771.15,160.0,1084.53,235.31,-83.96,-82.03,42.0,5.2225,29.06,0.71,9.43,0.0,0.0,32.52,51.35999999999999,55.64,58.76,74.0,25.46,25.26,0.0,0.51,0.48,3,2001,0.0,15.995758218451751,150.84
2001-06-30,364.40999999999997,43.21000000000001,2.7010425148157693,9.0,203.04000000000002,72.69999999999999,115.07,206.0,0.0,291.71,63.65999999999997,51.86,26.52,18.64,132.11,1498.22,1700.57,130.0,50.54,10.0,439.5,133.33,572.83,160.0,1127.74,19.349999999999994,-104.38000000000001,-76.97,42.370000000000005,19.063694746586435,29.23,0.51,12.13,9.0,0.74,10.162867302241692,17.056871940221594,15.328917289358417,16.201801597526412,20.539502190157176,20.48,20.18,0.0,0.3,0.26,6,2001,143.9777411376752,15.997526793075021,194.05
2001-09-30,351.63,30.95999999999998,1.9345700191102608,0.003390780873234943,188.66999999999996,48.089999999999975,90.11000000000001,191.0,0.0,303.55000000000007,43.710000000000036,77.91,49.74,18.48,174.92,1824.47,2067.75,280.0,63.66,10.0,621.84,287.22,909.05,160.0,1158.69,83.22999999999999,-354.61,297.5,42.019999999999996,24.674061692506477,26.37,0.78,14.06,9.0,0.64,5.988085862850537,10.264503799831111,10.688292964757117,11.222157237456106,12.895298875605521,17.38,17.13,0.0,0.28,0.25,9,2001,0.054264552225220086,16.003556187766712,225.01
2001-12-31,507.80999999999995,91.56,5.723765359951986,5.99600912087965,296.9200000000001,117.88000000000005,179.25,170.0,0.0,389.92999999999984,128.39,83.97,90.29,23.31,223.37,1848.38,2154.31,360.0,80.61,15.83,889.73,286.32,1176.06,160.0,978.25,107.61000000000001,-83.41999999999996,-18.5,61.36999999999999,7.425011740934906,27.8,1.2,19.79,15.0,0.76,16.99486874940771,27.117748365290456,37.43730107085321,38.31654547177559,41.78724705436396,17.63,17.38,0.0,0.25,0.22,12,2001,95.91493721055437,15.996462860030318,316.57
2002-03-31,575.92,148.57,9.29,0.0,379.7,211.31,262.44,210.0,0.0,364.6,208.47,261.36,96.91,17.57,497.54,1815.93,2397.98,0.0,65.84,31.1,551.3,719.86,1271.16,160.0,1126.82,208.83,-119.84,85.0,51.13,5.65,29.82,1.13,9.29,0.0,0.0,24.800000000000004,39.760000000000005,52.72,53.76,45.76,25.94,25.8,0.0,0.9,0.87,3,2002,0.0,15.992465016146395,148.57
2002-06-30,398.25,49.66,3.1039065731725772,11.0,232.8,82.38999999999999,133.66000000000003,230.0,0.0,315.87,78.01000000000002,94.7,55.46,17.79,306.48,1791.83,2181.38,0.0,48.66,34.8,296.08,708.82,1004.9,160.0,1176.48,30.03,-15.689999999999998,-181.0,51.27,18.52169150221506,31.28,0.85,12.39,11.0,0.89,9.108800887857539,15.161293447006003,16.884850930737024,17.245595520355142,15.612224184028653,20.51,20.35,0.0,1.04,0.98,6,2002,175.99112187247778,15.99919289749798,198.23
2002-09-30,382.93999999999994,32.95000000000002,2.0595531620382395,-0.00039670844062640956,217.13,56.079999999999984,107.01999999999998,242.0,0.0,326.87,51.31999999999999,208.48,59.23,17.0,328.77,1764.47,2180.6,0.0,62.49,34.8,363.2,703.96,1067.17,160.0,1113.43,48.15999999999997,74.32,-8.700000000000003,50.94,29.379855842185115,34.78,0.96,14.45,11.0,0.76,6.043256337053381,9.389852063327282,11.835660524266812,11.601911930097765,10.974781555497886,17.2,17.03,0.0,0.91,0.86,9,2002,-0.006346785972596081,15.998615916955018,231.18
2002-12-31,553.48,88.93,5.558993158601732,5.9992335463404185,339.7099999999999,136.37,186.67999999999995,290.0,0.0,417.1,143.82999999999998,248.85,102.92,19.72,396.98,1753.36,2229.09,0.0,77.28,34.8,470.26,700.47,1170.73,160.0,1058.36,178.68,-33.60999999999999,-104.7,50.31,13.039452097155065,43.84,1.11,20.01,17.0,0.85,15.957449626690826,24.64736996657399,33.61510105901097,34.9374802411671,30.714756802349193,16.84,16.75,0.0,0.84,0.8,12,2002,95.97274615287512,15.997501249375311,320.11
2003-03-31,537.64,126.08,7.88,0.0,349.01,180.5,229.08,302.0,0.0,357.14,176.04,435.18,65.54,17.34,544.03,1717.44,2343.82,0.0,58.33,34.8,463.87,695.51,1159.39,160.0,1184.44,208.05,-13.02,-8.7,48.58,9.58,40.8,0.98,7.88,0.0,0.0,21.52,30.44,42.56,43.64,38.4,23.66,23.45,0.0,1.17,1.14,3,2003,0.0,16.0,126.08
2003-06-30,218.98000000000002,-45.06,-2.814164403850901,9.0,108.28000000000003,-45.25999999999999,2.9499999999999886,292.0,0.0,264.24,50.96000000000001,100.21,29.73,15.78,236.16,1727.97,2041.34,0.0,50.52,34.8,215.2,686.76,901.96,160.0,1139.38,-62.75,-119.51,-152.70000000000002,48.21000000000001,-25.941323790501553,41.0,0.79,5.06,9.0,1.78,-8.831804492717849,-14.259916070106147,-15.817161194766726,-15.572451246605779,-16.484551962478402,10.79,10.71,0.0,1.1,1.02,6,2003,144.10671936758894,16.011857707509883,81.02
2003-09-30,338.4,19.11,1.194732847298512,-0.009368453421619339,182.76999999999992,37.01999999999998,84.72,302.0,0.0,301.38,80.38,102.31,51.11,14.7,206.88,1783.78,2071.62,0.0,55.26,34.8,230.29,682.84,913.14,160.0,1158.49,68.25,-57.44999999999999,-8.699999999999989,47.7,63.19036106750393,41.71,0.79,6.26,9.0,1.44,3.687258563866973,6.183601318286228,6.595841406171978,6.725620693098971,7.145494856686307,9.23,9.14,0.0,0.9,0.83,9,2003,-0.14985035800427227,15.995207667731629,100.13
2003-12-31,562.54,104.35,6.521875,6.0026956869009584,345.80000000000007,153.11,205.36,302.0,0.0,409.43000000000006,223.82000000000005,219.69,86.25,12.47,342.44,1836.86,2259.85,100.0,74.67,34.8,543.42,677.6,1221.01,160.0,1038.83,222.89,-100.82000000000002,-4.700000000000017,52.25,11.576095831336847,46.51,1.18,12.78,15.0,1.17,18.473542644757437,29.598493740219094,40.17230046948357,39.804870892018776,38.70258215962441,12.42,12.34,0.0,0.63,0.61,12,2003,96.04313099041534,16.0,204.48
2004-03-31,533.58,117.13,7.32,0.0,342.0,168.58,220.16,304.0,0.0,365.01,217.2,306.01,56.75,14.47,413.9,1840.87,2337.91,0.0,59.8,34.8,506.78,675.17,1181.95,160.0,1155.96,206.07,-61.06,-58.7,51.58,10.3825,42.08,1.02,7.32,0.0,0.0,20.04,28.8,40.52,40.04,36.84,22.09,21.95,0.0,0.82,0.79,3,2004,0.0,16.001366120218577,117.13
2004-06-30,379.03999999999996,36.53,2.282233502538071,8.0,208.97000000000003,59.879999999999995,112.03,324.0,0.0,319.15,101.21000000000004,108.95,51.51,13.31,220.83,1810.56,2118.14,0.0,46.37,34.8,258.12,667.54,925.66,160.0,1192.49,16.439999999999998,-26.799999999999997,-186.7,52.150000000000006,35.49154804270462,43.47,0.78,9.6,8.0,0.83,6.89424703891709,10.450727580372252,12.257495769881558,12.53326565143824,11.677428087986463,17.11,16.84,0.0,0.86,0.8,6,2004,128.05,16.00625,153.66
2004-09-30,439.0100000000001,60.72999999999999,3.795802043005737,-0.0034982974952203327,252.99,91.03,142.20999999999998,316.0,0.0,347.9900000000001,136.34999999999997,90.22,65.22,14.9,223.89,1843.57,2162.85,0.0,54.3,34.8,337.23,572.4,909.62,160.0,1253.22,84.51999999999998,-94.54,-8.699999999999989,51.17999999999999,20.810621603820188,40.34,0.73,13.4,8.0,0.6,11.228775595876671,17.098105322076588,19.386917300247212,20.14607770884836,19.828816642567283,16.11,15.86,0.0,0.66,0.62,9,2004,-0.055970149253752766,15.999253731343282,214.39
2004-12-31,678.28,151.37,9.460625,6.000373134328359,403.79999999999995,211.47000000000003,263.93000000000006,304.0,0.0,466.79999999999995,275.95000000000005,197.46,128.38,15.69,396.18,1871.82,2368.56,200.0,86.47,403.0,962.76,90.32,1053.08,160.0,1308.6,282.73,-70.91,-104.58000000000001,52.46000000000001,8.03430005945696,37.17,0.8,22.86,14.0,0.61,25.55941382327209,37.974932195975505,46.26849846894138,51.58234033245844,62.5245505249344,18.34,18.02,0.0,0.41,0.4,12,2004,96.00597014925374,16.0,365.76
2005-03-31,579.23,130.76,8.17,0.0,361.55,182.02,237.63,320.0,0.0,397.21,225.79,412.92,92.23,13.54,562.85,1830.06,2500.83,200.0,90.79,0.0,558.65,496.03,1054.68,160.0,1439.35,235.98,-17.52,-3.0,55.61,9.7925,35.57,0.73,8.17,0.0,0.0,20.919999999999998,30.08,36.32,40.31999999999999,37.48,22.97,22.57,0.0,1.01,0.98,3,2005,0.0,16.00489596083231,130.76
2005-06-30,440.06999999999994,51.34,3.2083975837451955,14.0,238.17000000000002,73.36999999999998,124.36000000000001,306.0,0.0,366.7,111.01000000000002,99.62,58.62,14.75,299.16,1804.42,2274.3,260.0,49.58,0.0,509.56,498.03,1007.6,160.0,1266.7,-50.25999999999999,-99.05,-164.0,50.989999999999995,23.844317296455003,38.65,0.8,11.38,14.0,1.23,9.033133443163097,13.115523338824824,16.216786381109284,16.701711147721035,16.31828226249314,18.33,17.87,0.0,0.59,0.56,6,2005,224.02460456942,16.001757469244286,182.1
2005-09-30,442.1100000000001,47.890000000000015,2.992214009304753,0.002723737281771211,244.12,70.56,123.46999999999997,320.0,0.0,371.55000000000007,107.99000000000001,127.3,59.62,13.16,260.94,1812.32,2550.13,260.0,60.45,0.0,518.19,717.34,1235.54,160.0,1314.59,101.59,-293.91,220.0,52.91,26.73771820839423,38.95,0.94,14.37,14.0,0.97,7.512810122179228,11.519086916822474,14.575851123961915,14.91734249315188,13.359808687334233,16.2,15.74,0.0,0.5,0.48,9,2005,0.04359306453963541,16.004871259568546,229.99
2005-12-31,642.2099999999998,136.11,8.50641027041792,5.996502699084961,408.7399999999999,203.51000000000005,252.76000000000005,318.0,0.0,438.70000000000005,265.05,132.61,97.15,15.21,290.84,1819.48,2657.68,260.0,80.19,0.0,596.82,706.16,1302.98,160.0,1354.7,228.20999999999998,-126.93999999999994,-95.94,49.25,9.346833443538316,37.56,0.96,22.88,20.0,0.87,20.49271565146135,31.333927342256217,40.18237858508604,40.88133187653647,38.20448948374761,17.76,17.4,0.0,0.49,0.46,12,2005,95.94928488352292,16.000874125874127,366.1
2006-03-31,669.75,155.69,9.73,0.0,413.6,220.12,272.01,342.0,0.0,449.63,256.26,230.31,86.83,14.72,381.71,1801.03,2772.82,160.0,67.26,0.0,554.82,707.61,1262.43,160.0,1510.39,274.46,-76.74,-100.02,51.89,8.7875,36.23,0.84,9.73,0.0,0.0,22.439999999999998,33.4,41.24000000000001,42.24,39.68,23.81,23.25,0.0,0.69,0.66,3,2006,0.0,16.001027749229188,155.69
2006-06-30,501.21000000000004,68.31,4.269375,15.0,286.56999999999994,103.32999999999998,155.71000000000004,350.0,0.0,397.88,141.06,38.23,79.82,14.4,198.77,1768.2,2561.1,160.0,68.28,0.0,514.85,707.54,1222.4,160.0,1338.7,70.29000000000002,-22.320000000000007,-240.06,52.379999999999995,20.494803103498754,41.83,0.91,14.0,15.0,1.07,10.6734375,16.321210714285716,20.407612500000003,20.98092857142857,19.285376785714284,19.64,19.13,0.0,0.39,0.36,6,2006,240.0,16.0,224.0
2006-09-30,470.3599999999999,38.72000000000003,2.4200000000000017,0.0,255.57000000000005,70.59000000000003,123.55999999999995,364.0,0.0,399.78,107.80000000000001,53.16,82.94,15.57,218.14,1765.96,2575.09,180.0,78.0,0.0,491.23,706.45,1197.68,160.0,1377.42,47.06999999999999,-52.06,19.930000000000007,52.97000000000001,37.60654958677684,42.28,0.87,16.42,15.0,0.91,6.01315468940317,9.066894031668703,11.24224116930573,11.50752740560293,11.14791717417784,16.47,16.01,0.0,0.44,0.41,9,2006,0.0,16.0,262.72
2006-12-31,697.6299999999999,149.98999999999995,9.37278500642097,7.002544159337063,445.52,216.57999999999998,266.58000000000004,394.0,0.0,481.03,275.1,97.61,123.96,18.1,289.88,1811.46,2710.89,180.0,102.11,0.0,569.95,725.53,1295.48,160.0,1415.41,256.50000000000006,-100.1,-111.95000000000005,50.0,10.511048736582442,44.54,0.92,25.79,22.0,0.85,22.125442077972423,33.07186644374984,42.39013738460419,43.32051077027451,41.459763998933866,18.15,17.65,0.0,0.51,0.48,12,2006,112.05971306708022,16.00271423032183,412.71
2007-03-31,699.14,153.04,9.559999999999999,0.0,431.44,228.29,284.98,448.0,0.0,470.85,267.97,245.15,85.42,17.51,374.71,1800.27,2789.65,180.0,77.19,0.0,592.49,628.72,1221.2,160.0,1568.45,295.79,-48.25,-100.0,56.69,11.715,45.7,0.78,9.56,0.0,0.0,21.96,32.84,39.04,39.760000000000005,41.56000000000001,22.44,21.89,0.0,0.63,0.6,3,2007,0.0,16.00836820083682,153.04
2007-06-30,468.1,27.710000000000008,1.7323540802213007,16.0,248.94,52.78999999999999,110.13999999999999,516.0,0.0,415.30999999999995,96.88999999999999,63.83,57.89,17.72,196.47,1800.65,2604.9,510.0,102.23,0.0,844.48,420.25,1264.73,160.0,1340.16,24.41999999999996,-59.709999999999994,-146.02,57.35000000000001,74.45908516780943,61.6,0.94,11.3,16.0,1.42,4.25576542185339,6.671862793914249,8.272373997233752,8.272373997233752,9.79316625172891,15.9,15.49,0.0,0.23,0.21,6,2007,255.929203539823,15.995575221238937,180.75
2007-09-30,465.77,37.58000000000001,2.349503045848029,-0.0007036518965961942,241.13,59.620000000000005,117.42999999999995,520.0,0.0,406.15999999999997,103.58999999999997,45.11,73.25,18.26,590.33,1855.86,2679.27,530.0,85.85,0.0,873.5,428.03,1301.53,160.0,1377.74,96.53000000000003,-135.26,20.0,57.80999999999999,55.337766098988816,60.39,0.94,13.65,16.0,1.17,5.6112673475930945,8.929832821875147,10.912710117711724,10.912710117711724,12.991977282095915,13.74,13.37,0.0,0.68,0.65,9,2007,-0.011254821874274512,15.994871794871795,218.33
2007-12-31,754.5000000000002,162.03,10.125810022084341,7.006810282296662,472.8399999999999,237.12000000000006,296.01,504.0,0.0,517.3600000000001,295.84,88.87,151.17,21.0,705.61,1845.77,2789.06,460.0,119.69,0.0,917.33,443.95,1361.28,160.0,1427.77,262.66999999999996,-36.96000000000001,-181.95000000000002,58.890000000000015,12.441572548293525,56.48,0.95,23.77,23.0,0.97,23.242078031338735,35.80029761278789,45.3936186770428,45.59809443684931,52.601389210221896,16.32,15.93,0.0,0.77,0.75,12,2007,112.12075553110469,16.001682793437105,380.36
2008-03-31,773.89,183.66,11.48,0.0,495.49,269.88,331.54,544.0,0.0,504.02,315.35,317.16,129.64,20.8,909.24,1806.03,2956.28,420.0,93.47,0.0,893.53,451.31,1344.84,160.0,1611.44,292.76,-24.47,-40.0,61.66,11.8475,54.01,0.83,11.48,0.0,0.0,24.84,37.56,45.6,46.2,52.32,24.24,23.73,0.0,1.02,0.99,3,2008,0.0,15.998257839721253,183.66
2008-06-30,510.9699999999999,51.55000000000001,3.2217380213426305,18.0,280.87,81.34000000000003,141.68,524.0,0.0,429.62,129.85999999999996,51.94,88.2,21.47,627.86,1796.52,2669.14,460.0,121.38,0.0,837.46,456.67,1294.13,160.0,1375.02,36.29000000000002,-44.900000000000006,-256.61,60.34,40.66555043646943,60.97,0.94,14.7,18.0,1.22,7.723404617150633,11.677156583478597,14.999710896645553,15.192576846222526,16.805637515411764,18.73,18.31,0.0,0.75,0.72,6,2008,288.0122448979592,16.000680272108845,235.21
2008-09-30,503.5600000000002,42.78999999999999,2.673605395683453,0.004414770224632548,277.9799999999999,69.48999999999995,132.53999999999996,520.0,0.0,434.07000000000005,121.98000000000008,53.57,77.85,20.97,623.04,1824.76,2694.77,460.0,128.65,0.0,816.85,460.12,1276.97,160.0,1417.8,97.19999999999999,-91.15,-4.419999999999959,63.05000000000001,48.62888525356392,58.68,0.9,17.37,18.0,1.04,6.353853237410071,9.64160287769784,12.07355251798561,12.245943884892085,13.791309352517981,15.89,15.54,0.0,0.76,0.74,9,2008,0.07065665644489627,16.00460564191134,278.0
2008-12-31,596.79,50.44,3.1528839361831693,6.9926258406043225,364.0,52.56,115.66999999999996,496.0,67.3,544.23,182.54999999999995,109.23,104.97,20.09,636.95,1808.2,2709.69,825.0,86.7,0.0,1188.91,164.55,1353.46,160.0,1356.24,151.36,-44.379999999999995,-51.33000000000004,63.109999999999985,39.32945281522601,58.51,1.0,20.53,25.0,1.22,7.445290464011691,10.572066739739373,14.878294970161976,14.491287297527707,19.11695043234685,14.06,13.77,0.0,0.54,0.52,12,2008,111.86838923955594,15.9980516317584,328.44
2009-03-31,570.51,95.61,5.98,0.0,290.13,137.96,202.15,496.0,11.43,432.55,139.55,90.33,81.75,19.19,586.81,1766.86,2620.39,0.0,62.23,685.0,1000.76,167.79,1168.54,160.0,1451.85,148.28,-22.96,-144.21,64.19,20.735,54.66,0.8,5.98,0.0,0.0,14.6,19.8,26.360000000000003,24.959999999999997,34.08,17.07,16.76,0.0,0.59,0.57,3,2009,0.0,15.98829431438127,95.61
2009-06-30,316.20000000000005,-59.6,-3.7239655651207997,16.0,91.13999999999999,-66.45,-2.420000000000016,502.0,16.8,382.64000000000004,-68.44000000000001,44.3,52.55,18.17,525.87,1752.49,2547.87,1000.0,59.24,0.0,1240.95,170.67,1411.61,160.0,1136.25,-49.61,-51.4,54.97000000000001,64.03,-33.70046602348993,70.69,1.24,2.25,16.0,7.11,-9.334740349902804,-18.139850041655098,-20.98661482921411,-19.000499861149684,-36.213496251041384,4.15,4.06,8.68,0.42,0.41,6,2009,256.0711111111111,16.004444444444445,36.01
2009-09-30,380.76,-1.7100000000000009,-0.10668804664723038,0.02355166828636048,133.61,6.829999999999998,71.46000000000001,504.0,21.19,373.94000000000005,2.8700000000000045,68.66,56.46,16.16,549.41,1758.33,2579.9,0.0,94.14,945.0,1213.79,231.57,1445.36,160.0,1134.54,94.92999999999999,-70.61999999999999,0.04999999999999716,64.63,-1180.99312865497,71.08,1.27,2.14,16.0,7.48,-0.26522448979591856,-0.5922682215743444,-0.602239067055394,-0.5364314868804668,-1.1426588921282805,2.77,2.71,9.57,0.45,0.44,9,2009,0.37748701972998333,16.02803738317757,34.3
2009-12-31,622.25,101.47000000000001,6.345144730058188,1.9636989163228908,304.07000000000005,141.85,208.48000000000002,492.0,25.92,480.39999999999986,135.49,116.4,101.22,14.5,631.04,1717.28,2618.76,260.0,81.79,0.0,592.56,822.19,1414.75,160.0,1204.01,200.83,-9.430000000000007,-143.65,66.63000000000002,19.38472331723662,65.38,1.18,8.49,18.0,2.12,15.485441555571922,24.693001399425498,33.72119319437284,31.718249981586506,32.495511526846876,7.33,7.18,11.1,1.06,1.04,12,2009,31.402991975165946,15.991755005889281,135.77
2010-03-31,639.39,125.83,7.859999999999999,0.0,340.19,175.91,241.67,470.0,7.41,463.48,175.16,157.65,73.74,12.2,638.02,1665.86,2576.72,200.0,72.04,0.0,558.52,688.35,1246.87,160.0,1329.85,256.08,-14.83,-200.0,65.76,14.95,56.55,0.94,7.86,0.0,0.0,19.52,27.08,37.84,36.2,34.88,19.95,19.68,0.0,1.14,1.12,3,2010,0.0,16.008905852417303,125.83
2010-06-30,278.68000000000006,-100.78999999999999,-6.319500798722045,6.0,61.04000000000002,-108.09,-41.869999999999976,486.0,66.01,386.77,-54.72,29.35,27.06,11.22,436.6,1612.76,2319.33,0.0,0.0,230.0,490.23,696.06,1186.3,160.0,1133.03,-53.139999999999986,-9.139999999999999,-66.01999999999998,66.21999999999998,-19.225945034229586,68.63,1.05,1.57,6.0,3.82,-17.388690095846645,-44.92078274760383,-35.58241214057508,-35.58241214057508,-59.733370607028746,2.77,2.73,0.0,0.89,0.87,6,2010,95.69426751592356,15.94904458598726,25.04
2010-09-30,347.76999999999987,-15.44,-0.965,0.019108280254777732,103.44999999999999,-11.839999999999996,50.44,480.0,69.79,359.6199999999999,-16.370000000000005,37.01,35.64,10.37,457.02,1609.57,2341.26,250.0,66.61,0.0,521.72,701.96,1223.68,160.0,1117.58,48.349999999999994,-60.69,19.99999999999997,62.28,-124.35233160621762,68.72,1.09,0.6,6.0,10.0,-2.6376666666666666,-14.668,-5.532666666666667,-5.468333333333334,-19.814666666666668,0.77,0.76,0.0,0.88,0.86,9,2010,0.3057324840764437,16.0,9.6
2010-12-31,582.47,94.4,5.9,2.0,275.65000000000003,125.53,193.15999999999997,474.0,77.06,456.93000000000006,122.71000000000001,63.42,82.01,10.97,195.52,1649.45,2443.26,210.0,129.11,0.0,564.53,698.75,1263.27,160.0,1179.99,191.76000000000002,-93.34,-71.99999999999997,67.63,20.083898305084745,64.27,1.07,6.5,8.0,1.23,15.467076923076924,26.032615384615386,31.987076923076927,31.660307692307693,35.07323076923077,5.73,5.63,0.0,0.35,0.33,12,2010,32.0,16.0,104.0
2011-03-31,630.75,123.6,7.72,0.0,325.68,170.7,236.07,492.0,6.96,460.04,166.66,165.42,54.3,9.42,256.07,1607.3,2465.43,90.0,116.44,0.0,457.43,704.41,1161.85,160.0,1303.59,245.14,-23.14,-120.0,65.37,15.9325,60.39,0.89,7.72,0.0,0.0,20.04,27.08,37.92,37.56,34.0,19.96,19.6,0.0,0.56,0.54,3,2011,0.0,16.010362694300518,123.6
2011-06-30,415.26,3.8900000000000006,0.2431822103694408,4.5,151.38,13.130000000000024,78.22000000000003,480.0,13.42,402.13999999999993,10.180000000000007,47.13,35.84,8.84,134.9,1555.18,2294.65,70.0,74.2,0.0,351.58,707.58,1059.16,160.0,1235.48,-9.899999999999977,-16.39,-92.0,65.09,493.4911760925449,62.16,0.86,7.97,4.5,0.56,0.6785912620597694,0.9727288414777632,1.259543493607342,1.314465448270453,1.1545815358067304,12.44,12.19,0.0,0.38,0.36,6,2011,71.98306148055207,15.996235884567126,127.49
2011-09-30,447.6400000000001,4.720000000000013,0.294888435065427,0.0027600950808562485,170.08999999999997,29.019999999999982,94.93,468.0,20.66,418.62,27.829999999999984,91.32,36.1,8.58,178.56,1529.94,2311.58,70.0,98.25,0.0,360.36,711.02,1071.38,160.0,1240.2,85.34999999999997,-41.16,0.0,65.91,396.7700529661006,60.38,0.86,8.26,4.5,0.54,0.81683382497542,1.3066485137281634,1.5222812192723738,1.6008229332123183,1.557981998335985,9.04,8.85,0.0,0.5,0.47,9,2011,0.044178228891041726,16.006053268765136,132.21
2011-12-31,466.40999999999985,-2.5200000000000102,-0.15758501040943854,5.995867730406481,184.07000000000005,40.26000000000002,103.61000000000001,472.0,30.74,426.1500000000001,40.77000000000001,104.27,67.64,9.39,218.78,1507.3,2300.11,110.0,123.97,0.0,440.86,723.28,1164.14,160.0,1135.97,101.65000000000003,-32.69,-56.0,63.35000000000002,-748.8053571428542,66.48,1.02,8.11,10.5,1.29,-0.43836224843858607,-0.82931297709924,-0.8876058292852222,-0.8705065926440008,-1.0578209576682902,6.76,6.62,0.0,0.5,0.47,12,2011,95.88213143728933,15.991368680641184,129.69
2012-03-31,685.32,158.67,9.92,0.0,370.08,213.62,274.73,480.0,7.32,471.7,205.4,306.39,101.16,8.38,418.86,1468.48,2473.53,60.0,291.51,0.0,450.31,728.58,1178.89,160.0,1294.64,275.59,-23.47,-50.0,61.11,12.0975,59.32,0.91,9.92,0.0,0.0,25.64,34.6,49.04,48.84,42.24,23.71,23.15,0.0,0.93,0.91,3,2012,0.0,15.994959677419354,158.67
2012-06-30,459.87,-8.769999999999982,-0.5481981320880576,3.0,180.04000000000002,4.219999999999999,65.44999999999999,488.0,47.43,455.65000000000003,27.329999999999984,206.63,93.3,7.69,310.61,1425.21,2284.42,0.0,235.75,0.0,312.07,734.48,1046.56,160.0,1237.87,22.900000000000034,-14.660000000000004,-108.0,61.230000000000004,-222.542531356899,63.08,0.85,9.37,3.0,0.32,-1.535188792528349,-2.22555570380253,-2.8340146764509613,-2.8363549032688398,-2.583610406937953,13.47,13.09,0.0,1.0,0.97,6,2012,47.99359658484526,15.997865528281752,149.9
2012-09-30,467.21000000000004,24.73999999999998,1.5455416857535493,0.0017742857268560745,176.51999999999998,38.76000000000002,100.07,480.0,54.84,428.44999999999993,34.099999999999994,195.12,87.74,7.8,295.19,1420.13,2276.84,0.0,293.43,0.0,325.09,689.14,1014.23,160.0,1262.61,105.06,-66.57,-50.0,61.31,77.64915117219084,60.83,0.8,10.91,3.0,0.27,4.346216216216213,6.335162620247361,7.8367888227210205,7.910453504351804,7.4514658726523075,11.14,10.83,0.0,0.91,0.88,9,2012,0.028401581974165424,16.00733272227314,174.64
2012-12-31,689.31,132.37,8.273933422364093,5.998331830164278,350.92999999999995,179.47999999999996,241.07000000000005,480.0,61.8,509.83000000000015,173.24,251.71,156.54,9.73,421.12,1426.95,2405.1,0.0,333.86,0.0,413.17,695.43,1108.6,160.0,1296.5,215.27000000000004,-62.68999999999998,-96.0,61.59,14.501624423963133,59.24,0.86,19.19,9.0,0.47,22.0063346470799,31.97472134458161,40.839342040975865,43.52977166867529,37.75224650662845,13.68,13.34,0.0,1.02,1.0,12,2012,95.96393200514513,15.99843668577384,307.01
2013-03-31,768.69,126.52,7.91,0.0,395.5,184.8,247.76,560.0,91.88,583.88,219.48,521.19,114.52,8.87,647.74,1408.76,2533.11,0.0,280.07,0.0,408.77,701.33,1110.1,160.0,1423.01,317.17,-47.68,0.0,62.96,17.7,62.97,0.78,7.91,0.0,0.0,19.96,29.52,35.56,37.24,34.8,17.78,16.46,0.0,1.58,1.56,3,2013,0.0,15.994943109987357,126.52
2013-06-30,431.78999999999996,39.239999999999995,2.4524999999999997,10.0,164.47000000000003,18.089999999999975,81.32999999999998,580.0,98.54,413.71000000000004,9.04000000000002,580.72,88.5,8.15,679.08,1371.09,2294.54,0.0,258.43,0.0,286.46,705.82,992.28,160.0,1302.26,24.560000000000002,194.96,-160.0,63.24,59.11853211009174,71.26,0.76,10.36,10.0,0.97,6.8366988416988415,8.389633204633203,12.054179536679536,12.35719111969112,9.563803088803088,14.7,13.81,0.0,2.37,2.34,6,2013,160.0,16.0,165.76
2013-09-30,489.54999999999995,35.870000000000005,2.264668452115261,-0.10167137826712326,202.08999999999992,48.890000000000015,112.24000000000001,610.0,98.54,440.65999999999997,44.08000000000001,159.86,115.22,8.32,287.3,1341.3,1875.93,0.0,300.58,400.0,730.01,259.39,989.4,160.0,886.53,113.63999999999999,-32.89,-501.6,63.35000000000001,67.34115974351825,110.09,1.12,12.73,10.0,0.79,7.6497049050240555,8.63171353469226,16.18179437583693,13.349624559837329,15.633862024500324,12.51,11.93,0.0,0.39,0.38,9,2013,-1.610369206598591,15.838963079340141,201.63
2013-12-31,677.2500000000002,145.89999999999998,9.32000115097977,7.882169010981754,349.97,172.64000000000001,229.71999999999997,604.0,98.54,504.6099999999999,165.21999999999997,271.96,123.95,11.73,412.73,1333.09,1981.04,0.0,348.6,400.0,805.71,256.39,1062.1,160.0,918.94,268.04999999999995,-35.19,-120.76999999999998,57.079999999999984,16.20337782727896,105.16,1.16,22.2,18.0,0.81,29.4545621960694,32.49405806692947,63.51035018559548,52.678997496619,60.638782263401716,15.23,14.68,0.0,0.51,0.5,12,2013,123.39145028767967,15.654504504504503,347.53
2014-03-31,559.72,98.04,6.49,0.0,273.59,125.34,181.94,670.0,0.0,434.38,114.12,337.18,56.74,10.0,459.87,1320.09,2020.13,0.0,274.73,400.0,746.56,256.6,1003.16,160.0,1016.97,158.08,-92.86,0.0,56.6,25.81,105.41,0.99,6.49,0.0,0.0,19.4,22.04,38.56,32.16,39.36,17.87,17.52,0.0,0.62,0.6,3,2014,0.0,15.106317411402157,98.04
2014-06-30,336.97,-33.30000000000001,-2.2066265060240973,14.0,100.84000000000003,-33.88000000000001,23.129999999999995,750.0,0.0,370.85,-34.97,69.22,67.01,9.96,149.28,1275.8,1656.95,0.0,239.56,0.0,271.67,612.96,884.63,160.0,772.32,-58.23000000000002,51.62,-261.35,57.01,-84.97368018018014,155.38,1.15,4.29,14.0,3.26,-8.044670991658947,-9.526042632066732,-17.241519925857283,-12.838554216867475,-13.579240037071367,7.32,7.22,0.0,0.55,0.51,6,2014,211.27272727272725,15.09090909090909,64.74
2014-09-30,388.0999999999999,-6.299999999999997,-0.41719712525667335,0.009146910584281196,133.68,-2.4599999999999937,53.360000000000014,800.0,0.0,390.55999999999995,-4.400000000000006,108.43,61.49,10.06,184.17,1246.28,1663.33,0.0,265.2,0.0,283.29,614.02,897.31,160.0,766.02,66.91,-27.699999999999996,0.0,55.82000000000001,-479.393523809524,167.1,1.17,3.87,14.0,3.62,-1.5135523613963033,-2.168993839835728,-3.290143737166323,-3.048665297741272,-2.7813141683778224,4.6,4.55,0.0,0.65,0.61,9,2014,0.13812544045100594,15.100775193798448,58.44
2014-12-31,648.8199999999999,116.77000000000001,7.7309057702185955,4.003276688129287,324.14,149.88,206.0,828.0,0.0,498.94000000000005,145.15,211.3,95.61,12.88,326.46,1265.91,1818.35,0.0,320.8,0.0,378.65,616.38,995.03,160.0,823.31,220.82,-57.56,-60.389999999999986,56.120000000000005,26.77590519825297,160.91,1.21,11.6,18.0,1.55,25.698597112036985,33.5094777695337,56.728853375948866,53.60983277210205,44.22611266480224,9.15,9.06,0.0,0.86,0.83,12,2014,60.46673349371832,15.104310344827587,175.21
2015-03-31,643.27,145.46,9.63,0.0,341.96,182.08,235.87,962.0,0.0,461.18,174.31,378.7,63.68,10.44,458.0,1241.17,1929.46,0.0,255.29,0.0,341.45,619.24,960.69,160.0,968.77,202.99,-35.6,0.0,53.79,24.975,158.88,0.99,9.63,0.0,0.0,30.16,36.88000000000001,60.04,58.6,45.88,22.89,22.61,0.0,1.34,1.31,3,2015,0.0,15.104880581516095,145.46
2015-06-30,364.15,-28.570000000000007,-1.8917939943536664,9.0,120.30000000000001,-31.370000000000005,22.269999999999982,990.0,0.0,395.53000000000003,-34.52000000000001,160.28,64.64,10.29,239.1,1232.28,1692.42,0.0,226.87,0.0,268.67,619.42,888.09,160.0,804.33,-40.21000000000001,-42.330000000000005,-135.87,53.64000000000001,-130.83129068953446,196.93,1.1,7.74,9.0,1.16,-6.7557087860381575,-8.799041834203098,-14.205564205663448,-14.498865600136885,-10.353539224912314,11.73,11.6,0.0,0.89,0.85,6,2015,135.91860465116278,15.102067183462532,116.89
2015-09-30,386.5200000000001,-15.010000000000005,-0.9944787985865728,-0.005207905333224766,127.65999999999997,-14.710000000000008,38.77000000000004,1000.0,0.0,401.22,-16.749999999999986,124.51,74.84,9.28,217.32,1343.48,1786.65,50.0,307.82,0.0,372.5,624.83,997.33,160.0,789.32,78.65,-164.43,50.0,53.47999999999999,-251.3911059293803,202.71,1.26,6.75,9.0,1.33,-3.3591283863368684,-4.643847663918337,-7.608131134668239,-7.720102080879468,-5.669265802905381,7.38,7.31,0.0,0.58,0.56,9,2015,-0.0786046511628058,15.093333333333332,101.88
2015-12-31,541.71,64.15,4.250135517677529,5.000180690236706,240.18000000000006,83.53,136.0,1000.0,0.0,458.1899999999998,79.3,124.83,93.75,18.98,252.12,1533.08,2002.8,180.0,383.42,0.0,597.9,627.98,1225.88,160.0,776.92,153.04000000000002,-207.22999999999996,54.52,52.47,58.82224201091192,205.94,1.58,11.0,14.0,1.27,12.812226706016986,17.75783894476902,33.02741673191592,32.069204360657714,24.156224778654465,8.65,8.58,0.0,0.42,0.39,12,2015,75.47090909090912,15.093636363636364,166.03
2016-03-31,640.93,132.93,8.8,0.0,327.3,165.63,221.76,980.0,0.0,475.3,156.33,152.61,77.49,14.56,253.58,1663.31,2139.16,180.0,350.77,0.0,597.07,632.24,1229.32,160.0,909.84,156.64,-128.86,0.0,56.13,27.84,172.34,1.35,8.8,0.0,0.0,24.84,32.56,58.44,56.6,42.96,21.05,20.74,0.0,0.42,0.4,3,2016,0.0,15.105681818181818,132.93
2016-06-30,402.5000000000001,-22.860000000000014,-1.5140310711365506,7.0,119.71999999999997,-24.789999999999992,45.30000000000001,980.0,0.0,427.28000000000003,-30.110000000000014,118.63,66.76,13.9,206.07,1663.39,2086.3,330.0,303.09,0.0,673.87,631.11,1304.99,160.0,781.31,33.390000000000015,-111.69,44.32,70.09,-161.81878937007863,200.69,1.67,7.29,7.0,0.96,-4.386328699918237,-6.189043336058876,-11.70518397383484,-11.530727718724457,-8.28251839738349,10.7,10.55,0.0,0.31,0.29,6,2016,105.69135802469135,15.098765432098764,110.07
2016-09-30,436.20000000000005,-20.47,-1.3547667410714286,0.005025077160493571,133.74,-20.460000000000008,50.420000000000016,1000.0,0.0,456.65999999999997,-26.120000000000005,148.18,78.47,15.31,255.52,1659.94,2135.6,380.0,345.96,0.0,744.82,629.94,1374.76,150.98,760.84,33.71000000000001,-54.170000000000016,49.99999999999999,70.88,-184.52916463116753,198.44,1.81,5.93,7.0,1.18,-3.8381250000000002,-5.610973214285714,-10.765026785714285,-10.563982142857144,-7.913848214285714,6.14,6.06,0.0,0.34,0.32,9,2016,0.0759269668769349,15.109612141652613,89.6
2016-12-31,589.75,63.06999999999999,4.176574965612104,5.995956957720867,258.97,83.11000000000001,162.7,1072.0,0.0,506.6600000000001,79.01000000000002,185.89,102.26,19.84,314.92,1606.16,2134.91,330.0,322.96,0.0,694.07,703.71,1397.77,150.98,737.14,162.08999999999997,-53.799999999999955,-70.58,79.59,64.16521365149833,219.57,1.9,10.11,13.0,1.29,11.815038972948189,16.260137551581842,34.222301696469515,33.32997707473636,23.33263640531866,7.47,7.38,0.0,0.45,0.43,12,2016,90.54428770872846,15.100890207715134,152.67
2017-03-31,664.43,136.04,9.01,0.0,334.71,171.51,244.56,1050.0,0.0,492.92,162.09,177.63,77.23,13.44,274.98,1561.01,2054.51,220.0,260.21,0.0,545.14,636.2,1181.34,150.98,873.17,200.64,-28.89,-180.0,73.05,29.135,181.56,1.35,9.01,0.0,0.0,26.48,32.72,62.32,61.04,45.44,20.77,20.47,0.0,0.5,0.48,3,2017,0.0,15.098779134295228,136.04
2017-06-30,404.12,-25.099999999999994,-1.662925905895078,5.0,126.78000000000003,-26.399999999999977,43.79000000000002,1000.0,0.0,430.52000000000004,-31.310000000000002,71.69,66.7,13.55,158.11,1521.76,1887.46,220.0,214.68,0.0,473.74,641.12,1114.86,150.98,772.6,-6.6699999999999875,-23.79,-75.47999999999999,70.19000000000001,-150.33253984063748,195.42,1.44,7.35,5.0,0.68,-5.32136289886425,-6.60645393906616,-12.995709392464391,-12.92330989724175,-9.285235262303946,10.52,10.38,0.0,0.33,0.31,6,2017,75.46938775510205,15.093877551020409,110.94
2017-09-30,421.85000000000014,-23.799999999999997,-1.575923800780353,0.0027729246392156786,128.35000000000002,-25.01000000000002,42.45999999999998,940.0,0.0,446.8599999999999,-30.230000000000004,125.59,72.13,14.96,221.0,1480.45,1912.82,220.0,291.43,0.0,522.66,641.36,1164.03,150.98,748.79,76.03999999999999,-22.139999999999993,0.0,67.47,-149.11740966386557,189.53,1.55,5.77,5.0,0.87,-4.981776451686939,-6.4784943768648136,-12.716639889832454,-12.607390406242825,-9.439155382143676,5.92,5.85,0.0,0.42,0.39,9,2017,0.04187740954267838,15.102253032928944,87.14
