,revenue,net_profit,eps,dps,gross_profit,ebit,ebitda,close_price,allowance_doubtful_accounts,expense,operating_profit,cash,account_receivable,inventory,current_asset,property_plant_equipment,total_asset,short_term_loan,account_payable,current_portion_long_term_debt,current_liability,non_current_liability,total_liability,paid_in_capital,total_equity,cash_flow_operation,cash_flow_investment,cash_flow_financing,depreciation,P/E,P/BV,D/E,EPS,DPS,DPR%,ROA%,ROAA%,ROE%,ROAE%,ROCE%,NPM%,NPMA%,CurrentRatio,QuickRatio,month,year,dividend,number_of_shares,return_old
2000-03-31,-567.22,-1450.16,-18.63,0.0,5.81,-1028.13,-1025.29,3.2,0.0,460.91,-305.58,79.54,51.51,3791.86,4188.79,57.25,7177.34,2922.76,93.31,7084.72,15229.35,1750.94,16980.29,778.26,-9802.95,37.13,-2.09,2.23,2.84,-0.0425,-0.04,-1.73,-18.63,0.0,0.0,-80.8,0.0,59.15999999999999,0.0,51.07999999999999,-1097.11,255.66,0.28,0.03,3,2000,0.0,77.84004294149223,-1450.16
2000-06-30,966.56,-530.3699999999999,-6.81530524657541,0.0,30.220000000000002,-202.27999999999997,-199.59000000000015,3.2,9.27,1168.84,229.64,97.95,55.39,3736.26,4159.44,55.24,6929.88,2700.79,101.53,7183.21,15448.68,1814.52,17263.2,778.26,-10333.32,41.550000000000004,-6.15,-16.91,2.6900000000000004,-0.1213628693176462,-0.04,-1.67,-25.45,0.0,0.0,-30.613976258880193,0.0,20.534287084770234,0.0,15.467663302247374,-680.36,-495.95,0.27,0.03,6,2000,0.0,77.8204322200393,-1980.53
2000-09-30,271.21999999999997,-548.72,-7.0508648808935455,0.0,29.33,-351.6399999999999,-348.91999999999985,3.2,9.27,622.8600000000001,-22.620000000000005,69.33,53.79,3648.57,4047.07,74.57,6896.86,2658.54,102.09,7414.93,15882.17,1896.72,17778.89,778.26,-10882.04,97.51999999999998,-121.82000000000001,-4.170000000000002,2.7199999999999998,-0.1152340902463916,-0.04,-1.63,-32.5,0.0,0.0,-31.822180330137396,0.0,20.167643056241968,0.0,15.281936068004349,-481.47,-377.18,0.25,0.03,9,2000,0.0,77.82307692307693,-2529.25
2000-12-31,-94.96999999999991,112.07000000000016,1.4400641243101489,0.0,75.74,-125.8900000000001,-122.41000000000008,3.2,0.0,30.909999999999854,-251.14999999999998,123.47,42.52,3603.0,4023.34,53.62,6051.56,1920.39,88.75,7495.48,14863.37,1958.17,16821.53,778.26,-10769.97,48.120000000000005,15.180000000000007,-8.2,3.4800000000000004,0.5392120995806184,-0.04,-1.56,-31.06,0.0,0.0,7.407103815189612,-0.0,-4.16162768184414,-0.0,-3.5941329979563017,-300.01,-419.95,0.27,0.03,12,2000,0.0,77.82292337411461,-2417.18
2001-03-31,135.83,-464.79,-5.97,0.0,28.0,-186.97,-183.1,3.2,0.0,322.8,-11.1,132.2,40.28,3472.56,3858.62,45.02,5999.21,1931.86,95.54,7565.82,15651.2,1582.77,17233.97,778.26,-11234.76,-2.33,-0.34,11.47,3.87,-0.135,-0.04,-1.53,-5.97,0.0,0.0,-31.000000000000004,-11.36,16.56,17.68,7.759999999999999,-281.15,-342.19,0.25,0.02,3,2001,0.0,77.85427135678393,-464.79
2001-06-30,218.52,-457.15000000000003,-5.875900275505998,0.0,29.92,-175.25000000000003,-174.9,3.2,0.0,393.77000000000004,-17.810000000000002,128.14,47.59,3260.38,3650.42,44.7,5918.34,1931.96,82.11,7598.76,15979.92,1630.32,17610.25,778.26,-11691.91,-3.8600000000000003,0.16000000000000003,0.10999999999999943,0.34999999999999964,-0.13612807612381056,-0.04,-1.51,-11.85,0.0,0.0,-30.901781026964876,-11.18652406881142,15.649233138815974,16.601277740416943,7.140334512007289,-309.16,-260.18,0.23,0.02,6,2001,0.0,77.80084388185655,-921.94
2001-09-30,126.46999999999997,-243.99,-3.1369036734623865,0.0,34.8,40.120000000000005,41.98000000000002,3.2,0.0,86.34999999999991,-17.819999999999997,139.3,41.69,3238.89,3635.23,45.0,5926.35,1931.78,85.42,7536.44,16177.3,1684.95,17862.25,778.26,-11935.9,13.64,-2.09,-0.1899999999999995,1.8600000000000003,-0.2508763678839297,-0.03,-1.5,-14.99,0.0,0.0,-16.465082123283562,-4.202069764051014,8.178131791788529,8.554811352311031,2.6283862667570093,-259.26,-242.49,0.22,0.02,9,2001,0.0,77.78052034689793,-1165.93
2001-12-31,462.03000000000003,5517.22,70.89110820009698,0.0,43.31999999999999,366.37,367.99,3.82,0.0,95.66000000000008,-58.26,110.86,11.66,3448.54,3788.44,42.64,5876.01,0.12,42.16,265.57,540.14,4859.47,5399.62,778.26,476.39,-22.05,-4.859999999999999,-1.5200000000000014,1.62,0.013801801450730622,1.04,11.33,55.91,0.0,0.0,375.5669155583746,3.7531332547359524,4632.53295073415,-428.7701153451046,4.2095954073389725,732.61,461.5,7.01,0.63,12,2001,0.0,77.82668574494724,4351.29
2002-03-31,278.15,65.86,0.85,0.0,73.77,65.86,67.24,7.7,0.0,212.28,21.99,132.64,7.41,3392.86,3748.65,35.68,5844.97,0.12,50.67,355.8,598.36,4721.4,5319.76,778.26,525.21,30.07,-3.03,-4.94,1.38,2.265,1.9,10.13,0.85,0.0,0.0,4.52,4.44,50.16,-4.92,5.04,28.11,23.68,6.26,0.59,3,2002,0.0,77.48235294117647,65.86
2002-06-30,476.70000000000005,189.36,2.4335898440561086,0.0,223.41000000000003,189.36,174.60000000000002,12.1,0.0,287.35,163.42,98.72,8.07,3380.5,3703.56,39.62,5765.7,0.12,75.32,346.39,582.7,4485.66,5068.36,778.26,697.34,270.8,-9.96,-294.77,-14.760000000000002,1.2433483840304183,2.25,7.27,3.28,0.0,0.0,13.147320742888489,12.969253193323409,108.62120523469949,-13.770557166366272,14.60153906433665,37.26,33.81,6.36,0.55,6,2002,0.0,77.8109756097561,255.22
2002-09-30,462.55000000000007,113.97999999999999,0.1481863488624052,0.0,178.58999999999997,113.97999999999999,115.22,8.7,0.0,348.57000000000005,101.41999999999999,172.55,8.3,3320.29,3719.88,42.94,5776.03,0.12,83.08,342.32,558.56,4423.58,4982.14,778.26,793.89,128.26999999999998,37.51,-91.95000000000005,1.2400000000000002,14.681514300754518,1.42,6.28,0.48,0.0,0.0,7.890923076923077,7.792132177681472,57.43455904658721,-8.187295774647886,8.742994582881908,32.53,30.33,6.66,0.72,9,2002,0.0,769.1666666666666,369.2
2002-12-31,2418.8199999999997,1972.64,2.6365435725754107,0.0,282.08000000000004,1931.18,1949.1599999999999,9.3,0.0,487.6399999999999,194.40000000000003,289.2,8.75,4171.16,4496.25,43.91,7365.41,0.12,85.34,489.03,774.03,4059.25,4833.28,778.26,2532.13,368.46000000000004,-137.05,-114.75999999999999,17.98,0.8814665625760403,0.48,1.91,3.13,0.0,0.0,107.14643528165887,117.08612031564924,311.6007023537048,524.5458190141086,117.59152802924196,128.88,64.4,5.81,0.42,12,2002,0.0,748.1916932907349,2341.84
2003-03-31,641.72,156.47,0.21,0.0,229.63,156.55,159.12,7.9,0.0,485.17,147.8,279.21,9.64,4193.27,4498.32,212.36,7529.53,0.12,164.18,577.24,964.28,3890.96,4855.23,786.36,2674.3,196.96,-150.98,-55.97,2.57,9.405,0.39,1.82,0.21,0.0,0.0,8.32,9.36,23.399999999999995,39.12,9.52,24.86,24.38,4.66,0.32,3,2003,0.0,745.0952380952381,156.47
2003-06-30,921.1099999999999,231.92999999999998,0.31051390319258493,0.0,286.59000000000003,233.56,236.73000000000002,8.75,0.0,687.54,207.76999999999998,273.55,4.73,3897.06,4205.79,223.44,8201.91,50.12,192.38,668.57,1089.09,4215.24,5304.33,5970.59,2897.58,391.5799999999999,-885.9100000000001,488.65999999999997,3.1700000000000004,7.046061311602639,3.0,1.83,0.52,0.0,0.0,11.321814624098867,13.352097837281153,32.00681771369722,51.616964984552006,13.089355303810505,25.41,24.85,3.86,0.28,6,2003,0.0,746.9230769230769,388.4
2003-09-30,947.94,228.75,0.3039374544276108,0.0,299.25,230.90999999999997,234.35000000000002,13.5,0.0,717.05,177.50000000000006,218.34,2.84,3923.68,4189.19,253.58,8529.21,360.01,236.43,700.15,1464.55,3943.11,5407.66,6024.16,3121.55,47.280000000000086,-214.69999999999982,112.21999999999997,3.4399999999999995,11.101955191256831,4.34,1.73,0.82,0.0,0.0,10.734181317345865,12.869156606983717,29.311431580653004,46.7322368954063,13.032244997164383,25.47,24.58,2.86,0.18,9,2003,0.0,752.6219512195122,617.15
2003-12-31,1616.6699999999996,539.4900000000001,0.7183000760824458,0.0,527.81,548.26,553.47,12.4,0.0,1068.3999999999999,275.64,244.18,1.86,3661.59,3965.2,314.33,8593.15,848.13,257.04,335.96,1621.16,2851.41,4472.57,6024.16,4120.59,-102.81000000000006,-688.94,817.59,5.210000000000001,4.31470092124043,3.02,1.09,1.54,0.0,0.0,25.11251694563564,27.33271718079956,52.37060554710196,64.87089258541985,31.28803188546134,30.78,28.02,2.45,0.19,12,2003,0.0,751.0649350649351,1156.64
2004-03-31,802.11,341.12,0.48,0.0,192.73,349.59,384.67,10.5,0.0,452.52,42.31,253.45,4.96,5243.92,5565.26,336.59,10480.54,972.32,321.69,311.81,1762.17,4161.9,5924.06,7793.94,4459.38,-473.57,-430.62,913.47,35.08,5.47,3.06,1.33,0.48,0.0,0.0,13.0,15.52,30.6,38.24,16.04,73.44,42.53,3.16,0.18,3,2004,0.0,710.6666666666667,341.12
2004-06-30,1125.3200000000002,256.78,0.3435758488041479,0.0,426.94999999999993,271.62000000000006,268.17,7.4,0.0,853.7,246.60000000000002,286.49,2.55,6004.2,6369.39,350.57,11367.31,1301.52,207.36,458.33,2097.19,4553.79,6650.98,7793.94,4716.33,-52.88000000000005,-790.9399999999999,876.8499999999999,-3.4499999999999993,5.384546109510087,2.04,1.41,0.8,0.0,0.0,9.036044823549087,10.908533199531693,21.78270881418297,26.987882923565817,11.509790934938952,38.0,31.02,3.04,0.17,6,2004,0.0,747.3749999999999,597.9
2004-09-30,1106.49,164.64,0.2159099850499646,0.0,396.5100000000001,198.18999999999994,204.70999999999992,5.6,0.0,908.3,158.10999999999996,588.66,6.28,6075.64,6751.02,360.33,12365.62,963.65,207.64,295.92,1632.76,5851.89,7484.65,4682.16,4880.97,98.09000000000003,-613.6600000000001,817.74,6.52,6.484183673469387,0.9,1.53,1.0,0.0,0.0,5.3286584310331255,6.77093713116689,13.490055865921786,16.460977260209297,6.589572743724919,28.88,25.13,4.13,0.41,9,2004,0.0,762.54,762.54
2004-12-31,1502.4300000000003,252.98000000000002,0.3313212935244998,0.0,544.8899999999999,296.5400000000001,303.1300000000001,5.25,0.0,1205.88,280.64,351.7,23.37,6239.28,6673.72,379.79,12328.72,402.95,231.94,144.58,1027.68,6167.08,7194.76,4682.16,5133.96,518.99,-364.56999999999994,-391.3800000000001,6.590000000000003,3.9640524942683215,0.8,1.4,1.33,0.0,0.0,8.210789349298881,10.632175043327557,19.70988025838979,21.87218764770758,9.83501102883252,24.61,22.39,6.49,0.42,12,2004,0.0,763.5488721804511,1015.52
2005-03-31,856.79,75.74,0.1,0.4,307.81,129.9,137.48,6.4,0.0,726.88,113.42,802.64,14.96,7199.13,8109.39,402.2,13350.4,1650.01,255.56,511.91,2643.63,5497.08,8140.71,4690.53,5209.69,-87.41,-392.63,930.98,7.58,16.0,0.96,1.56,0.1,0.4,4.0,2.28,4.36,5.8,6.28,4.84,9.01,8.84,3.07,0.34,3,2005,302.96,757.3999999999999,75.74
2005-06-30,1448.9900000000002,240.99,0.31195624033088115,0.007824961323524861,391.24999999999994,298.26,306.12,6.55,0.0,1150.7399999999998,156.59999999999997,533.27,25.39,7075.91,7719.49,412.78,13387.38,1725.01,295.88,455.4,2708.27,5541.12,8249.39,4690.53,5138.0,279.65999999999997,-339.1,-209.94000000000005,7.859999999999999,5.250576164986099,1.0,1.61,0.41,0.4,0.98,7.213036971553058,10.530425283364378,18.747809175007102,19.569547564171376,12.204336816847155,14.75,13.74,2.85,0.24,6,2005,6.044878048780561,772.5121951219513,316.73
2005-09-30,1377.81,180.32999999999998,0.23218766346115155,0.002134305815757592,485.3900000000001,251.28000000000003,299.43999999999994,5.5,0.0,1126.5300000000002,236.81,459.87,38.22,6926.28,7543.31,434.87,13503.01,1725.01,308.96,1205.4,3491.02,4693.66,8184.69,4695.21,5318.32,384.28999999999996,-363.3399999999999,-94.34999999999991,48.160000000000004,5.91934980313869,0.81,1.54,0.64,0.4,0.63,5.340316259606486,7.618657707319035,13.568466583511043,14.148935742163923,9.853463968132619,14.16,13.49,2.16,0.18,9,2005,1.6576219512194825,776.65625,497.06
2005-12-31,2105.0,595.5800000000002,0.7631168545907161,0.0019480341191976407,519.6099999999999,685.03,656.23,5.6,0.0,1419.9699999999998,153.83999999999997,502.8,31.49,7625.47,8223.18,430.81,13861.16,225.01,243.36,1906.06,2710.87,5212.86,7923.73,4695.21,5937.43,464.74,-163.66000000000008,-258.15000000000003,-28.800000000000004,1.8345814164343999,0.74,1.33,1.4,0.4,0.29,17.181030897642408,22.71907892810075,40.11814321276908,43.03979059891638,26.68728657197248,21.63,18.88,3.03,0.22,12,2005,1.5203571428572218,780.457142857143,1092.64
2006-03-31,1129.53,10.34,0.01,0.0,354.45,106.08,116.98,5.3,0.0,1023.45,100.67,320.56,38.02,7492.25,7988.12,429.68,13535.17,150.01,292.37,1753.66,2479.72,5107.68,7587.4,4695.21,5947.78,168.27,-7.66,-342.84,10.9,132.5,0.7,1.28,0.01,0.0,0.0,0.32,3.1599999999999997,0.68,0.76,3.8400000000000003,0.93,0.92,3.22,0.2,3,2006,0.0,1034.0,10.34
2006-06-30,910.98,-38.61,-0.05463035019455253,0.35,284.93,49.290000000000006,60.60000000000001,3.48,0.0,861.69,41.11,206.67,45.17,7300.38,7683.16,442.08,13349.77,150.01,192.05,3176.66,3856.64,3857.85,7714.49,4695.21,5635.28,121.52000000000001,-124.18,-111.23000000000002,11.31,-15.925213675213675,0.48,1.37,-0.04,0.35,-8.75,-1.1472373540856031,6.337120622568093,-2.731517509727626,-2.8407782101167314,8.959377431906614,-1.4,-1.39,1.99,0.1,6,2006,247.36249999999998,706.75,-28.27
2006-09-30,913.3799999999999,-44.010000000000005,-0.054799391256225786,0.041994673491975686,281.23,15.629999999999995,35.73999999999998,4.1,0.0,897.7499999999998,12.539999999999992,157.31,34.23,7420.37,7722.69,464.92,13399.36,280.02,230.31,2709.68,3609.95,4198.15,7808.1,4695.33,5591.26,117.12,-157.86999999999998,-8.620000000000005,20.11,-18.706412179050215,0.57,1.4,-0.09,0.35,-3.89,-1.3151853901494193,3.0931211953514115,-3.141831765356945,-3.2392529053680135,4.262174875484228,-2.47,-2.45,2.14,0.08,9,2006,33.72638888888892,803.1111111111112,-72.28
2006-12-31,1579.9200000000005,84.27,0.1405671392827356,-0.11887220832174965,462.68999999999994,157.69,171.95,3.66,0.0,1422.23,141.22000000000003,312.74,33.78,8016.19,8451.76,364.23,13176.13,280.41,290.13,1296.15,2315.53,5185.02,7500.54,4695.33,5675.59,618.6099999999999,-26.08000000000004,-437.09,14.259999999999998,6.50934496262015,0.5,1.32,0.02,0.35,17.5,2.530208507089241,68.31562969140951,5.903819849874895,5.903819849874895,85.18368640533777,0.27,0.26,3.65,0.19,12,2006,-71.26388888888891,599.5,11.99
2007-03-31,1002.19,5.93,0.01,0.0,273.47,62.32,78.03,3.0,0.0,939.87,36.82,180.32,35.11,7700.68,7995.75,365.36,13127.29,560.41,428.13,1596.55,3024.23,4421.54,7445.77,4724.47,5681.52,89.24,-27.62,-194.04,15.71,75.0,0.42,1.31,0.01,0.0,0.0,0.2,1.88,0.4,0.4,2.48,0.61,0.59,2.64,0.1,3,2007,0.0,593.0,5.93
2007-06-30,1434.2599999999998,19.82,0.02309126213592233,0.0,418.01,78.0,91.87,3.48,0.0,1356.2600000000002,66.06,286.29,27.92,8088.67,8461.1,372.21,13168.96,393.0,403.65,1447.73,2679.72,4787.91,7467.63,4724.47,5701.34,223.48000000000002,-155.92,38.400000000000006,13.869999999999997,37.6765893037336,0.48,1.31,0.03,0.0,0.0,0.6157669902912621,3.26356504854369,1.3854757281553398,1.3854757281553398,4.125638834951457,1.07,1.06,3.16,0.14,6,2007,0.0,858.3333333333334,25.75
2007-09-30,1827.2399999999998,199.33,0.2568229074106984,0.0,556.23,268.32,284.53,3.44,0.0,1558.9299999999998,249.61,187.0,27.33,7850.72,8131.8,387.1,12850.05,260.18,501.91,1368.01,2538.06,4411.32,6949.38,4724.95,5900.67,642.0,-138.79,-602.5,16.21,3.348026890081774,0.46,1.18,0.29,0.0,0.0,6.1991736271547895,11.01681713168651,13.496486582548428,13.886148924826728,14.027844322018836,5.35,5.28,3.2,0.11,9,2007,0.0,776.1379310344829,225.08
2007-12-31,2069.55,186.53,0.23564927965792865,0.0,622.74,242.80000000000007,263.67,3.98,0.0,1826.7400000000002,231.63,424.06,33.45,7991.85,8502.16,401.0,12911.03,321.64,420.04,1566.09,2816.95,4006.89,6823.84,4724.95,6087.2,368.14999999999986,-63.81,-67.28999999999996,20.869999999999997,4.2202547847531235,0.51,1.12,0.52,0.0,0.0,5.782470785452248,9.04530696533126,12.253762542212288,12.688807366196157,11.69182964456646,6.57,6.5,3.02,0.18,12,2007,0.0,791.5576923076923,411.61
2008-03-31,2058.4,157.7,0.2,0.0,539.69,214.6,234.43,4.3,0.0,1843.8,232.73,265.68,17.18,8271.8,8640.95,394.05,12360.64,221.41,507.43,1019.35,2199.27,3916.18,6115.45,4726.11,6245.19,647.37,-45.99,-759.76,19.83,5.375,0.54,0.98,0.2,0.0,0.0,5.119999999999999,6.72,10.12,10.56,8.44,7.74,7.66,3.93,0.17,3,2008,0.0,788.4999999999999,157.7
2008-06-30,1860.15,294.76,0.37133271449409894,0.24,610.75,349.84000000000003,371.68,4.08,0.0,1510.3,326.91999999999996,468.6,19.2,8098.94,8675.24,398.83,12488.33,118.02,432.41,673.67,1679.62,4457.89,6137.51,4726.11,6350.82,433.9899999999999,-121.76999999999998,-109.29999999999995,21.840000000000003,2.747670647306283,0.51,0.97,0.57,0.24,0.42,9.433153869955355,11.465711886133583,18.553606506652525,19.569885514741635,13.602503646731202,11.67,11.55,5.17,0.34,6,2008,190.50947368421052,793.7894736842105,452.46
2008-09-30,1770.13,267.9800000000001,0.3384900893898174,-0.0006357518358663893,592.8899999999999,324.9899999999999,353.78,3.2,0.0,1445.1399999999999,298.6,424.33,25.49,9312.74,9872.74,390.77,13164.88,268.0,432.93,1133.13,2285.79,4256.29,6542.08,4726.33,6622.8,-77.80999999999995,-366.65999999999997,400.19999999999993,28.789999999999992,2.365800432868124,0.38,0.99,0.91,0.24,0.26,8.13864083060352,10.177020709566378,16.18800954971962,17.125366720337574,12.170764532785523,12.81,12.66,4.32,0.24,9,2008,-0.503319838056683,791.6923076923077,720.44
2008-12-31,1928.9299999999994,84.1099999999999,0.10663377043067541,-0.000887796809492183,624.98,248.16999999999996,279.5300000000001,2.28,0.0,1680.7700000000004,265.96000000000004,455.05,33.8,8931.08,9591.12,400.59,12932.87,528.27,472.88,960.88,2481.66,3747.99,6229.64,4726.33,6704.81,325.44000000000005,121.54999999999995,-416.27,31.36,5.35665200332898,0.27,0.93,1.02,0.24,0.24,2.6010276552109843,3.6799105089801714,5.0180597849729605,5.260599341246654,4.549707538375484,10.67,10.56,3.86,0.27,12,2008,-0.7002714932126821,788.7745098039215,804.55
2009-03-31,1472.03,121.35,0.15,0.0,432.26,222.52,245.14,2.3,0.0,1249.51,215.66,306.84,26.83,8680.34,9160.35,412.16,12765.41,266.77,286.86,1183.62,2708.84,3233.84,5942.68,4726.33,6824.38,249.3,-80.4,-317.11,22.62,3.8325,0.27,0.87,0.15,0.0,0.0,3.7999999999999994,7.08,7.12,7.44,8.84,8.36,8.24,3.38,0.18,3,2009,0.0,809.0,121.35
2009-06-30,1301.66,60.629999999999995,0.0766287504121332,0.36,365.41999999999996,150.21,173.45,2.64,0.0,1151.45,138.71,374.36,59.94,8622.0,9179.36,405.6,12884.51,252.64,672.82,862.22,2364.88,3918.29,6283.17,4726.33,6603.05,412.60999999999996,-377.07000000000005,31.99000000000001,23.24,8.614260267194458,0.31,0.95,0.23,0.36,1.57,1.879070227497527,3.9180613254203758,3.6781800197823933,3.744813715792944,4.717665677546983,6.71,6.56,3.88,0.24,6,2009,284.8382608695652,791.2173913043478,181.98
2009-09-30,1404.8399999999997,82.91,0.10641926837555213,-0.00560462341217932,424.23000000000013,196.29999999999995,219.82,4.78,0.0,1208.54,199.89999999999998,763.01,25.09,8441.14,9387.16,397.52,13891.77,5.51,389.2,1485.81,2274.17,4936.36,7210.53,4726.33,6685.08,489.67999999999995,-888.5,787.46,23.519999999999996,11.230109154504886,0.56,1.08,0.34,0.36,1.06,2.391303559968289,5.270883763071464,4.957885914908076,4.982925742761146,6.134757824002417,6.46,6.34,4.13,0.42,9,2009,-4.366496163682882,779.0882352941176,264.89
2009-12-31,1772.29,138.74,0.17530262864504623,0.00561454797710774,563.78,271.59000000000003,294.23,3.86,0.0,1500.6999999999998,268.34000000000003,740.59,61.06,8708.71,9640.14,341.69,14476.74,0.0,840.17,1230.97,4052.18,3604.48,7656.65,4726.33,6825.55,82.0,-314.8899999999999,210.45999999999998,22.64,5.5057645596079,0.45,1.12,0.51,0.36,0.71,3.8360339915268935,8.4282754007383,8.125792433664495,8.208287788320987,11.081875975522138,6.9,6.78,2.38,0.23,12,2009,4.4435294117647,791.4313725490196,403.63
2010-03-31,2472.03,232.02,0.3,0.0,679.95,425.3,448.47,3.96,0.0,2046.73,388.91,1166.06,205.58,8481.81,10005.9,318.66,15699.84,0.0,751.44,860.6,3604.84,5043.64,8648.48,4726.34,7057.04,616.95,-823.3,631.82,23.17,3.2999999999999994,0.44,1.23,0.3,0.0,0.0,5.92,11.96,13.16,13.36,14.08,9.63,9.39,2.78,0.42,3,2010,0.0,773.4000000000001,232.02
2010-06-30,1910.9999999999995,113.4,0.14445023449713393,0.25,638.3899999999999,270.31,292.90999999999997,4.06,0.0,1640.69,270.21999999999997,799.48,195.3,9244.37,10419.66,311.01,15894.3,0.0,463.66,2431.35,3698.88,5225.85,8924.72,4726.34,6969.58,177.18999999999994,-798.6600000000001,254.89,22.6,7.028718253968255,0.46,1.28,0.44,0.25,0.57,2.8496091714434604,6.342678478374153,6.513392391870766,6.684106305367379,7.485148514851485,8.05,7.88,2.82,0.32,6,2010,196.26136363636365,785.0454545454546,345.42
2010-09-30,1794.7600000000002,61.15999999999997,0.0782212602685818,-0.001010647574669447,606.1600000000001,210.98000000000002,236.76,4.62,0.0,1583.7799999999997,228.89,694.84,95.9,9644.76,10724.9,309.73,16949.8,0.0,579.37,2845.85,4175.99,5743.34,9919.33,4726.34,7030.47,-461.26,-547.6300000000001,904.26,25.779999999999994,14.758136036625254,0.52,1.41,0.52,0.25,0.48,1.444084804958433,3.538007772148161,3.47783757194156,3.5680928722514613,4.2720842146686975,6.7,6.58,2.57,0.26,9,2010,-0.7902097902098149,781.8846153846154,406.58
2010-12-31,2584.000000000001,143.86000000000007,0.1829481869050215,0.001417397550491124,892.0999999999999,264.13,293.0200000000001,4.16,0.0,2319.87,262.68000000000006,2017.85,88.21,10123.0,12505.49,312.01,19728.93,0.0,800.75,2834.33,4291.05,8263.45,12554.5,4726.34,7174.43,81.22000000000003,-999.4699999999998,2241.26,28.89,5.681936605032669,0.46,1.75,0.7,0.25,0.36,2.916716808371486,7.161114744567985,8.018357677494372,8.21698713756268,7.9242700385146465,6.39,6.28,2.91,0.56,12,2010,1.1145604395604778,786.3428571428573,550.44
2011-03-31,1931.91,136.2,0.17,0.0,692.55,302.34,326.04,4.4,0.0,1629.57,278.0,1219.82,87.09,11129.93,12697.0,311.39,19750.7,0.0,711.9,3837.04,5105.2,7336.18,12441.39,4726.38,7309.32,-99.97,-694.49,-3.58,23.7,6.47,0.47,1.7,0.17,0.0,0.0,2.76,6.84,7.44,7.6,8.24,7.18,7.05,2.49,0.31,3,2011,0.0,801.1764705882351,136.2
2011-06-30,2266.49,158.32,0.032253157680293354,0.33,780.25,309.86000000000007,335.72999999999996,0.71,0.0,1956.6299999999999,272.38,854.3,89.66,12353.25,13551.96,307.23,20138.33,0.0,725.23,3561.38,4872.95,8058.98,12931.93,4726.38,7206.41,255.09,-806.47,185.86,25.87,5.501786887316826,0.47,1.79,0.06,0.33,5.5,3.1393073475485536,7.3107157408664944,8.79436099415999,8.944875730001359,8.622344153198425,7.15,7.02,2.78,0.25,6,2011,1619.8600000000001,4908.666666666667,294.52
2011-09-30,2180.2800000000007,178.31,0.03771122813696255,-0.012588245246706046,801.6800000000001,306.65999999999997,339.6,0.66,0.0,1873.6100000000006,288.97,1304.17,96.61,12998.21,14653.35,318.53,21050.04,0.0,781.19,4983.12,6388.13,7278.89,13667.02,4726.46,7381.91,-167.96,-21.190000000000055,639.02,32.940000000000005,4.375354719309068,0.42,1.85,0.1,0.33,3.3,3.394010532326629,7.300893767315948,9.669158894317196,9.895426263138972,9.457976016750207,7.53,7.41,2.29,0.26,9,2011,-59.521000000000186,4728.299999999999,472.83
2011-12-31,1867.08,15.300000000000011,0.003134410915125072,0.010343556019912685,657.8600000000001,148.9799999999999,174.40999999999997,0.69,0.0,1718.1099999999997,97.57999999999993,1134.8,81.75,12968.73,14412.65,328.63,21378.67,0.0,929.8,5940.12,7935.35,6053.64,13988.98,4726.46,7345.33,-90.22,-620.06,540.9100000000001,25.429999999999993,55.034264705882315,0.44,1.9,0.1,0.33,3.3,0.2858582754594065,0.6519574703460149,0.833753303423269,0.8425296539856192,0.9954889066437227,6.04,5.92,1.82,0.18,12,2011,50.48999999999978,4881.299999999999,488.13
2012-03-31,1883.09,78.41,0.02,0.0,672.32,225.81,253.31,1.3,0.0,1657.28,193.16,1022.46,33.35,13458.29,14762.8,327.49,21487.99,0.0,856.46,5167.76,6430.08,7590.28,14020.35,4726.46,7424.14,311.31,-369.05,-54.6,27.5,16.25,0.83,1.89,0.02,0.0,0.0,1.4399999999999997,4.4,4.24,4.24,6.0,4.24,4.16,2.3,0.2,3,2012,0.0,3920.4999999999995,78.41
2012-06-30,2471.9700000000003,108.00999999999999,0.023175624932947107,0.04,840.2599999999999,253.64999999999998,283.47999999999996,1.12,0.0,2218.3100000000004,224.47,1066.58,67.29,13870.51,15250.54,348.82,22941.09,0.0,1129.98,4829.53,6477.02,8288.97,14766.0,5514.19,8132.1,266.56,-1270.8500000000001,945.44,29.83,12.081659105638366,0.76,1.82,0.04,0.04,1.0,1.8772256195687158,5.168164360047205,5.3072181096448885,5.631676858706148,6.744106855487609,4.36,4.28,2.35,0.21,6,2012,186.42000000000002,4660.5,186.42
2012-09-30,2163.24,57.57000000000002,0.01179761465633838,0.0017976146563383727,799.2800000000002,218.24000000000007,243.63,1.06,0.0,1945.0100000000002,186.69000000000005,1083.26,46.62,13816.23,15082.8,374.71,23984.19,0.0,968.93,5768.42,7199.14,8428.31,15627.44,5520.8,8275.68,-32.52999999999997,-984.06,1136.25,25.39,22.46216779572693,0.71,1.89,0.05,0.04,0.8,0.9626853559572117,2.925808434771918,2.7842370588958576,2.9446846182220594,3.9262461576294125,3.81,3.74,2.1,0.18,9,2012,8.771999999999991,4879.8,243.99
2012-12-31,2781.1400000000003,-10.180000000000007,-0.0021769813096103687,-0.001741585047688295,961.4200000000001,147.15999999999997,188.4000000000001,1.05,0.0,2633.9699999999993,162.19999999999993,960.26,145.21,13421.47,14758.61,1095.36,25872.02,0.0,1447.47,5428.91,7409.86,10156.98,17566.84,5641.05,8270.55,-162.05,-1270.69,1302.0400000000002,41.239999999999995,-120.57981335952842,0.72,2.12,0.05,0.04,0.8,-0.15674265429194656,-0.6234874470724097,-0.49286856849578753,-0.5207339292588002,-0.7976459518412391,2.57,2.51,1.99,0.18,12,2012,-8.144000000000005,4676.2,233.81
2013-03-31,2468.56,83.42,0.01,0.0,896.65,276.22,318.49,1.74,0.0,2192.34,216.43,1440.78,155.28,15101.04,17037.54,1002.86,27580.42,0.0,1274.3,5858.33,7726.88,11059.1,18785.98,5641.05,8726.31,-760.81,-203.65,1358.13,42.27,43.5,1.12,2.15,0.01,0.0,0.0,1.2,4.52,3.84,4.12,5.56,3.46,3.38,2.2,0.25,3,2013,0.0,8342.0,83.42
2013-06-30,2507.4,2.9599999999999937,0.0006853438295901814,0.03,833.7400000000001,162.64,232.91999999999996,1.25,0.0,2344.76,78.40999999999997,2787.07,82.27,16083.73,19327.72,987.89,29854.59,0.0,1475.54,5616.95,7586.47,13563.59,21150.06,5682.8,8660.53,-319.3900000000001,-492.90999999999997,2167.43,70.28,455.97550675675774,0.82,2.44,0.02,0.03,1.65,0.03974994211623052,0.22753415142394026,0.1370687659180363,0.1411808288955774,0.2700254688585315,1.79,1.74,2.55,0.43,6,2013,129.57,4319.0,86.38
2013-09-30,2985.62,61.58000000000001,0.012485806974858073,0.0037287104622871076,953.53,256.22,329.09000000000003,1.01,0.0,2729.3999999999996,188.93,1448.45,117.92,16832.5,18931.0,994.76,30284.02,0.0,1878.66,5324.47,8187.9,13342.03,21529.93,5782.93,8720.87,-279.25,-741.99,-307.8499999999999,72.86999999999999,20.22496427411497,0.67,2.47,0.03,0.03,1.1,0.8157393890240606,4.261822114084889,2.8301162476344963,2.896707218167073,5.24403892944039,1.91,1.86,2.31,0.26,9,2013,18.390000000000015,4932.0,147.96
2013-12-31,3326.9799999999996,-65.03,-0.007841553117086699,0.012158446882913298,961.73,110.25999999999999,175.26999999999998,0.91,0.0,3216.7199999999993,102.65999999999997,1235.22,199.08,16961.1,19007.1,1048.49,30668.1,0.0,2664.6,5824.25,9012.55,13009.17,22021.72,5782.93,8629.1,327.29999999999995,-140.02999999999997,-340.4200000000001,65.01000000000002,-29.012109795479013,0.61,2.55,0.01,0.03,3.3,-0.8468877366453635,-8.939370553478836,-3.0111563969612924,-3.0738888218979863,-11.66823103822501,0.75,0.73,2.11,0.23,12,2013,100.82999999999998,8293.0,82.93
2014-03-31,2920.03,78.24,0.01,0.0,952.73,353.43,408.1,0.9,0.0,2566.6,293.94,769.79,185.32,16654.7,18151.38,1032.54,29976.58,0.0,2448.15,7717.96,10839.93,10388.46,21228.4,5782.93,8671.25,287.48,-237.48,-518.47,54.67,22.5,0.6,2.45,0.01,0.0,0.0,1.04,4.92,3.6,3.6,7.3999999999999995,2.74,2.68,1.67,0.14,3,2014,0.0,7823.999999999999,78.24
2014-06-30,2796.4999999999995,-15.419999999999995,-0.002454632282712511,0.0,780.01,143.12,197.64,1.36,0.0,2653.3799999999997,87.88,570.77,77.06,15877.63,18056.76,1027.83,29255.61,0.0,2043.93,9464.17,12326.04,8197.56,20523.61,5782.93,8659.2,729.27,-410.28,-519.53,54.519999999999996,-138.51361867704287,0.91,2.37,0.01,0.0,0.0,-0.2061891117478509,-1.6495128939828072,-0.7167526265520532,-0.7167526265520532,-2.876829035339063,1.12,1.1,1.46,0.18,6,2014,0.0,6282.0,62.82
2014-09-30,4269.21,313.62,0.058318457124641385,0.0,1383.53,625.6100000000001,675.3699999999999,1.39,0.0,3643.6000000000004,572.19,697.23,95.24,17060.53,18163.91,957.2,29256.49,0.0,2086.97,7791.78,10422.55,9790.66,20213.21,5782.93,8977.72,-1216.42,1322.28,22.91999999999996,49.75999999999999,5.959519801033097,0.9,2.25,0.07,0.0,0.0,4.298903410902136,12.563461906279887,13.96310487727128,14.163053873127193,19.86160025502072,3.83,3.77,1.74,0.11,9,2014,0.0,5377.714285714285,376.44
2014-12-31,2859.59,22.360000000000014,0.003924774322968909,0.0,815.4699999999998,145.54999999999995,206.16000000000008,1.16,0.0,2714.040000000001,-91.49000000000001,2490.53,191.43,17559.68,21650.98,963.2,31305.12,0.0,2411.47,11096.5,13941.21,8353.58,22294.8,5782.95,8952.39,-227.49000000000004,442.5999999999999,1579.62,60.610000000000014,73.88322898032196,0.75,2.49,0.07,0.0,0.0,0.28482647943831507,0.9172758274824478,0.9980140421263797,1.0181985957873627,1.6371915747241734,3.21,3.1,1.55,0.29,12,2014,0.0,5697.142857142857,398.8
2015-03-31,2492.29,97.81,0.02,0.0,907.62,297.59,351.77,1.05,0.0,2194.7,208.79,1626.19,173.41,18560.74,21716.83,887.34,31361.84,0.0,2078.14,11363.58,13914.44,8384.74,22299.18,5782.95,9002.52,-535.29,-456.83,128.62,54.18,13.125000000000002,0.67,2.48,0.02,0.0,0.0,1.24,3.88,4.36,4.44,6.84,4.07,3.92,1.56,0.23,3,2015,0.0,4890.5,97.81
2015-06-30,3051.9700000000003,422.68,0.07308728313704393,0.04,772.0300000000001,465.49000000000007,559.96,1.01,0.0,2586.4700000000003,-82.36999999999999,1757.93,149.6,21417.89,24828.32,4944.8,40861.91,338.42,3110.51,10697.6,15416.44,11735.77,27152.21,7590.59,10990.6,-691.19,-1689.1599999999999,2509.98,94.47,3.4540892637456233,0.7,2.47,0.09,0.04,0.49,4.125371092624258,7.081345655055813,15.397054314203924,17.216115583392572,9.744971084939191,10.61,9.39,1.61,0.22,6,2015,231.3288888888889,5783.222222222223,520.49
2015-09-30,3202.369999999999,-163.84000000000003,-0.0275631571568765,0.0010830412636104428,813.4699999999998,-48.389999999999986,126.16000000000008,0.89,0.0,3250.7699999999995,-145.72,2387.26,115.69,21648.95,25977.93,5099.04,43030.78,124.32,2800.72,8895.29,13135.23,16213.84,29349.08,7667.83,10962.62,-539.3799999999999,-1147.8900000000003,2321.1600000000003,174.54999999999998,-8.070555877685544,0.62,2.68,0.06,0.04,0.73,-1.5251613626804994,-3.6383367447076975,-5.972017383989908,-6.578406841441192,-4.391729706995656,4.45,4.08,1.98,0.33,9,2015,6.43777777777774,5944.166666666666,356.65
2015-12-31,4158.660000000002,4.090000000000032,0.0006802683373066527,0.00045351222487110654,1162.23,200.2399999999999,400.56999999999994,0.79,0.0,3958.420000000001,64.46,3040.54,257.81,21701.54,25571.05,5436.05,43277.02,372.02,2972.05,7663.88,11964.83,17648.69,29613.52,7667.83,10950.85,1140.2799999999997,-618.7799999999997,134.5699999999997,200.32999999999998,290.40011002444766,0.55,2.7,0.06,0.04,0.73,0.03764151466430145,0.11111049509341996,0.1492055219825925,0.16417142540333887,0.13242556966236171,3.0,2.8,2.14,0.32,12,2015,2.7266666666667163,6012.333333333334,360.74
2016-03-31,4363.48,367.32,0.05,0.0,1588.85,715.18,911.56,0.85,0.0,3648.31,641.98,2872.66,278.4,21501.14,25224.09,5430.23,44252.83,372.02,2391.46,5407.21,9187.08,20969.98,30157.06,7667.83,11355.11,188.75,-1442.34,1088.12,196.38,4.25,0.57,2.66,0.05,0.0,0.0,3.32,7.56,12.920000000000002,14.44,8.16,8.56,8.42,2.75,0.41,3,2016,0.0,7346.4,367.32
2016-06-30,3037.8,-21.599999999999966,-0.003123915307185,0.03,928.4700000000003,149.95000000000005,361.33000000000015,0.91,0.0,2887.8399999999997,71.76999999999998,3160.8,205.73,23883.01,27718.42,5614.66,46445.3,0.0,2488.0,5685.42,9270.17,23284.12,32554.29,7667.83,11203.61,-765.76,-889.3500000000001,1939.3000000000002,211.38,-72.8252777777779,0.62,2.91,0.05,0.03,0.6,-0.184935786185352,-0.494828184658104,-0.772231863936132,-0.7797292606733761,-0.582297813259284,4.77,4.67,2.99,0.41,6,2016,207.43200000000002,6914.400000000001,345.72
2016-09-30,3791.2400000000007,68.75,0.008293724515646488,0.00497623470938789,1135.0,320.65,507.03,0.93,0.0,3470.59,134.51999999999998,4307.69,198.22,25682.57,31294.89,6050.72,49872.9,20.0,2530.07,9173.25,12799.55,23148.85,35948.4,7667.83,11280.3,-1956.5400000000002,-223.48000000000002,3327.8199999999997,186.38,28.03324363636364,0.63,3.19,0.05,0.03,0.6,0.5507033078389267,1.6919198011918832,2.435037517793809,2.474847395468912,2.123193476005501,3.82,3.7,2.44,0.44,9,2016,41.24999999999997,8289.4,414.47
2016-12-31,4360.0,-14.970000000000027,-0.0018735919899874878,-0.0011241551939924904,1300.9999999999995,298.79999999999995,521.96,0.9,0.0,4061.1900000000005,214.97000000000003,2448.83,339.75,25358.52,29229.16,6417.34,48790.22,20.0,2863.65,9456.37,13356.06,21497.38,34853.44,7667.83,11388.66,642.0700000000002,-1074.4899999999998,-1420.6799999999994,223.15999999999997,-120.09018036072122,0.61,3.06,0.05,0.03,0.6,-0.12290763454317918,-0.4826372966207768,-0.5261046307884866,-0.5365967459324166,-0.628028035043806,2.64,2.57,2.19,0.29,12,2016,-8.982,7990.0,399.5
2017-03-31,3060.13,44.7,0.0,,1123.24,292.09,517.61,0.92,0.0,2768.04,226.64,2294.0,315.27,25503.44,29068.5,6514.73,48910.02,945.87,2265.53,8667.97,12950.31,21295.43,34245.74,8667.83,12130.13,-205.97,-562.9,614.68,225.52,0.0,0.66,2.82,0.0,0.0,0.0,0.36,2.52,1.48,1.5200000000000002,3.24,1.5,1.46,2.24,0.28,3,2017,,inf,44.7
2017-06-30,3301.4399999999996,-29.060000000000002,-0.0,,1015.7900000000002,219.93,442.40999999999997,0.88,0.0,3081.5200000000004,37.629999999999995,2580.68,200.96,24911.76,28829.21,6659.66,48670.46,945.87,2059.91,8347.92,12439.46,21555.75,33995.21,8667.83,12164.97,687.6,-390.59000000000003,-11.92999999999995,222.48,-0.0,0.63,2.79,0.0,0.04,0.0,-0.22296675191815857,-8.02680306905371,-0.9661892583120206,-0.9661892583120206,-10.479437340153453,0.26,0.25,2.32,0.31,6,2017,,inf,15.64
2017-09-30,4406.720000000001,126.67999999999999,0.01780213603147836,-inf,1387.1999999999998,453.97,673.6200000000001,0.85,0.0,3952.739999999999,284.23,3319.66,223.52,25677.38,29733.32,6866.02,49321.53,945.87,1987.33,8987.84,13486.69,21076.48,34563.17,8667.83,12269.64,1204.2199999999998,-609.21,100.65999999999997,219.64999999999998,11.93676981370382,0.6,2.82,0.02,0.04,2.0,1.0325238898257447,6.94283305227656,4.130095559302979,4.308116919617762,9.613153456998315,1.38,1.32,2.2,0.3,9,2017,-inf,7115.999999999999,142.32
