,revenue,net_profit,eps,dps,gross_profit,ebit,ebitda,close_price,allowance_doubtful_accounts,expense,operating_profit,cash,account_receivable,inventory,current_asset,property_plant_equipment,total_asset,short_term_loan,account_payable,current_portion_long_term_debt,current_liability,non_current_liability,total_liability,paid_in_capital,total_equity,cash_flow_operation,cash_flow_investment,cash_flow_financing,depreciation,P/E,P/BV,D/E,EPS,DPS,DPR%,ROA%,ROAA%,ROE%,ROAE%,ROCE%,NPM%,NPMA%,TIE,CurrentRatio,QuickRatio,month,year,dividend,number_of_shares,return_old
2010-09-30,,,,,,,,,0.0,,,14.47,103.18,136.34,262.45,158.71,429.17,93.19,62.28,24.14,223.66,49.11,272.77,95.0,156.15,,,,,,0.0,1.75,0.32,0.0,0.0,,,,,,6.45,6.37,14.53,1.17,0.56,9,2010,,93.96875,30.07
2010-12-31,174.71000000000004,9.329999999999998,0.09472081218274112,0.15,51.870000000000005,11.580000000000005,15.72999999999999,4.86,0.0,163.13,18.54,78.99,100.76,129.37,319.46,153.22,483.86,13.92,62.93,24.8,158.96,41.7,200.66,135.0,282.93,16.62,-1.120000000000001,48.99,4.15,12.827170418006432,2.32,0.71,0.4,0.15,0.38,7.710274111675126,0.0,13.194609137055835,0.0,16.936081218274108,6.18,6.09,11.17,2.01,1.2,12,2010,14.774999999999997,98.49999999999999,39.4
2011-03-31,178.99,12.66,0.08999999999999998,0.0,55.44,19.29,22.76,4.66,0.0,159.7,16.94,61.23,115.4,153.97,345.6,145.84,508.66,20.02,95.8,24.57,177.2,48.83,226.02,135.0,282.88,5.78,-1.99,-21.54,3.47,12.945,2.22,0.8,0.09,0.0,0.0,9.96,0.0,17.92,0.0,23.28,7.19,7.07,17.07,1.95,1.08,3,2011,0.0,140.66666666666669,12.66
2011-06-30,176.55,7.989999999999998,0.058038740920096844,0.1,51.64,12.3,15.749999999999996,4.98,0.0,164.26,14.189999999999998,26.84,116.29,176.95,338.52,157.85,506.82,10.05,110.16,24.86,185.66,43.92,229.58,135.0,277.37,-9.06,-6.1,-19.22,3.4499999999999997,21.451188986232797,2.42,0.83,0.15,0.1,0.67,6.299138014527845,0.0,11.514886198547215,0.0,15.229365617433412,5.85,5.81,14.1,1.82,0.87,6,2011,13.766666666666666,137.66666666666666,20.65
2011-09-30,193.24999999999994,9.05,0.06703703703703705,0.0980246913580247,55.92999999999999,15.16,18.93,3.7,0.0,178.08000000000004,13.680000000000003,14.64,113.61,187.71,328.19,153.88,492.54,17.5,95.99,25.45,183.52,36.77,220.29,135.0,272.91,2.07,-0.6600000000000001,-13.620000000000005,3.7699999999999996,13.799834254143645,1.83,0.81,0.22,0.2,0.91,7.3496969696969705,12.359191919191922,13.261144781144782,16.868956228956232,18.441279461279464,5.44,5.41,14.52,1.79,0.77,9,2011,13.233333333333334,135.0,29.7
2011-12-31,174.35000000000002,-0.8399999999999999,-0.00611226611226611,0.003534303534303573,47.360000000000014,-1.1899999999999977,3.75,3.86,4.61,175.54000000000002,6.159999999999997,19.0,110.98,179.86,323.31,143.95,483.28,10.03,81.69,25.54,182.25,30.96,213.21,135.0,272.08,0.10999999999999988,0.4499999999999993,3.8000000000000043,4.940000000000001,-157.87107142857144,1.92,0.78,0.21,0.2,0.95,-0.6950519750519749,-1.0967151767151766,-1.2352598752598751,-1.2108108108108107,-1.7614968814968812,4.01,3.99,10.8,1.77,0.79,12,2011,0.4857142857142911,137.42857142857144,28.86
2012-03-31,196.14,12.86,0.1,0.0,55.9,18.26,22.14,3.98,0.0,177.87,16.65,17.86,121.79,186.64,335.9,141.51,492.98,10.63,94.0,25.42,184.04,26.23,210.28,135.0,284.94,9.58,-0.4,-10.33,3.88,9.95,1.89,0.74,0.1,0.0,0.0,10.44,14.600000000000001,18.04,18.12,23.64,6.61,6.56,16.91,1.83,0.81,3,2012,0.0,128.6,12.86
2012-06-30,198.0,9.14,0.06647272727272728,0.1,53.330000000000005,12.819999999999997,16.759999999999998,3.8,0.0,185.19,12.98,21.72,119.05,169.92,327.64,139.26,482.07,16.16,95.23,25.81,184.08,20.04,204.13,135.0,280.58,30.5,-1.4300000000000002,-25.200000000000003,3.9400000000000004,14.291575492341355,1.83,0.73,0.16,0.1,0.63,7.577890909090908,10.452836363636363,13.028654545454547,13.111745454545456,17.332763636363637,5.61,5.58,17.66,1.78,0.86,6,2012,13.75,137.5,22.0
2012-09-30,200.18000000000006,7.789999999999999,0.05752937227257469,0.10845585767035917,54.519999999999996,11.260000000000005,15.11,4.02,0.0,188.91000000000003,10.239999999999998,30.65,116.92,192.64,355.11,138.12,508.14,3.56,119.08,29.22,196.4,41.08,237.48,135.0,273.52,16.29,-2.66,-4.689999999999998,3.8499999999999996,17.4667297817715,1.98,0.87,0.22,0.21,0.95,6.129493118496139,8.849063444108761,11.390815709969788,11.401275595837529,14.204525008392077,5.03,5.01,17.21,1.81,0.83,9,2012,14.685909090909089,135.4090909090909,29.79
2012-12-31,199.79999999999995,14.939999999999998,0.11022132796780683,0.00021126760563379415,54.97,19.599999999999994,23.000000000000007,4.3,0.76,180.20999999999992,18.730000000000004,23.9,117.78,195.62,348.18,138.72,501.63,21.18,98.06,22.97,175.57,40.42,215.99,135.0,288.46,0.17999999999999972,-0.9399999999999995,-6.0,3.4000000000000004,9.752876506024096,2.01,0.75,0.33,0.21,0.64,11.917263581488934,16.80708249496982,20.721609657947685,21.32281690140845,25.38430583501006,5.66,5.63,20.79,1.98,0.87,12,2012,0.02863636363636246,135.54545454545453,44.73
2013-03-31,197.16,15.74,0.11999999999999998,0.0,54.87,20.69,23.86,5.05,0.0,176.47,17.15,33.73,117.69,182.54,351.03,137.43,509.41,12.0,91.86,16.72,162.31,39.37,201.68,135.0,310.53,17.82,-1.39,-6.61,3.17,10.52,2.2,0.65,0.12,0.0,0.0,12.36,16.52,20.28,21.16,23.84,8.13,7.98,25.23,2.16,1.04,3,2013,0.0,131.16666666666669,15.74
2013-06-30,194.04,14.1,0.10395442359249331,0.13,59.88,18.19,21.22,4.82,0.0,175.85999999999999,21.29,26.51,155.49,211.94,395.38,135.24,551.59,43.13,127.86,10.21,209.79,37.56,247.35,135.0,307.08,0.620000000000001,-0.8699999999999999,-6.97,3.0300000000000002,11.592099290780142,2.12,0.81,0.22,0.13,0.59,10.225335120643432,14.213404825737266,18.371581769437,19.203217158176944,21.50911528150134,7.65,7.63,27.19,1.88,0.87,6,2013,17.632727272727273,135.63636363636363,29.84
2013-09-30,188.88000000000005,13.110000000000003,0.09767636786961585,0.12862694465022756,59.599999999999994,18.129999999999995,20.790000000000006,4.42,0.0,170.74000000000007,16.840000000000003,21.86,137.19,195.7,356.23,135.55,510.52,80.54,93.01,6.6,182.41,28.29,210.7,135.0,302.64,-17.8,-0.9100000000000001,14.07,2.6599999999999993,11.310821891685736,1.97,0.7,0.32,0.26,0.81,10.268228172293368,13.662481955762518,17.325345750873108,18.204433061699653,21.22019091967404,7.44,7.4,24.57,1.95,0.88,9,2013,17.26414772727273,134.21875,42.95
2013-12-31,196.58999999999992,7.799999999999997,0.058403940886699486,-0.0012967980295566664,59.45000000000002,10.68,13.759999999999991,4.5,1.25,185.90999999999997,12.950000000000003,46.12,102.33,189.3,358.62,134.39,511.45,16.64,79.36,6.32,175.44,27.32,202.75,135.0,310.52,57.67,-2.71,-30.709999999999997,3.08,19.258974358974367,1.96,0.65,0.38,0.26,0.68,6.0986009852216725,8.213438423645316,10.045477832512312,10.420492610837433,12.387783251231522,6.56,6.53,20.83,2.04,0.97,12,2013,-0.17319078947368638,133.55263157894737,50.75
2014-03-31,201.79,11.52,0.09,0.0,55.5,14.78,17.77,4.8,0.0,187.01,12.72,24.84,118.06,184.4,353.91,133.56,506.06,11.85,82.57,6.07,159.15,26.22,185.37,135.0,321.99,-9.67,-1.98,-9.6,2.99,13.3325,2.01,0.58,0.09,0.0,0.0,9.12,11.64,14.32,14.560000000000002,17.04,5.77,5.71,22.39,2.22,1.07,3,2014,0.0,128.0,11.52
2014-06-30,184.9,6.59,0.0400276090557703,0.10000000000000002,49.67,8.709999999999999,11.740000000000002,4.2,0.0,176.19,8.24,23.63,116.4,199.36,366.41,131.35,515.97,14.24,97.01,6.02,177.45,25.09,202.54,162.0,315.07,11.22,-0.16999999999999993,-12.26,3.0299999999999994,26.230644916540214,2.16,0.64,0.11,0.1,0.91,5.108978464936499,6.4044174489232475,8.369409166206516,8.471297625621204,10.101512976256213,4.71,4.68,18.21,2.06,0.94,6,2014,16.463636363636365,164.63636363636363,18.11
2014-09-30,217.83999999999997,12.740000000000002,0.07846353322528364,0.0786032120229851,57.540000000000006,16.63,19.749999999999996,4.04,0.0,201.20999999999998,15.219999999999999,27.64,157.01,170.24,356.48,130.59,505.28,49.1,108.23,6.0,167.95,24.45,192.4,162.0,314.83,15.43,-0.10999999999999988,-11.280000000000001,3.120000000000001,12.870310047095762,2.08,0.61,0.19,0.18,0.95,10.092888168557538,13.049724473257701,16.188265802269047,16.50211993517018,19.640661264181528,5.14,5.1,20.06,2.12,1.11,9,2014,12.76267942583732,162.3684210526316,30.85
2014-12-31,202.96000000000004,8.009999999999998,0.049469891919711774,-0.0005022076550099118,55.129999999999995,10.93,14.260000000000005,3.9,0.0,192.0300000000001,10.380000000000003,31.62,154.29,215.88,403.14,129.17,550.37,40.95,151.72,6.11,204.71,24.99,229.69,162.0,322.9,15.389999999999997,-0.33000000000000007,-11.11,3.33,19.70895755305868,1.96,0.71,0.24,0.18,0.75,5.820957282552752,7.931672671127121,9.91871332990221,10.116592897581057,12.177838394235716,4.84,4.81,19.26,1.97,0.91,12,2014,-0.08131578947368823,161.91666666666666,38.86
2015-03-31,207.3,10.96,0.07,0.0,54.97,14.67,17.89,4.98,0.0,192.63,11.44,24.33,165.54,229.26,420.52,127.05,565.56,73.17,121.64,6.11,210.16,24.04,234.2,162.0,333.83,-36.29,-0.81,29.82,3.22,17.785,2.42,0.7,0.07,0.0,0.0,7.76,10.96,13.12,13.360000000000001,16.52,5.37,5.29,18.34,2.0,0.91,3,2015,0.0,156.57142857142856,10.96
2015-06-30,211.70999999999998,4.529999999999999,0.029244673983214974,0.12,59.22,8.08,11.349999999999998,4.06,0.0,203.62,11.97,34.95,161.29,219.7,417.43,130.22,565.6,91.66,120.98,6.54,225.2,24.07,249.27,162.0,318.95,18.439999999999998,-4.25,-3.5599999999999987,3.27,34.70717439293599,2.06,0.78,0.1,0.12,1.2,3.205216268560361,4.924803098773401,5.685164622336991,5.720258231116848,7.814176888315041,3.71,3.7,13.38,1.85,0.88,6,2015,18.588,154.9,15.49
2015-09-30,227.56000000000006,2.610000000000001,0.01586187845303868,0.08703425414364642,56.72,5.010000000000002,8.400000000000002,3.82,0.0,222.55999999999995,8.129999999999999,33.97,172.07,213.45,421.04,146.29,586.02,108.41,136.78,7.0,254.7,25.56,280.26,162.0,308.61,13.470000000000002,-15.73,1.3999999999999986,3.3900000000000006,60.2119731800766,2.01,0.91,0.11,0.2,1.82,1.782298342541437,2.935889502762432,3.38579005524862,3.3511823204419904,4.833546961325969,2.81,2.8,9.99,1.65,0.82,9,2015,14.321090909090913,164.54545454545456,18.1
2015-12-31,271.37,16.21,0.09921597201981928,-0.0014255054185103502,69.37,19.26,23.86,3.18,0.0,252.12,19.050000000000004,59.14,180.99,227.5,508.18,140.69,667.4,139.13,171.87,7.07,321.29,24.82,346.1,162.0,324.13,-18.830000000000002,16.5,27.540000000000003,4.6,8.01131091918569,1.59,1.07,0.21,0.2,0.95,9.713716117749927,14.589472457009617,20.013278927426406,20.05107548819586,25.682763042844652,3.75,3.74,11.14,1.58,0.87,12,2015,-0.23290043290042917,163.3809523809524,34.31
2016-03-31,269.19,9.96,0.06,0.0,60.39,14.64,19.72,4.14,0.0,254.55,14.17,38.48,180.45,243.94,544.74,139.72,702.81,144.57,139.09,15.16,305.09,66.37,371.46,162.0,332.61,-68.89,-1.71,49.85,5.08,17.25,2.02,1.12,0.06,0.0,0.0,5.679999999999999,9.24,11.96,11.96,14.72,3.71,3.7,8.71,1.79,0.99,3,2016,0.0,166.00000000000003,9.96
2016-06-30,305.09,13.59,0.08656050955414013,0.12,64.05,19.560000000000002,24.22,3.82,0.0,285.53000000000003,18.089999999999996,36.01,174.39,280.51,675.79,138.1,832.99,259.13,161.97,15.21,443.28,64.18,507.46,162.0,326.76,-88.02999999999999,-3.51,89.05000000000001,4.66,11.034188741721854,1.89,1.55,0.15,0.12,0.8,6.532433121019109,11.287490445859872,16.642700636942674,16.82736305732484,20.266700636942673,4.11,4.1,9.37,1.52,0.89,6,2016,18.84,157.0,23.55
2016-09-30,277.70000000000005,9.7,0.06126315789473683,0.10101052631578948,63.890000000000015,15.479999999999997,20.230000000000004,3.54,0.0,262.2199999999999,13.600000000000001,239.83,210.53,239.5,948.14,140.77,1107.56,365.81,263.44,14.7,646.27,61.55,707.82,202.5,400.97,45.829999999999984,-5.9799999999999995,163.91,4.75,14.448324742268044,1.79,1.77,0.21,0.22,1.05,3.500751879699248,6.849804511278195,9.673744360902255,10.934015037593982,12.567699248120299,3.92,3.9,13.57,1.47,1.1,9,2016,15.993333333333336,158.33333333333334,33.25
2016-12-31,250.88999999999987,-48.5,-0.2544262295081967,0.03726775956284152,48.31999999999999,-54.94,-49.44,3.4,0.0,305.83000000000015,0.509999999999998,48.85,146.3,235.09,770.07,159.12,960.95,273.74,104.33,17.11,534.12,75.82,609.95,202.5,352.31,-127.04999999999998,-3.34,-60.34,5.499999999999998,-3.3408505154639174,1.95,1.73,-0.08,0.22,-2.75,-20.22688524590164,-8.268852459016394,-55.083278688524594,-57.37311475409835,-15.647213114754098,-1.39,-1.38,-1.02,1.44,1.0,12,2016,7.104166666666664,190.625,-15.25
2017-03-31,250.1,-10.99,-0.05,0.0,59.53,-8.77,-3.65,2.72,0.0,258.87,-10.64,137.25,294.68,240.13,909.66,157.09,1134.21,449.47,167.68,15.87,718.64,75.31,793.95,202.5,341.57,-7.38,-31.85,127.37,5.12,-13.6,1.61,2.32,-0.05,0.0,0.0,-3.88,-3.8,-12.879999999999999,-13.04,-8.44,-4.43,-4.39,-3.26,1.27,0.93,3,2017,0.0,219.79999999999998,-10.99
2017-06-30,254.92,-85.62,-0.42539695683676637,0.0,31.200000000000003,-86.17,-80.32,2.34,0.0,341.09000000000003,-62.92999999999999,48.65,183.58,225.96,615.74,152.95,837.81,312.59,158.11,14.14,509.66,73.41,583.07,202.5,256.04,57.660000000000004,-0.8900000000000006,-145.86,5.8500000000000005,-1.3765965895818733,1.85,2.28,-0.48,0.0,0.0,-40.87355760273264,-40.27091191388055,-133.75189317875996,-117.5159093261567,-102.55611634406377,-19.31,-19.13,-16.17,1.21,0.76,6,2017,0.0,201.27083333333334,-96.61
2017-09-30,253.77999999999997,12.170000000000002,0.06053292278540977,0.0,33.97999999999999,4.140000000000001,9.549999999999997,2.36,0.0,249.64,-14.210000000000008,42.32,169.51,207.4,563.37,147.62,789.47,202.92,117.13,43.91,480.75,41.7,522.44,202.5,268.33,37.28,0.5200000000000031,-43.86,5.409999999999998,9.748414133114213,1.78,1.95,-0.42,0.0,0.0,6.1685930838465195,5.517143533870205,18.1425817148271,14.545196589294175,16.954983420180014,-11.22,-11.13,-10.07,1.17,0.74,9,2017,0.0,201.04761904761904,-84.44
