,revenue,net_profit,eps,dps,gross_profit,ebit,ebitda,close_price,expense,operating_profit,cash,account_receivable,inventory,current_asset,property_plant_equipment,total_asset,short_term_loan,account_payable,current_portion_long_term_debt,current_liability,non_current_liability,total_liability,paid_in_capital,total_equity,cash_flow_operation,cash_flow_investment,cash_flow_financing,depreciation,P/E,P/BV,D/E,EPS,DPS,DPR%,ROA%,ROAA%,ROE%,ROAE%,ROCE%,NPM%,NPMA%,CurrentRatio,QuickRatio,month,year,dividend,number_of_shares,return_old
2005-06-30,,,,,,,,,,,16.59,1.05,1438.19,1852.47,11.41,1907.48,65.8,68.13,87.19,363.81,1108.73,1472.54,300.0,434.94,,,,,,0.0,3.39,0.62,0.0,0.0,,,,,,28.48,28.41,5.09,1.14,6,2005,,150.43548387096774,93.27
2005-09-30,228.60000000000002,71.03000000000002,0.47555082166768115,0.0,88.97,72.4,73.32000000000001,,156.2,69.74,5.34,0.34,1474.42,2100.57,11.19,2155.23,107.41,76.74,1.62,331.67,1317.59,1649.26,300.0,505.97,-151.95999999999998,-0.7000000000000001,141.40999999999997,0.9199999999999999,0.0,0.0,3.26,1.1,0.0,0.0,13.177080949482656,0.0,56.14958247108948,0.0,15.805580036518567,29.69,29.5,6.33,1.89,9,2005,0.0,149.36363636363637,164.3
2005-12-31,288.77,67.64999999999998,0.4112373356326793,0.0,94.42000000000002,68.37,73.19999999999999,5.9,220.41000000000003,67.73000000000002,174.31,0.42,1489.54,2637.15,10.31,2688.41,2.62,78.21,394.92,560.1,1047.07,1607.17,450.0,1081.24,-197.03999999999996,-130.03,496.03,4.83,3.5829674796747977,2.46,1.49,1.41,0.0,0.0,10.068023280879498,0.0,25.024229359775806,0.0,12.879603362793702,27.61,27.43,4.71,2.05,12,2005,0.0,164.5035460992908,231.95
2006-03-31,161.01,-34.35,-0.08,0.0,55.56,41.93,42.82,8.25,119.08,39.82,74.97,460.43,966.38,1654.06,615.94,2311.29,2.86,74.15,295.27,515.22,749.18,1264.4,450.0,1046.89,196.58,-11.68,-364.24,0.89,-25.7825,3.55,1.21,-0.08,0.0,0.0,-5.96,0.0,-13.12,0.0,9.32,-21.63,-21.33,3.21,1.33,3,2006,0.0,429.375,-34.35
2006-06-30,113.35000000000002,34.940000000000005,0.0,,51.14,38.330000000000005,39.24999999999999,7.0,75.02,35.74999999999999,394.39,68.66,1086.06,1694.46,622.55,2357.99,11.7,72.66,339.75,565.93,788.99,1354.92,450.0,1003.07,262.19999999999993,-7.16,14.379999999999995,0.92,0.0,3.14,1.35,0.0,0.35,0.0,7.106440677966103,890.6738983050849,14.212881355932206,18.950508474576274,1061.2284745762715,0.22,0.22,2.99,1.08,6,2006,inf,inf,0.59
2006-09-30,129.72999999999996,26.22,0.05867959716523685,-inf,40.14,28.809999999999988,29.760000000000005,9.45,100.91999999999999,26.200000000000003,40.0,2.48,1395.13,1752.82,625.02,2424.1,2.52,78.88,405.6,563.58,831.23,1394.81,450.0,1029.3,-449.59,-3.6999999999999993,98.91000000000003,0.9499999999999997,40.26101258581236,4.13,1.36,0.06,0.35,5.83,4.342290190227527,18.620992167101825,10.171130175307722,13.65278627377844,22.924162625885863,6.76,6.63,3.11,0.63,9,2006,-inf,446.8333333333333,26.81
2006-12-31,146.23000000000008,13.080000000000002,0.02951115567811482,-0.002851591877663568,45.21000000000001,18.230000000000004,19.16000000000001,16.3,128.01,16.53,1.38,0.75,1468.87,1844.31,1216.15,3109.41,44.31,71.78,495.04,693.41,1373.62,2067.04,450.0,1042.37,-709.8000000000001,-2.460000000000001,673.63,0.9300000000000002,138.08252866972475,7.04,1.98,0.09,0.35,3.89,1.6788568563549764,5.757954374529957,5.023454499874656,4.931642015542743,6.912168463274004,7.37,7.25,2.66,0.54,12,2006,-1.2638888888888857,443.22222222222223,39.89
2007-03-31,136.66,-38.74,-0.09,0.0,51.38,0.99,3.03,15.9,135.67,-0.16,18.89,201.43,1468.7,1744.55,1279.15,3072.61,91.73,49.65,269.81,702.37,1366.6,2068.97,450.0,1003.64,100.71,-64.4,-18.8,2.04,-44.1675,7.13,2.06,-0.09,0.0,0.0,-5.04,0.15999999999999998,-15.440000000000001,-15.12,0.15999999999999998,-28.59,-28.35,2.48,0.39,3,2007,0.0,430.44444444444446,-38.74
2007-06-30,69.06,-33.35999999999999,-0.07403051317614423,0.0,16.46999999999999,-11.870000000000001,123.26,14.3,80.92000000000002,-13.29,60.24,66.57,1435.38,1627.03,1358.64,3033.62,0.0,73.81,139.73,685.33,1366.72,2052.04,453.8,981.58,165.63,-80.88,-43.39,135.13,-48.29360011990408,6.61,2.09,-0.16,0.0,0.0,-4.404815533980582,-0.7403051317614424,-13.603106796116501,-13.455045769764213,-0.8513509015256587,-35.49,-35.05,2.37,0.28,6,2007,0.0,450.62499999999994,-72.1
2007-09-30,127.02000000000001,-0.9400000000000119,-0.0020591456736035307,0.0,33.58000000000001,18.14,110.54,13.9,108.89000000000001,16.08,56.81,22.47,1360.24,1515.03,1497.47,3060.82,70.0,101.95,44.28,661.67,1408.7,2070.37,457.1,990.46,107.10000000000002,-139.89000000000001,29.36,92.4,-1687.6902127659362,6.41,2.09,-0.16,0.0,0.0,-0.12303395399781097,0.01338444687842295,-0.37939759036145054,-0.37219058050383824,0.01544359255202648,-22.26,-21.95,2.29,0.23,9,2007,0.0,456.50000000000006,-73.04
2007-12-31,85.21999999999997,-22.47999999999999,-0.0494221105527638,0.0,24.97,-5.66,55.09,11.0,90.88,3.4699999999999998,58.48,11.54,1311.54,1463.14,1683.98,3196.64,138.38,83.14,39.79,711.13,1511.53,2222.66,459.12,973.97,16.55000000000001,-187.58999999999997,172.70999999999998,60.75,-55.64209964412814,5.19,2.28,-0.21,0.0,0.0,-2.8147068676716906,0.047068676716917904,-9.234874371859293,-8.914807370184251,0.05648241206030148,-23.14,-22.85,2.06,0.21,12,2007,0.0,454.85714285714283,-95.52
2008-03-31,31.12,-25.02,-0.05,0.0,9.84,-7.11,14.61,3.96,38.24,-7.71,37.5,22.02,1304.34,1439.27,1831.16,3312.49,70.02,81.9,202.67,659.59,1697.74,2357.34,461.2,955.16,0.85,-137.88,116.05,21.72,-19.8,1.91,2.47,-0.05,0.0,0.0,-3.04,-0.88,-10.48,-10.2,-1.08,-81.95,-80.4,2.18,0.2,3,2008,0.0,500.4,-25.02
2008-06-30,56.16,-28.44,-0.06383838383838385,0.0,8.690000000000001,-9.780000000000001,38.56,2.5,65.93,-10.52,41.75,15.03,1402.51,1514.78,1984.31,3542.1,107.2,148.19,209.74,850.13,1748.29,2598.42,466.9,943.68,-41.93,-142.55,188.72999999999996,48.34,-9.78878164556962,1.24,2.75,-0.12,0.0,0.0,-3.213198653198653,-1.0852525252525254,-12.065454545454546,-11.810101010101011,-1.3406060606060606,-62.21,-61.25,1.78,0.13,6,2008,0.0,445.5,-53.46
2008-09-30,812.23,502.34,1.085523525218321,0.0,-23.59,665.61,599.6500000000001,1.82,146.62,-80.22999999999999,631.99,23.42,1395.17,2193.61,1491.92,3727.45,0.0,185.48,32.0,795.93,1485.5,2281.43,466.9,1446.02,-41.31,1145.3700000000001,-513.8299999999999,-65.96000000000001,0.4199816857108731,0.59,1.58,0.97,0.0,0.0,53.89568347888076,85.5437301728747,138.9470112279451,164.9548119764748,99.06241489930493,294.7,49.9,2.76,1.0,9,2008,0.0,462.7628865979382,448.88
2008-12-31,60.139999999999986,-101.30000000000001,-0.21858277231141035,0.12,4.029999999999999,-124.61000000000001,91.07999999999993,1.01,184.75000000000003,-9.52000000000001,198.08,15.33,1288.52,1675.44,1667.31,3385.58,0.0,255.13,150.0,695.4,1401.5,2096.89,466.9,1288.68,27.36,-159.23000000000002,-302.03,215.69,-1.158028134254689,0.37,1.63,0.75,0.12,0.16,-11.972507048736983,-18.570792335577423,-31.440945969273265,-35.81260141550147,-22.70929282467346,162.82,36.22,2.41,0.56,12,2008,55.6128,463.44,347.58
2009-03-31,119.43,-37.84,-0.08,0.0,2.55,-24.45,95.54,1.01,143.89,-23.04,184.42,4.58,180.25,397.1,2769.56,3207.34,0.0,181.54,155.0,520.28,1436.22,1956.5,466.9,1250.85,-54.86,1.48,39.72,119.99,-3.1575,0.38,1.56,-0.08,0.0,0.0,-4.72,-3.0,-12.12,-13.72,-3.64,-32.54,-31.68,0.76,0.42,3,2009,0.0,473.00000000000006,-37.84
2009-06-30,85.81,-56.86999999999999,-0.12009291521486642,0.0,9.670000000000002,-36.36,-124.21000000000001,1.16,122.15000000000003,-35.300000000000004,29.72,11.92,111.58,168.12,2754.98,2973.02,84.01,51.18,290.0,502.05,1277.0,1779.05,466.9,1193.97,-198.39,-16.099999999999998,59.8,-87.85,-2.4147969052224374,0.45,1.49,-0.2,0.0,0.0,-7.661927990708477,-4.491475029036004,-19.046736353077815,-21.280464576074326,-5.908571428571428,-47.1,-46.15,0.33,0.11,6,2009,0.0,473.54999999999995,-94.71
2009-09-30,76.49000000000001,-23.690000000000012,-0.050021114864864887,0.0,22.189999999999998,-1.4199999999999946,226.66000000000003,1.57,77.91999999999996,-3.309999999999995,21.22,17.96,73.54,123.8,2758.09,2925.44,88.6,32.56,428.0,616.16,1139.0,1755.16,466.9,1170.28,-10.490000000000009,-2.5999999999999996,4.579999999999998,228.08000000000004,-7.846686365555083,0.63,1.5,-0.25,0.0,0.0,-3.2413682432432447,-1.4966317567567577,-8.099418918918921,-7.243057432432437,-2.1529087837837846,-43.4,-42.03,0.2,0.08,9,2009,0.0,473.6,-118.4
2009-12-31,65.35999999999996,-88.82999999999998,-0.18860782705206774,0.0,6.520000000000003,-66.39000000000001,-2.3400000000000034,1.75,131.75,-27.880000000000003,17.25,28.39,674.68,730.4,2058.51,2838.62,65.4,32.54,571.0,761.16,996.0,1757.16,466.9,1081.45,23.07000000000002,-3.84,-23.19999999999999,64.04999999999995,-2.3212186198356415,0.76,1.62,-0.44,0.0,0.0,-12.51670124981904,-7.081366597500361,-32.85205423925107,-29.988644501278767,-10.613476813202722,-61.47,-59.7,0.96,0.07,12,2009,0.0,470.9772727272727,-207.23
2010-03-31,65.02,-21.95,-0.05,0.0,19.92,-8.42,42.06,1.56,73.45,-6.2,10.31,3.12,0.19,22.58,2040.98,2120.04,2.0,25.38,10.0,73.53,987.0,1060.53,466.9,1059.51,-3.42,629.88,-633.4,50.48,-7.799999999999999,0.69,1.0,-0.05,0.0,0.0,-4.16,-1.28,-8.28,-7.6,-1.64,-34.06,-33.76,0.31,0.3,3,2010,0.0,438.99999999999994,-21.95
2010-06-30,18.730000000000004,-35.400000000000006,-0.0740714908456844,0.0,10.5,-23.17,-7.090000000000003,1.6,41.89,-20.96,4.86,3.08,0.18,16.46,2025.28,2097.8,22.0,21.46,19.0,95.7,978.0,1073.7,466.9,1024.1,-25.47,0.01999999999998181,20.0,16.080000000000005,-5.398838276836157,0.73,1.05,-0.12,0.0,0.0,-6.740505666957281,-3.086312118570184,-13.826678291194423,-12.764986922406278,-3.901098517872712,-69.32,-68.48,0.17,0.17,6,2010,0.0,477.9166666666667,-57.35
2010-09-30,29.25,-26.979999999999997,-0.0575880469583778,0.0,19.269999999999996,-14.2,1.9699999999999989,1.48,43.44999999999999,-12.709999999999997,11.13,2.94,0.17,22.5,2013.45,2091.62,46.33,20.01,33.0,130.49,964.0,1094.49,466.9,997.12,-14.689999999999998,-3.3600000000000136,24.329999999999927,16.17,-6.423207931801336,0.69,1.1,-0.18,0.0,0.0,-5.1573295387169455,-2.341913909640697,-10.826552828175027,-9.956333451915095,-2.981781098067117,-76.06,-74.63,0.17,0.17,9,2010,0.0,468.5,-84.33
2010-12-31,206.76999999999998,145.85,0.30820058517555265,0.0,21.710000000000008,158.79,174.93,1.43,47.98000000000002,-12.620000000000005,292.15,5.5,0.19,457.73,1679.71,2197.86,19.0,15.19,46.0,104.89,950.0,1054.89,466.9,1142.97,-33.129999999999995,342.47,-28.329999999999927,16.14,1.1599588618443608,0.58,0.92,0.13,0.0,0.0,26.55266579973992,42.57909622886866,51.01905071521456,52.441514954486344,51.20871261378414,43.36,19.24,4.36,4.36,12,2010,0.0,473.2307692307692,61.52
2011-03-31,40.53,-25.9,-0.05999999999999999,0.0,27.9,-13.9,1.7,1.29,54.42,5.82,164.29,6.11,0.2,329.07,1664.85,2050.23,0.0,15.92,0.0,36.92,896.23,933.16,466.9,1117.07,-7.2,0.34,-121.0,15.6,-5.375000000000001,0.54,0.84,-0.06,0.0,0.0,-5.04,-2.68,-9.28,-9.52,-2.76,-67.52,-63.9,8.91,8.91,3,2011,0.0,431.6666666666667,-25.9
2011-06-30,37.489999999999995,-24.520000000000003,-0.053494644982149946,0.0,23.870000000000005,-11.67,4.12,1.36,49.17,1.2299999999999995,312.01,5.1,0.2,321.0,1649.61,2026.58,0.0,15.39,0.0,37.65,896.37,934.03,466.9,1092.55,-4.78,152.51,0.0,15.790000000000001,-6.353907014681892,0.58,0.85,-0.11,0.0,0.0,-4.843696945656486,-2.4121221737405794,-8.967647758825864,-9.259436731455772,-2.509385164617216,-68.7,-64.62,8.53,8.52,6,2011,0.0,458.3636363636364,-50.42
2011-09-30,44.68000000000001,-18.78,-0.04070809248554913,0.0,29.4,-5.27,10.690000000000001,1.09,49.94999999999999,7.580000000000001,53.38,4.44,0.23,60.88,1634.04,2000.53,0.0,6.25,0.0,30.29,896.46,926.76,466.9,1073.78,-10.96,-247.69,0.0,15.96,-6.697071352502662,0.47,0.86,-0.15,0.0,0.0,-3.756,-1.6391791907514452,-6.990936416184971,-7.2514682080924855,-1.7043121387283238,-59.98,-56.4,2.01,2.0,9,2011,0.0,461.33333333333337,-69.2
2011-12-31,41.13000000000001,-22.47,-0.04902367186647758,0.0,26.599999999999994,-10.98,4.969999999999999,1.18,52.110000000000014,1.9399999999999995,41.69,5.24,0.23,56.44,1618.58,1978.28,0.0,19.4,0.0,30.14,896.83,926.97,466.9,1051.3,3.1400000000000006,-14.810000000000002,0.0,15.949999999999996,-6.017501112594571,0.52,0.88,-0.2,0.0,0.0,-4.539592014835823,-1.960946874659103,-8.549728373513691,-8.196757936075052,-2.1080178902585356,-59.57,-55.95,1.87,1.86,12,2011,0.0,458.34999999999997,-91.67
2012-03-31,49.36,-12.84,-0.03,0.0,19.96,-2.75,12.94,1.17,52.11,-3.99,41.3,6.37,0.25,59.2,1603.38,1966.33,0.0,20.35,19.0,49.96,877.91,927.87,466.9,1038.46,0.42,-0.81,0.0,15.69,-9.75,0.53,0.89,-0.03,0.0,0.0,-2.6,-0.56,-4.96,-4.76,-0.56,-26.68,-26.01,1.18,1.18,3,2012,0.0,428.0,-12.84
2012-06-30,45.81,-15.690000000000001,-0.032996845425867505,0.0,16.25,-5.619999999999999,9.97,1.14,51.44,-6.92,32.04,7.28,0.22,59.43,1588.15,1951.92,0.0,20.65,38.0,70.15,858.99,929.14,466.9,1022.77,0.45,-9.709999999999999,0.0,15.590000000000002,-8.63718929254302,0.52,0.91,-0.06,0.0,0.0,-3.2116929547844375,-0.9239116719242902,-6.137413249211357,-5.939432176656153,-0.967907465825447,-30.8,-29.98,0.85,0.84,6,2012,0.0,475.50000000000006,-28.53
2012-09-30,48.83,-14.96,-0.030958841112899513,0.0,18.67,-4.540000000000001,11.209999999999997,1.78,53.36,-6.0,32.44,6.23,0.24,56.23,1572.75,1937.9,0.0,22.77,57.0,90.07,840.03,930.09,466.9,1007.81,2.07,-1.67,0.0,15.75,-14.375538101604278,0.82,0.92,-0.09,0.0,0.0,-3.0821246263508857,-0.9081260059783859,-5.944097493676708,-5.751464704529777,-0.9631639457346517,-31.06,-30.2,0.62,0.62,9,2012,0.0,483.2222222222223,-43.49
2012-12-31,51.99000000000001,-14.969999999999999,-0.0332894286691755,0.0,20.410000000000004,-4.640000000000001,11.150000000000006,2.04,56.629999999999995,-6.440000000000001,44.54,8.15,0.23,63.43,1558.56,1932.02,0.0,29.6,76.0,117.54,821.65,939.19,466.9,992.84,7.5,4.59,0.0,15.79,-15.317925851703407,0.96,0.95,-0.13,0.0,0.0,-3.103599042080054,-0.921861101607937,-6.033068764967498,-5.858939445774888,-0.9935614095107765,-30.74,-29.83,0.54,0.54,12,2012,0.0,449.6923076923077,-58.46
2013-03-31,54.51,-7.72,-0.02,0.0,25.03,2.36,17.86,1.99,52.15,0.16,35.38,8.66,0.26,58.3,1543.5,1904.49,0.0,28.64,79.5,120.08,799.29,919.37,466.9,985.12,2.71,9.4,-19.0,15.5,-24.875,0.94,0.93,-0.02,0.0,0.0,-1.64,0.48,-3.12,-3.04,0.52,-14.76,-14.16,0.49,0.48,3,2013,0.0,386.0,-7.72
2013-06-30,46.910000000000004,-15.200000000000003,-0.03315881326352531,0.0,18.29,-5.33,10.350000000000001,3.92,52.24,-6.15,17.91,7.04,0.27,37.52,1528.92,1870.89,0.0,27.7,83.0,124.78,775.16,899.95,466.9,970.94,2.71,-1.1500000000000004,-19.0,15.68,-29.554736842105264,1.89,0.93,-0.05,0.0,0.0,-3.2628272251308905,-0.4244328097731239,-6.2603839441535785,-6.101221640488657,-0.45095986038394426,-23.29,-22.6,0.3,0.3,6,2013,0.0,458.40000000000003,-22.92
2013-09-30,58.55,-7.809999999999999,-0.017790432801822322,0.0,25.15,2.22,18.1,2.22,56.33,-1.2599999999999998,52.51,11.53,0.26,77.12,1514.24,1853.94,0.0,29.59,86.5,130.32,753.1,883.42,466.9,970.52,3.619999999999999,49.29,-10.939999999999998,15.880000000000003,-31.192327144686306,1.07,0.91,-0.07,0.0,0.0,-1.68754962577286,-0.0406638464041653,-3.2226098275301003,-3.161614057923852,-0.0406638464041653,-20.02,-19.21,0.59,0.59,9,2013,0.0,438.99999999999994,-30.73
2013-12-31,136.48999999999998,29.54,-0.0,,72.34,39.52,60.370000000000005,2.64,96.97,33.93,68.32,83.14,0.26,480.1,1514.2,2035.67,13.65,46.77,0.34,95.69,12.64,108.33,933.8,1927.34,23.200000000000003,-97.47999999999999,90.15,20.849999999999994,-0.0,1.28,0.06,0.0,0.0,0.0,5.95764705882353,-193.6235294117647,5.95764705882353,7.943529411764707,-198.58823529411765,-0.42,-0.4,5.02,5.01,12,2013,,-inf,-1.19
2014-03-31,75.66,1.71,0.0,,31.38,1.68,22.17,2.6,73.98,-0.65,68.03,79.18,0.24,482.48,1499.17,2018.54,11.57,35.01,0.32,78.69,11.18,89.87,933.82,1928.67,3.17,-10.55,-2.65,20.49,0.0,1.26,0.05,0.0,0.0,0.0,0.32,0.36,0.36,0.48,0.36,2.33,2.26,6.13,6.13,3,2014,,inf,1.71
2014-06-30,96.25999999999999,3.0599999999999996,0.006415094339622641,,39.55000000000001,3.5600000000000005,19.509999999999998,3.32,92.7,1.15,55.01,105.19,0.27,506.32,1489.51,2027.65,26.42,33.68,0.33,85.23,10.66,95.89,933.82,1931.76,-5.9399999999999995,-14.370000000000001,7.300000000000001,15.95,129.38235294117646,1.6,0.05,0.01,0.0,0.0,0.6158490566037735,0.6928301886792453,0.6415094339622641,0.8467924528301887,0.6928301886792453,2.85,2.77,5.94,5.94,6,2014,,476.99999999999994,4.77
2014-09-30,93.01000000000002,3.58,0.004287425149700599,0.0,36.22999999999999,3.6899999999999995,19.840000000000003,4.34,89.32,1.16,77.55,129.22,0.24,543.53,1478.72,2050.45,26.36,43.3,0.27,88.18,10.28,98.46,933.85,1951.99,-2.1599999999999997,11.740000000000002,12.959999999999999,16.150000000000006,253.06564245810054,2.08,0.05,0.01,0.0,0.0,0.7031377245508982,0.7888862275449102,0.7374371257485031,0.9775329341317366,0.7888862275449102,3.24,3.15,6.16,6.16,9,2014,0.0,835.0,8.35
2014-12-31,108.83999999999997,4.610000000000001,0.0035570987654320995,0.0,44.81,3.200000000000001,20.419999999999995,4.18,105.63999999999999,0.8100000000000003,62.15,149.27,0.32,537.92,1470.17,2039.97,12.7,14.95,0.19,50.82,32.56,83.38,947.72,1956.6,-1.38,-0.28000000000000114,-13.75,17.22,293.77874186550974,2.02,0.04,0.01,0.0,0.0,0.9106172839506175,0.8537037037037039,0.9390740740740743,0.9533024691358027,0.8679320987654322,3.56,3.47,10.58,10.58,12,2014,0.0,1296.0,12.96
2015-03-31,129.55,5.25,0.01,0.0,41.13,4.63,22.45,3.98,124.92,2.37,78.47,190.51,0.25,606.12,1459.86,2093.16,12.05,53.86,0.1,86.96,32.71,119.67,947.72,1973.49,16.72,-11.31,10.9,17.82,99.5,1.91,0.06,0.01,0.0,0.0,1.0,0.92,1.08,1.08,0.92,4.12,4.05,6.97,6.97,3,2015,0.0,525.0,5.25
2015-06-30,105.94999999999999,10.969999999999999,0.013526510480887793,0.0,39.51,10.309999999999999,22.38,3.0,95.64,4.7299999999999995,63.22,188.75,0.26,622.29,1450.61,2099.9,11.6,47.3,0.02,80.18,34.66,114.84,957.43,1985.06,17.39,-32.699999999999996,0.07000000000000028,12.07,55.44667274384686,1.45,0.06,0.02,0.0,0.0,2.0830826140567202,1.9478175092478422,2.218347718865598,2.2454007398273736,2.001923551171393,7.12,6.89,7.76,7.76,6,2015,0.0,810.9999999999999,16.22
2015-09-30,91.80000000000001,3.25,0.0033384694401643556,0.0,36.69,3.4399999999999995,14.060000000000002,3.58,88.36000000000001,1.7699999999999996,161.27,171.01,0.29,643.05,1441.13,2110.71,17.8,46.35,0.0,86.13,36.2,122.33,957.93,1988.37,30.099999999999994,61.709999999999994,6.249999999999998,10.619999999999997,268.08692307692303,1.72,0.06,0.02,0.0,0.0,0.6142783769902415,0.5875706214689266,0.6543400102722137,0.6610169491525424,0.6076014381099127,6.13,5.95,7.47,7.46,9,2015,0.0,973.4999999999999,19.47
2015-12-31,105.71999999999997,-1.9399999999999977,-0.0022133485453508244,0.0,57.459999999999994,-0.759999999999998,10.329999999999998,3.62,106.47999999999996,0.40000000000000036,71.89,147.01,0.26,623.6,1431.17,2087.29,0.0,36.68,0.0,59.24,42.23,101.47,957.98,1985.82,27.80000000000001,-99.38000000000001,-17.799999999999997,11.090000000000003,-408.88273195876343,1.75,0.05,0.02,0.0,0.0,-0.37184255561893853,-0.3762692527096402,-0.38954934398174507,-0.3939760410724467,-0.3851226468910434,4.13,4.05,10.53,10.52,12,2015,0.0,876.5,17.53
2016-03-31,89.39,5.58,0.01,0.0,39.18,5.58,16.76,3.2,83.81,2.68,82.71,142.57,0.27,640.37,1423.25,2100.29,3.38,32.52,0.0,56.77,43.89,100.66,957.98,1999.64,8.87,-9.67,11.62,11.18,80.0,1.53,0.05,0.01,0.0,0.0,1.08,1.08,1.12,1.12,1.08,6.45,6.24,11.28,11.28,3,2016,0.0,558.0,5.58
2016-06-30,72.49999999999999,-18.939999999999998,-0.014176646706586825,0.0,20.6,-18.8,-7.480000000000002,2.36,91.30000000000001,-20.68,66.06,131.96,5.85,628.11,1415.09,2085.7,8.84,28.65,0.0,54.89,48.05,102.94,964.84,1982.76,-4.569999999999999,-19.61,7.520000000000001,11.32,-41.61774023231257,1.15,0.05,-0.01,0.0,0.0,-3.629221556886227,-3.57251497005988,-3.7993413173652697,-3.7993413173652697,-3.6859281437125744,-8.5,-8.25,11.44,11.34,6,2016,0.0,1336.0,-13.36
2016-09-30,85.9,-5.699999999999999,-0.005981112277019937,0.0,38.28999999999999,-5.519999999999998,5.84,2.76,91.40999999999997,-7.75,582.38,122.32,4.71,1161.74,1405.06,2607.34,8.84,31.45,0.0,58.86,51.11,109.96,966.56,2497.37,14.43,-18.4,520.3000000000001,11.36,-115.36315789473684,1.07,0.04,-0.02,0.0,0.0,-0.8732423924449108,-0.94501573976915,-0.9091290661070304,-1.0167890870933893,-0.8852046169989507,-7.92,-7.69,19.74,19.66,9,2016,0.0,952.9999999999999,-19.06
2016-12-31,115.47,-32.239999999999995,-0.025138401559454186,0.0,34.52000000000001,-26.850000000000005,11.49,3.68,142.33000000000004,-28.25,119.37,125.46,3.81,439.55,3890.8,9578.28,0.0,79.74,161.42,321.19,1426.42,1747.6,3240.09,7830.68,-13.63,214.73000000000002,-664.1200000000001,38.34,-36.59739454094293,1.52,0.22,-0.04,0.0,0.0,-1.3574736842105264,-1.9607953216374268,-1.6591345029239764,-2.63953216374269,-1.2317816764132552,-14.46,-14.12,1.37,1.36,12,2016,0.0,1282.5,-51.3
2017-03-31,123.39,-25.87,-0.01,0.0,29.25,-18.22,27.36,3.6,141.61,-20.19,108.95,131.93,2.66,434.15,3911.24,9581.77,0.0,52.93,164.25,302.98,1473.99,1776.96,3240.09,7804.8,13.11,-72.93,50.45,45.58,-90.0,1.49,0.23,-0.01,0.0,0.0,-1.08,-1.24,-1.32,-2.12,-0.8,-21.31,-20.97,1.43,1.42,3,2017,0.0,2587.0,-25.87
2017-06-30,232.13,-178.29,-0.0523971394984326,0.0,21.46,-30.509999999999998,17.47,3.28,262.65,-141.56,414.85,134.58,1.6,2084.41,3937.46,8848.81,0.0,109.44,36.15,376.01,846.29,1222.29,3240.09,7626.51,-55.769999999999996,1105.75,-744.08,47.980000000000004,-15.65066352571653,1.39,0.16,-0.06,0.0,0.0,-8.06915948275862,-3.1088969435736677,-9.361622257053291,-14.84585619122257,-2.026022727272727,-84.19,-57.43,5.54,5.54,6,2017,0.0,3402.6666666666665,-204.16
2017-09-30,155.25,-27.810000000000002,-0.00839203345260163,0.0,37.809999999999995,-18.160000000000004,37.35000000000001,4.32,173.39999999999998,-23.900000000000006,650.35,105.98,8.56,2011.99,3909.76,8736.31,0.0,107.59,9.97,291.53,846.07,1137.61,3240.09,7598.7,-2.5700000000000003,266.35000000000014,-28.279999999999973,55.50999999999999,-128.6845442286947,1.84,0.15,-0.07,0.0,0.0,-1.2755890847954479,-0.5658628270897099,-1.4626115445962842,-2.2059059361124285,-0.37884036728887366,-59.17,-45.42,6.9,6.87,9,2017,0.0,3313.8571428571427,-231.97
