,revenue,net_profit,eps,dps,gross_profit,ebit,ebitda,close_price,expense,operating_profit,cash,account_receivable,inventory,current_asset,property_plant_equipment,total_asset,short_term_loan,account_payable,current_portion_long_term_debt,current_liability,non_current_liability,total_liability,paid_in_capital,total_equity,cash_flow_operation,cash_flow_investment,cash_flow_financing,depreciation,P/E,P/BV,D/E,EPS,DPS,DPR%,ROA%,ROAA%,ROE%,ROAE%,ROCE%,NPM%,NPMA%,TIE,CurrentRatio,QuickRatio,month,year,dividend,number_of_shares,return_old
2000-03-31,333.44,-76.49,-0.15,0.0,79.65,35.95,95.17,0.84,297.49,3.93,339.24,78.67,0.0,3529.99,3767.06,12305.59,136.53,71.32,440.84,1457.39,8573.82,10031.21,5381.04,2274.38,-406.82,-16.37,245.35,59.22,-1.4,1.99,4.41,-0.15,0.0,0.0,-2.48,0.0,-13.440000000000001,0.0,1.32,-25.58,-22.94,0.0,2.42,2.42,3,2000,0.0,509.93333333333334,-76.49
2000-06-30,390.14000000000004,-69.13000000000001,-0.128176761433869,0.0,88.69,-9.890000000000004,20.67,0.6,400.03,-22.59,259.95,166.67,2866.78,3440.77,7724.89,12215.37,115.64,86.09,609.95,1702.85,8289.46,9992.32,5411.4,2223.05,-28.910000000000025,-13.23,-37.150000000000006,30.560000000000002,-1.1690886735136699,1.46,4.49,-0.27,0.0,0.0,-2.259708831204505,0.0,-12.437893146545806,0.0,0.47472874605136667,-21.61,-20.12,0.0,2.02,0.34,6,2000,0.0,539.3333333333334,-145.62
2000-09-30,463.52999999999986,-18.97999999999999,-0.035746051032806786,0.0,121.72,54.620000000000005,85.66,0.62,408.9100000000001,39.760000000000005,210.13,156.23,2880.96,3398.1,3688.06,12183.58,222.41,77.11,735.76,1938.95,8042.42,9981.38,5411.4,2202.21,-80.56999999999994,-19.1,49.84000000000003,31.039999999999992,-4.336143308746051,1.52,4.53,-0.31,0.0,0.0,-0.622673147023086,0.0,-3.445458080194409,0.0,0.3643791008505466,-14.73,-13.87,0.0,1.75,0.27,9,2000,0.0,530.9677419354839,-164.6
2000-12-31,808.7,-1118.5300000000002,-2.092127843632368,0.0,238.7,-1056.59,-1018.41,0.56,1865.2899999999997,106.46000000000001,222.79,186.72,2565.29,3114.15,3484.91,10790.55,187.53,100.67,722.33,1895.95,7810.23,9706.18,5411.4,1084.37,204.96999999999997,-7.75,-184.57000000000002,38.18000000000001,-0.06596155221585473,2.79,8.95,-2.4,0.0,0.0,-41.459000101314764,0.0,-412.60247956169684,0.0,-38.251070741078465,-65.35,-64.29,0.0,1.64,0.29,12,2000,0.0,534.6375,-1283.13
2001-03-31,428.78,14.69,0.03,0.0,141.84,20.36,52.15,0.72,408.42,45.36,29.89,196.79,3270.34,3643.41,3451.45,10564.25,176.94,33.74,681.52,1932.4,7522.98,9455.38,5411.4,1108.87,-114.51,-29.1,-49.28,31.79,6.0,3.51,8.53,0.03,0.0,0.0,0.56,0.72,5.28,3.48,0.9599999999999999,3.24,3.43,0.0,1.89,0.19,3,2001,0.0,489.6666666666667,14.69
2001-06-30,636.75,28.47,0.046174698795180734,0.0,174.48999999999998,83.24,115.5,0.74,553.51,77.82000000000001,399.66,205.12,3138.28,3988.05,3422.18,10922.35,110.19,32.0,739.66,1784.21,7186.29,8970.5,8117.09,1951.86,89.27000000000001,-168.78,399.27,32.26,4.005981735159818,3.08,4.6,0.07,0.0,0.0,1.055421686746988,2.374698795180723,5.831204819277109,5.461807228915663,2.981566265060241,3.98,4.05,0.0,2.24,0.48,6,2001,0.0,616.5714285714284,43.16
2001-09-30,714.3800000000001,57.71000000000001,0.08009715475364332,0.0,217.42000000000002,109.81,142.92999999999998,0.82,604.57,103.45999999999998,226.09,174.62,3079.18,3739.4,3406.42,10696.08,110.02,124.91,878.11,1924.66,6751.35,8676.01,8117.09,2020.07,74.96,14.379999999999995,-212.91,33.120000000000005,2.5606402703171023,3.29,4.29,0.14,0.0,0.0,2.1511807276692774,4.279476553980372,11.419565777733718,10.93898284921186,5.561031030038665,5.63,5.67,0.0,1.94,0.34,9,2001,0.0,720.5,100.87
2001-12-31,1040.09,107.09,0.14933689170994421,0.0,289.29999999999995,156.63000000000002,174.14000000000004,1.3,883.46,109.19999999999999,236.52,149.79,3060.02,3681.22,3364.07,10354.41,107.35,143.11,752.4,1716.58,6502.22,8218.8,4058.55,2135.61,189.67,118.54,-297.77,17.510000000000005,2.1749481744327204,2.47,3.85,0.29,0.0,0.0,4.140236583958453,7.209367185997308,20.062638969032506,26.61286401231006,8.816026158876706,7.48,7.37,0.0,2.14,0.36,12,2001,0.0,717.1034482758621,207.96
2002-03-31,871.24,110.64,0.14,0.0,223.78,151.24,176.74,1.74,720.0,68.3,455.67,169.98,3102.06,4017.24,2279.26,10658.04,263.17,181.37,819.4,1848.28,6546.49,8394.77,4058.57,2263.27,2.57,-60.04,276.62,25.5,3.1075,3.12,3.71,0.14,0.0,0.0,4.16,5.72,19.56,26.24,6.88,14.04,12.7,0.0,2.17,0.5,3,2002,0.0,790.2857142857142,110.64
2002-06-30,1067.55,179.40000000000003,0.2226727347952007,0.0,317.99,188.07999999999998,222.0,1.86,879.47,175.29000000000002,233.89,154.55,2801.8,3483.48,2263.88,11179.31,785.62,156.61,1008.09,2474.3,6219.67,8693.98,4069.93,2485.33,-453.73,-185.01000000000002,416.96000000000004,33.92,2.0896137123745815,3.05,3.5,0.36,0.0,0.0,6.40802647910633,7.595614398014068,28.873231278444358,32.33702937525859,9.649151841125363,15.76,14.96,0.0,1.41,0.28,6,2002,0.0,805.6666666666667,290.04
2002-09-30,1042.9,164.20999999999998,0.20243830489818382,0.0,334.83000000000004,217.82999999999998,249.33000000000004,1.44,825.0699999999999,181.98999999999998,163.45,112.43,2693.3,3299.33,2117.49,11337.35,1167.01,165.77,1025.65,2816.34,5823.07,8639.41,4129.9,2697.94,-86.43,-67.44999999999999,83.43999999999994,31.5,1.777331618050058,2.2,3.2,0.56,0.0,0.0,5.798411447440835,7.316698734177213,24.35043610346725,27.849726802421575,9.456760814529444,15.96,15.23,0.0,1.17,0.22,9,2002,0.0,811.1607142857142,454.25
2002-12-31,876.5299999999997,148.39,0.1772879330943847,0.0,318.62,197.26,234.01,1.4,679.27,145.17000000000002,182.68,85.48,3319.87,4153.54,1023.42,11944.53,1540.54,194.61,1245.62,3269.3,5428.53,8697.83,4542.0,3246.7,-565.1899999999999,-90.76999999999998,675.2,36.75,1.9696772019677877,1.96,2.68,0.72,0.0,0.0,4.973911456259126,6.667996150272136,18.28035576795433,22.052649011018186,8.568916766228593,16.42,15.62,0.0,1.27,0.25,12,2002,0.0,837.0,602.64
2003-03-31,969.35,104.33,0.11,0.0,297.4,157.39,226.56,1.24,811.96,139.22,388.18,93.77,3802.7,4772.05,2073.57,12651.07,1769.78,117.65,1085.73,3280.12,6026.96,9307.08,4546.13,3343.99,-406.64,-36.41,648.54,69.17,2.8175,1.69,2.78,0.11,0.0,0.0,3.28,5.4,12.48,14.880000000000003,6.72,11.12,10.76,0.0,1.45,0.3,3,2003,0.0,948.4545454545454,104.33
2003-06-30,1367.2800000000002,209.12,0.20681831233051523,0.34,347.83000000000004,245.26,254.82999999999998,1.5,1122.02,148.73999999999998,500.73,141.24,3486.78,4719.28,6462.71,13325.38,1487.43,160.89,293.01,2531.41,5991.48,8522.9,5892.61,4802.48,-136.85000000000002,73.75,391.34000000000015,9.569999999999993,1.8136691851568476,1.84,1.77,0.31,0.34,1.08,6.271264954538204,8.779770936353486,17.42611070346148,22.950161110224915,9.95396522571383,14.12,13.41,0.0,1.86,0.49,6,2003,343.78387096774196,1011.1290322580645,313.45
2003-09-30,1595.1999999999998,326.09999999999997,0.30593385974513326,0.01747584617208168,489.04999999999995,369.2900000000001,444.97,1.74,1225.9099999999999,269.81,390.7,107.19,5560.89,6612.72,2073.52,13646.09,1342.35,166.72,401.1,2489.56,6025.39,8514.96,5895.17,5131.13,-10.919999999999959,-98.58000000000001,-216.22000000000014,75.67999999999999,1.4218759582950014,2.0,1.66,0.6,0.34,0.56,9.565532014697835,12.604475021499491,25.41290594949574,33.32639512156985,14.113748729575482,17.22,16.27,0.0,2.66,0.42,9,2003,18.62779569892473,1065.9166666666667,639.55
2003-12-31,2112.5299999999997,535.2,0.4874773356033199,0.009903823508547897,795.52,570.8599999999999,690.7700000000001,1.43,1541.6600000000003,551.8499999999999,895.95,123.79,5185.57,6572.12,2178.55,14746.47,1100.91,160.3,931.99,2716.62,6227.67,8944.29,5913.27,5802.17,43.22999999999996,-60.07,522.1,119.91,0.7353162369207773,1.46,1.54,1.07,0.34,0.31,14.524091083209195,18.33279250904448,36.902489891466274,47.308080868269855,20.337372206852525,20.24,19.44,0.0,2.42,0.51,12,2003,10.873380062305273,1097.8971962616822,1174.75
2004-03-31,1103.33,155.55,0.13,0.0,383.36,189.48,255.29,1.4,913.84,150.68,528.89,244.11,5334.92,6528.9,2519.08,15217.19,1293.61,251.99,2268.6,4936.71,4800.84,9737.55,5972.73,5479.64,-441.25,-75.47,149.66,65.81,2.6925,1.53,1.78,0.13,0.0,0.0,4.08,5.44,11.359999999999998,14.12,7.36,14.63,14.1,0.0,1.32,0.24,3,2004,0.0,1196.5384615384617,155.55
2004-06-30,1708.96,255.45,0.043507299270073,0.45,542.47,289.78999999999996,361.97,1.25,1419.1799999999998,240.8,517.68,238.88,5001.94,6489.34,2542.41,15798.47,2040.47,188.89,2023.13,4889.93,5048.81,9938.74,6097.08,5859.73,-333.67999999999995,-21.47,343.92999999999995,72.18,7.183852025836759,1.3,1.7,0.07,0.45,6.43,6.463941605839416,8.179372262773722,17.42778102189781,19.16807299270073,10.914116788321166,15.1,14.61,0.0,1.33,0.3,6,2004,2642.142857142857,5871.428571428571,411.0
2004-09-30,1976.1999999999998,336.64,0.05403242202129367,0.0259227129940308,643.7499999999999,362.59000000000003,442.8299999999999,1.19,1613.6100000000001,314.27,985.3,219.92,6691.46,8583.51,2543.02,16244.37,1162.15,229.23,3265.39,5343.48,4692.58,10036.05,6107.14,6208.32,490.8299999999999,-42.870000000000005,19.670000000000016,80.23999999999998,5.507804182509505,1.17,1.62,0.12,0.45,3.75,8.284971376598362,10.140084532662778,21.68501203787919,23.75625488202878,13.904343266812903,16.08,15.61,0.0,1.61,0.35,9,2004,161.5071428571432,6230.333333333333,747.64
2004-12-31,2403.24,217.06000000000006,0.036000414636674624,-0.014998445112470213,758.5799999999999,241.2399999999999,323.2900000000002,1.17,2161.99,361.4100000000001,802.87,101.7,6038.69,7661.02,3288.08,16097.02,721.37,246.07,3218.73,4745.37,4920.16,9665.54,6113.24,6431.48,546.12,-474.79,-253.76,82.04999999999998,8.122128674099326,1.11,1.5,0.16,0.45,2.81,5.3910620918420245,6.318072768736395,13.500155488752982,14.193163470508969,8.586098890846896,13.78,13.41,0.0,1.61,0.34,12,2004,-90.43125000000009,6029.375,964.7
2005-03-31,1575.63,147.84,0.02,0.0,446.37,180.9,262.03,1.19,1394.73,139.48,1132.53,245.17,5627.63,7624.57,3474.95,16573.26,2373.82,245.51,1493.93,4784.99,5066.9,9851.9,6255.24,6721.36,335.14,-234.2,228.72,81.13,14.874999999999998,1.11,1.47,0.02,0.0,0.0,3.56,4.56,8.8,9.680000000000001,6.12,9.64,9.38,0.0,1.59,0.42,3,2005,0.0,7392.0,147.84
2005-06-30,2091.54,255.24999999999997,0.0379939963779801,0.07,611.4599999999999,283.59000000000003,372.18000000000006,1.11,1807.9499999999998,261.70000000000005,657.14,87.23,5949.77,7269.04,3858.76,16831.06,3339.06,246.9,1630.28,5804.26,4479.48,10283.74,6263.73,6547.32,-586.67,42.73999999999998,68.53999999999999,88.59,7.303785504407444,1.06,1.57,0.06,0.07,1.17,6.053710089558163,7.218859311816219,15.602867845890495,16.46406509712471,10.663648316753083,11.25,10.99,0.0,1.25,0.23,6,2005,470.27166666666665,6718.166666666666,403.09
2005-09-30,1784.38,223.88000000000005,0.03570824760355361,-0.005007044462520795,541.28,250.99,329.0999999999999,1.25,1533.3800000000006,239.72999999999996,359.01,79.39,6001.48,7114.9,4320.07,17525.74,2131.13,239.73,961.41,4000.76,6753.63,10754.4,6263.85,6771.35,855.78,-1550.72,396.79999999999995,78.11000000000001,8.751479587278897,1.16,1.59,0.1,0.07,0.7,5.1134210568288765,6.056118793562692,13.226334912356256,13.797666874013114,7.555865192911943,11.75,11.5,0.0,1.78,0.28,9,2005,-31.392666666666628,6269.7,626.97
2005-12-31,2590.46,196.35000000000002,0.0310031336539863,0.0007021935577904129,641.51,282.94999999999993,389.9000000000001,1.16,2307.5199999999995,294.71000000000004,1035.44,145.82,5536.04,7000.41,4864.2,19324.28,3182.17,232.82,972.45,5086.25,7262.63,12348.88,6270.73,6975.4,-435.18,-459.1299999999999,1570.75,106.94999999999996,9.35066768525592,1.04,1.77,0.13,0.07,0.54,4.0637953651071275,5.380236117184084,11.256522372831949,11.714414808336977,6.687137443521352,10.42,10.24,0.0,1.38,0.29,12,2005,4.447153846153867,6333.2307692307695,823.32
2006-03-31,2012.27,151.03,0.02,0.0,553.94,256.46,354.01,1.29,1755.81,239.6,1006.24,165.44,4945.42,6381.79,5162.88,20905.52,3850.43,292.57,1173.0,6225.85,7538.69,13764.54,6285.28,7140.98,-823.26,-365.35,1159.42,97.55,16.125,1.14,1.93,0.02,0.0,0.0,2.8799999999999994,5.48,8.44,8.72,7.0,7.57,7.51,0.0,1.03,0.23,3,2006,0.0,7551.5,151.03
2006-06-30,2050.2400000000002,73.83000000000001,0.013133505292181805,0.05999999999999999,519.55,200.74,341.68000000000006,1.08,1849.5,166.15,714.06,115.28,5374.2,6370.11,5221.08,20644.19,1850.0,296.45,2002.59,5045.8,8757.33,13803.13,6288.66,6841.06,365.14,-329.0799999999999,-328.2500000000001,140.94,20.558106460788295,0.99,2.02,0.04,0.06,1.5,1.4315520768478167,3.2045752912923597,4.320923241127813,4.412857778173086,3.8481170506092686,5.62,5.54,0.0,1.26,0.2,6,2006,337.28999999999996,5621.5,224.86
2006-09-30,2009.92,101.21999999999997,0.01552073110893032,0.008281096663395483,487.3399999999999,229.63000000000005,337.21000000000004,1.1,1780.2900000000004,215.26999999999998,864.22,147.15,5821.99,7001.62,5935.28,21985.82,2530.0,370.05,3867.67,7656.38,7369.56,15025.93,6306.26,6959.89,-244.90999999999997,-767.84,1162.9099999999999,107.57999999999998,17.718237502469872,1.0,2.16,0.05,0.06,1.2,1.8376545632973498,4.320971540726201,5.823378312070656,5.897877821393522,5.9475441609420985,5.45,5.37,0.0,0.91,0.15,9,2006,54.00599999999997,6521.599999999999,326.08
2006-12-31,5042.84,681.73,0.10823151189212254,-0.0021221857294529745,769.3899999999999,1541.46,1571.5,1.13,3501.379999999999,132.90999999999997,535.22,202.9,5464.51,6734.89,3387.51,20478.45,1664.0,438.8,2478.34,6305.04,5596.43,11901.47,7242.0,8576.97,984.24,2555.15,-3868.39,30.04000000000002,2.609221612661904,0.95,1.39,0.16,0.06,0.38,13.312475962731071,30.30482332979431,31.793006618310994,35.0670098530477,42.53498417360416,10.62,9.07,0.0,1.07,0.2,12,2006,-13.367250000000013,6298.812499999999,1007.81
2007-03-31,2503.14,230.55,0.03,0.0,683.78,358.86,474.09,1.24,2144.28,310.69,769.29,314.41,5485.04,6744.3,3453.97,22074.46,3265.0,367.22,1989.13,7396.34,5852.17,13248.51,7242.32,8825.95,-840.19,-302.86,1377.12,115.23,10.3325,1.02,1.5,0.03,0.0,0.0,4.16,6.68,10.44,11.56,9.76,9.39,9.21,0.0,0.91,0.17,3,2007,0.0,7685.000000000001,230.55
2007-06-30,2626.77,242.97999999999996,0.035918737989145355,0.09,702.52,382.53,490.2300000000001,1.53,2244.2400000000002,305.46999999999997,658.81,320.03,5733.6,7088.58,3507.46,23192.89,5283.54,370.17,2576.23,9385.35,5390.08,14775.44,7248.21,8417.45,-1390.71,-24.689999999999998,1304.92,107.7,10.650429870771259,1.32,1.76,0.07,0.09,1.29,4.187098599877515,6.937447680189217,11.555571135936477,12.746020737862436,11.021921314383459,9.51,9.23,0.0,0.76,0.14,6,2007,608.8242857142856,6764.714285714284,473.53
2007-09-30,2554.8,284.72,0.03754962083745467,0.009706655362441726,750.3799999999999,419.66999999999996,537.7699999999999,1.77,2135.129999999999,335.36,902.6,160.54,6250.31,7607.25,3618.25,23636.67,5012.7,608.28,2586.44,9173.81,5706.4,14880.21,7303.39,8756.45,48.970000000000255,-124.46999999999997,319.28999999999996,118.09999999999997,11.784406610002808,1.48,1.7,0.1,0.09,0.9,4.82137131552918,7.645102802505771,13.007188658094297,14.494153643257503,12.06093821299044,10.18,9.87,0.0,0.83,0.15,9,2007,73.60071428571439,7582.5,758.25
2007-12-31,2895.8200000000006,308.1099999999999,0.04334042912337296,-0.005993613788964332,820.4100000000003,453.24,579.1099999999999,2.12,2442.58,381.23,432.09,30.68,6125.06,7118.27,3721.84,23857.69,4070.0,466.0,2118.34,7557.32,7256.1,14813.42,7303.72,9044.27,-487.3300000000004,-128.76,145.57000000000016,125.87,12.22588263931713,1.71,1.64,0.15,0.09,0.6,5.166179151506056,8.41382197381747,13.626230916388456,13.984511797141675,11.441873288570461,10.41,10.08,0.0,0.94,0.13,12,2007,-42.60900000000004,7109.066666666667,1066.36
2008-03-31,2448.7,306.78,0.04,0.0,767.49,440.95,518.71,2.74,2007.76,347.19,778.23,28.6,7617.79,9487.17,3818.22,25705.88,2791.0,478.46,2748.32,6979.94,9266.0,16245.94,7392.42,9459.94,-1016.56,-109.43,1472.14,77.76,17.125,2.14,1.72,0.04,0.0,0.0,4.76,7.4,12.96,13.439999999999998,9.4,13.03,12.53,0.0,1.36,0.27,3,2008,0.0,7669.499999999999,306.78
2008-06-30,3035.45,431.15,0.05842695106581925,0.07,948.95,666.94,748.21,2.16,2368.5,613.29,1010.42,30.59,6531.18,8578.52,2961.71,26179.7,3457.0,404.08,2113.05,6973.57,9533.02,16506.59,7673.08,9673.11,106.0,8.080000000000013,118.1099999999999,81.27,9.242310100892961,1.71,1.71,0.1,0.07,0.7,6.590560080224412,10.493480411421139,17.831905465288035,19.070556827883404,13.484940305991081,13.97,13.46,0.0,1.23,0.29,6,2008,516.551,7379.299999999999,737.93
2008-09-30,3120.870000000001,493.2800000000001,0.06410344295449194,0.0028724100681443493,1011.2199999999998,697.3399999999999,774.9399999999998,1.75,2423.5299999999997,574.1500000000001,1205.55,29.77,9167.14,11294.12,2969.98,26695.27,3567.0,420.8,2045.13,7032.95,8526.22,15559.18,8477.34,11136.09,291.4699999999999,-85.62,-10.720000000000027,77.6,6.82646640853065,1.33,1.4,0.16,0.07,0.44,7.387921800505196,11.49054214959268,17.72460197691702,19.840015594415256,14.711740158055898,14.87,14.31,0.0,1.61,0.3,9,2008,22.103375000000028,7695.0625,1231.21
2008-12-31,2477.0499999999993,326.3899999999999,0.04190934771443245,0.000835339625064188,777.31,531.3600000000001,608.55,0.94,1945.6899999999996,419.8399999999999,728.3,28.29,8885.81,10579.16,2978.62,28810.73,3914.0,460.01,3079.35,8529.12,8784.82,17313.94,8477.34,11496.79,-2076.39,-21.47,1620.61,77.19,5.607340911179879,0.69,1.51,0.2,0.07,0.35,4.534591422701591,7.434718284540315,11.357433230611194,12.715296096558804,9.655913713405235,14.67,14.06,0.0,1.24,0.2,12,2008,6.505624999999895,7787.999999999999,1557.6
2009-03-31,2329.73,292.06,0.03,0.0,658.57,462.71,539.75,0.81,1867.03,357.62,879.44,32.8,10023.03,11624.35,2941.16,28784.26,2806.0,242.13,2798.44,6864.53,10149.45,17013.98,8477.34,11770.28,135.15,33.48,-17.49,77.04,6.75,0.58,1.45,0.03,0.0,0.0,4.04,6.8,9.92,11.0,8.44,13.2,12.54,0.0,1.69,0.23,3,2009,0.0,9735.333333333334,292.06
2009-06-30,3102.93,473.52000000000004,0.05566603098304553,0.08,893.11,698.1399999999999,773.69,1.45,2404.79,583.77,1279.18,25.43,10413.71,12337.78,2897.77,28207.4,2811.0,272.04,2577.69,6801.15,9854.52,16655.67,8477.34,11551.73,1408.6999999999998,173.09,-1182.04,75.55,6.5116013051191075,1.06,1.44,0.09,0.08,0.89,6.704664176180151,10.564175657671308,16.40292379633742,17.83787037278926,13.409328352360301,14.76,14.09,0.0,1.81,0.28,6,2009,680.5155555555556,8506.444444444445,765.58
2009-09-30,3317.9400000000005,505.55000000000007,0.05965754879516651,-0.0003044010709631049,932.1400000000001,747.74,817.0799999999999,2.4,2570.1900000000005,616.9599999999999,1150.53,30.76,10361.65,12062.14,2856.6,27849.56,800.0,429.4,2527.81,5013.5,10778.81,15792.32,8477.34,12057.24,962.94,32.75,-1124.36,69.34,10.05740282860251,1.69,1.31,0.15,0.08,0.53,7.254357933492247,11.136075775097748,16.767748381361464,17.43591292786733,13.299656211402452,15.2,14.53,0.0,2.41,0.34,9,2009,-2.579555555555544,8474.2,1271.13
2009-12-31,3249.5499999999993,444.7399999999998,0.05183842598798276,0.0009804938602574564,892.9099999999999,702.6400000000001,774.29,2.66,2546.8999999999996,476.02,1186.78,34.59,10449.19,12064.9,2810.85,28257.81,1600.0,440.16,4335.55,7985.14,7769.13,15754.27,8477.34,12503.54,258.0799999999999,170.43,-392.25,71.64999999999998,12.82832160363359,1.8,1.26,0.2,0.08,0.4,6.293184914941106,9.486431955800844,14.224464091102467,14.825789832563068,13.353578534504356,15.11,14.3,0.0,1.51,0.2,12,2009,8.411999999999807,8579.349999999999,1715.87
2010-03-31,5160.74,1001.67,0.12,0.0,1399.4,1375.54,1445.49,2.42,3785.2,1055.2,766.01,30.04,8402.61,11029.37,2786.31,28017.45,660.0,532.02,5522.71,8156.54,6468.95,14625.49,8477.34,13391.96,208.3,417.15,-1046.22,69.95,5.0425,1.53,1.09,0.12,0.0,0.0,14.32,19.36,29.92,31.84,27.72,20.75,19.41,0.0,1.35,0.32,3,2010,0.0,8347.25,1001.67
2010-06-30,3090.9300000000003,385.61,0.044473790438844356,0.12000000000000001,896.2999999999997,566.28,639.7,2.02,2524.6500000000005,432.06999999999994,1297.94,32.88,7493.13,9195.56,2734.78,29253.25,500.0,594.69,5820.32,8136.52,8355.54,16492.06,8477.34,12761.19,94.19999999999999,-576.0,1013.73,73.42,11.359499494307721,1.34,1.29,0.16,0.12,0.75,5.270144167003057,7.516070584164696,12.085752551755952,12.686148722680352,10.228971800934202,17.86,16.81,0.0,1.13,0.21,6,2010,1040.46,8670.5,1387.28
2010-09-30,2421.17,204.54999999999995,0.0244149814992807,-0.004188763875539493,672.02,318.26,388.75,2.64,2102.91,180.30999999999995,1452.36,25.54,11562.57,13404.74,2710.58,30621.7,0.0,552.09,4615.52,6307.1,11348.75,17655.85,8477.34,12965.85,-1147.37,6.599999999999994,1295.2,70.49000000000001,27.02336678073821,1.73,1.36,0.19,0.12,0.63,2.672797974658098,3.9732169892513647,6.3119152170772,6.538075045702116,4.780196377753906,15.86,14.91,0.0,2.13,0.29,9,2010,-35.093684210526476,8378.052631578947,1591.83
2010-12-31,3501.039999999999,410.8100000000002,0.04923221347820878,-0.00048491780323654896,914.25,612.3699999999999,682.9000000000001,2.1,2888.67,345.97,1114.14,31.03,10855.86,12205.22,2677.98,30548.93,600.0,497.38,2600.05,4944.34,12231.96,17176.3,8477.34,13372.63,14.440000000000055,172.8,-525.47,70.52999999999997,10.66374966529539,1.33,1.28,0.24,0.12,0.5,5.382722006950827,8.016645428034996,12.291642631726127,12.701911077377865,9.206423920425042,15.12,14.13,0.0,2.47,0.27,12,2010,-4.0463157894735104,8344.333333333334,2002.64
2011-03-31,2347.4,157.71,0.02,0.0,610.79,252.72,310.84,2.26,2094.68,90.39,1041.38,30.83,12896.22,14356.17,1430.38,33033.25,2480.0,556.34,3100.04,7284.75,12310.94,19595.69,8477.34,13437.56,-1364.13,-1098.63,2389.99,58.12,28.249999999999996,1.43,1.46,0.02,0.0,0.0,1.92,3.32,4.68,4.72,3.92,7.22,6.72,0.0,1.97,0.2,3,2011,0.0,7885.5,157.71
2011-06-30,3105.9100000000003,367.55999999999995,0.04198526472100062,0.12,847.1200000000001,514.4,575.6300000000001,1.79,2591.52,260.23,1269.89,31.69,14271.24,16085.34,1416.88,34698.51,4000.0,681.46,3372.59,9185.28,12728.03,21913.3,8477.34,12785.21,-1014.0999999999999,45.76000000000022,1196.8500000000004,61.23,10.657310439111983,1.19,1.71,0.06,0.12,2.0,4.226516648580729,6.717642355360099,11.503962533554171,11.503962533554171,8.42504312068079,10.43,9.63,0.0,1.75,0.2,6,2011,1050.54,8754.5,525.27
2011-09-30,3202.79,275.4,0.030956573869384385,0.001913147738768779,873.8900000000001,463.05000000000007,518.99,1.44,2739.7300000000005,286.74,841.75,35.88,14745.72,16263.44,1433.26,36680.28,3215.0,572.01,5600.0,10525.02,13094.11,23619.13,8477.34,13061.14,-2238.3399999999997,-2.7100000000000364,1812.92,55.94,11.629193899782136,0.93,1.81,0.09,0.12,1.33,2.9993480460114657,5.0356026827531934,8.433946569747835,8.4614635242984,6.466484319382517,9.93,9.25,0.0,1.55,0.14,9,2011,17.019999999999982,8896.333333333334,800.67
2011-12-31,2015.08,52.25,0.006126014163110257,-0.005165314449186343,536.6899999999996,114.15999999999985,182.54999999999995,1.49,1900.92,-115.18000000000006,1113.32,67.32,16426.94,18176.08,1433.91,37966.15,3683.13,545.92,5994.35,11269.42,13529.13,24798.56,8477.34,13167.6,-1068.5900000000001,22.159999999999854,1317.9899999999998,68.39000000000001,60.80625837320574,0.96,1.88,0.1,0.12,1.2,0.5513412746799231,0.9605590207756882,1.5878628710781788,1.575610842751958,1.2350044552830277,8.66,7.99,0.0,1.61,0.16,12,2011,-44.056000000000154,8529.199999999999,852.92
2012-03-31,2624.42,304.32,0.04,0.0,742.28,436.89,500.31,1.8,2187.53,223.94,1319.96,72.36,17505.81,19445.51,1420.15,38879.28,1300.0,593.85,4249.58,11051.22,14390.23,25441.46,8477.34,13437.82,-365.51,23.17,548.98,63.42,11.25,1.14,1.89,0.04,0.0,0.0,3.12,4.88,9.04,9.04,6.28,12.62,11.6,0.0,1.76,0.18,3,2012,0.0,7608.0,304.32
2012-06-30,2842.4700000000003,337.23999999999995,0.03679593490866014,0.01,833.8700000000001,452.35,515.79,1.72,2390.1199999999994,221.75,1456.69,69.48,19625.8,21958.23,1336.65,40901.05,1000.0,670.68,5800.0,13259.69,13943.26,27202.94,9183.77,13698.11,-1574.77,217.45,1494.04,63.44,11.685394081366388,1.15,1.99,0.07,0.01,0.13,3.3011210175197956,4.941168402020076,9.840284307001681,10.197730531828666,6.7704520231934655,12.77,11.74,0.0,1.66,0.18,6,2012,91.65142857142855,9165.142857142855,641.56
2012-09-30,4640.7699999999995,1026.46,0.11076773659788253,0.00010967665684036123,982.23,1576.8999999999999,1627.73,1.97,3063.870000000001,242.58999999999997,1817.9,75.99,20374.12,23386.35,510.34,41861.7,1500.0,1234.55,3300.0,11165.99,15932.51,27098.5,9183.77,14763.2,-347.51,2053.23,-1344.5,50.83,4.444434951191473,1.23,1.84,0.18,0.01,0.05,9.796790925768278,15.45825301854894,27.815009412357167,29.513448040191367,19.765887219577703,20.21,16.5,0.0,2.09,0.27,9,2012,1.0163492063492185,9266.777777777777,1668.02
2012-12-31,5105.82,717.6500000000001,0.0782124099309628,-9.931055939095624e-05,1490.9299999999998,1004.6300000000001,1048.1800000000003,2.14,4101.189999999999,722.3800000000001,1649.81,87.77,21697.16,24496.48,505.68,41564.76,700.0,804.83,2080.0,10186.23,15889.64,26075.87,9183.77,15488.89,605.9099999999999,45.99000000000024,-820.0,43.55000000000001,6.839707413084373,1.27,1.68,0.26,0.01,0.04,6.906757430826562,10.504528287650851,18.530324814412722,20.034409620777392,13.308142366714593,18.24,15.68,0.0,2.4,0.27,12,2012,-0.9112393162393175,9175.653846153846,2385.67
2013-03-31,3747.56,590.28,0.06,0.0,1044.94,755.67,798.59,4.46,2991.89,361.97,1758.64,80.86,24425.14,27195.6,327.71,42078.4,800.0,636.08,4080.0,11836.96,13870.45,25707.41,9183.77,16370.98,182.84,375.99,-450.0,42.92,18.5825,2.5,1.57,0.06,0.0,0.0,5.6000000000000005,7.48,14.44,15.840000000000002,10.0,17.6,15.75,0.0,2.3,0.23,3,2013,0.0,9838.0,590.28
2013-06-30,6350.4,1108.08,0.11743941213876916,0.12,1951.2399999999998,1397.7799999999997,1439.25,3.1,4952.630000000001,1106.73,2286.39,78.94,23241.24,26351.0,339.98,41539.91,200.0,1183.72,4065.0,10363.51,14834.18,25197.69,9183.77,16342.21,2221.85,42.94,-1737.0300000000002,41.47,6.598295971410006,1.74,1.54,0.18,0.12,0.67,10.67393768105702,13.622971808097223,27.115455380484704,29.516438917543983,18.033474175086553,18.04,16.82,0.0,2.54,0.3,6,2013,1132.24,9435.333333333334,1698.36
2013-09-30,5548.830000000002,881.5400000000002,0.09567471607426647,0.06711647738284429,1733.5900000000006,1117.4100000000003,1158.04,3.18,4431.41,875.03,1505.77,74.96,23027.96,25324.53,335.9,40822.12,700.0,835.68,3985.0,9421.43,14831.27,24252.7,9183.77,16569.42,546.1199999999999,56.099999999999966,-1382.85,40.629999999999995,8.31149579145586,1.76,1.46,0.28,0.19,0.68,8.638060079848058,10.81124291639211,21.28079041823327,22.510893910616694,14.241864878483666,17.53,16.49,0.0,2.69,0.24,9,2013,618.4064285714285,9213.92857142857,2579.9
2013-12-31,5294.98,727.4299999999998,0.0791801241484823,-0.0005563443278155673,1657.4699999999993,900.3699999999994,951.1599999999999,2.64,4394.610000000001,649.69,1630.33,91.18,22557.81,24901.49,339.12,41651.78,0.0,882.39,3985.0,7480.86,16893.62,24374.48,9183.77,17277.3,333.2000000000003,26.360000000000014,-235.0,50.790000000000006,8.331636343015823,1.4,1.41,0.36,0.19,0.53,6.98544650821055,8.824184946769748,16.83897306891057,17.762741183976196,10.742103509477433,16.79,15.79,0.0,3.33,0.31,12,2013,-5.111150793650722,9187.027777777777,3307.33
2014-03-31,4335.77,631.86,0.07,0.0,1302.8,800.5,842.12,3.02,3535.27,533.28,1775.06,71.09,21988.27,24565.78,393.96,45122.22,400.0,847.72,3585.0,11205.86,15994.75,27200.62,9183.77,17921.6,-2699.94,19.95,2824.72,41.62,10.785,1.55,1.52,0.07,0.0,0.0,5.6,7.360000000000001,14.12,14.76,9.44,15.53,14.57,0.0,2.19,0.23,3,2014,0.0,9026.571428571428,631.86
2014-06-30,5970.65,978.9499999999999,0.10939278996281372,0.09,1878.49,1237.99,1287.1600000000003,3.54,4732.66,941.1500000000001,1892.78,67.64,22183.75,24752.34,424.82,46828.3,1397.0,972.64,1600.0,10805.77,17938.16,28743.94,9183.77,18084.36,-750.6100000000001,28.599999999999998,839.73,49.17000000000001,8.091483911333572,1.8,1.59,0.18,0.09,0.5,8.362471054935094,11.206683593968252,21.659772412637118,22.753700312265256,13.759182026433907,16.53,15.63,0.0,2.29,0.24,6,2014,805.4050000000001,8948.944444444445,1610.81
2014-09-30,6739.15,1069.77,0.11573364719575614,0.07286682359787806,2049.1499999999996,1365.99,1409.2799999999997,4.22,5373.17,1056.3099999999997,1700.11,73.7,22185.22,25225.95,491.76,47995.79,1897.0,1033.78,4600.0,10787.56,18697.9,29485.45,9183.77,18510.34,-231.3499999999999,-14.729999999999997,53.42000000000007,43.290000000000006,9.114678622507641,2.09,1.59,0.29,0.16,0.55,8.923463280334854,12.243821710226893,23.114802915786882,24.391863850360743,14.606384439188535,16.58,15.73,0.0,2.34,0.28,9,2014,673.5356896551724,9243.379310344828,2680.58
2014-12-31,5391.459999999999,648.6199999999999,0.07013793103448275,7.60998810939214e-05,1676.4500000000007,807.8600000000001,852.52,3.66,4583.589999999998,495.02000000000044,1458.19,73.98,24949.32,27708.51,574.93,48633.73,1000.0,1049.83,4600.0,10123.87,19361.17,29485.05,9183.77,19148.69,200.96000000000004,-142.88,-300.0,44.66,13.050000000000002,1.76,1.54,0.36,0.16,0.44,5.338275862068965,7.270965517241379,13.552206896551722,14.245793103448275,8.525655172413792,15.69,14.84,0.0,2.74,0.27,12,2014,0.7037547892718976,9247.777777777777,3329.2
2015-03-31,4243.75,559.29,0.05,0.0,1276.66,717.49,761.69,3.78,3526.26,409.44,2286.8,73.97,28632.51,32149.11,586.3,52513.57,2000.0,1095.69,3800.0,10957.65,21848.37,32806.02,9183.77,19707.55,-2417.78,43.38,3203.0,44.2,18.9,1.76,1.66,0.05,0.0,0.0,4.28,5.88,11.36,11.88,6.92,14.21,13.18,0.0,2.93,0.32,3,2015,0.0,11185.8,559.29
2015-06-30,4880.629999999999,674.03,0.06558200629195991,0.02,1376.07,853.94,907.02,2.52,4026.6899999999996,478.29,3869.44,53.55,29402.38,34440.9,582.86,54237.66,0.0,1080.98,6512.0,11876.86,22143.57,34020.43,10714.38,20217.23,241.19000000000005,211.55,1129.9099999999999,53.08,9.606293488420397,1.34,1.68,0.12,0.02,0.15,4.962371809424967,6.798667985599844,13.335007946031848,14.078270684007396,8.110308111439043,14.61,13.52,0.0,2.9,0.42,6,2015,205.5533333333333,10277.666666666666,1233.32
2015-09-30,4644.620000000001,569.9100000000001,0.05372842066735803,0.05062140344455968,1320.12,738.8099999999997,785.7399999999998,2.42,3905.8100000000004,402.29999999999995,2347.5,51.03,31133.92,34584.27,583.68,53473.17,0.0,1099.27,4912.0,12487.86,20741.8,33229.66,10714.38,20243.51,-296.77999999999975,310.55,-1535.6999999999998,46.93000000000001,11.264057131827832,1.28,1.64,0.17,0.07,0.4,4.260347709388155,5.752101506740683,11.264005368144941,11.769684621484782,7.130077472091747,14.14,13.1,0.0,2.77,0.28,9,2015,536.9531372549021,10607.235294117647,1803.23
2015-12-31,8019.200000000001,1303.23,0.12166153757009586,0.0006841625288630023,2384.8700000000003,1650.7700000000004,1697.3500000000004,2.3,6368.4299999999985,1218.55,2836.95,57.86,29098.2,33028.79,575.82,52997.54,300.0,1352.15,6912.0,12671.37,18780.96,31452.33,10714.38,21545.21,3415.2999999999997,33.18999999999994,-2959.06,46.579999999999984,4.725610176254383,1.14,1.46,0.29,0.07,0.24,9.833608416010508,13.072322450635129,24.198060300148725,25.62443694752226,16.478845502597814,15.26,14.26,3.78,2.61,0.31,12,2015,7.3287018255578005,10711.931034482759,3106.46
2016-03-31,5598.1,744.41,0.07,0.0,1603.6,945.6,991.36,2.36,4652.5,559.74,3200.52,40.93,28763.07,33044.1,562.48,54532.72,0.0,1358.72,6112.0,13247.76,18930.62,32178.38,10714.38,22354.33,-21.26,65.88,318.96,45.76,8.4275,1.13,1.44,0.07,0.0,0.0,5.48,7.079999999999999,13.32,14.159999999999998,9.16,14.28,13.3,3.36,2.49,0.32,3,2016,0.0,10634.42857142857,744.41
2016-06-30,5935.58,894.65,0.0818746720681366,0.09,1601.6100000000001,1116.3200000000002,1168.9099999999999,2.66,4819.27,660.9200000000001,2234.29,42.32,27917.6,31097.29,549.7,52923.29,0.0,1384.03,5400.0,9676.87,20924.22,30601.09,10714.38,22322.2,1297.28,442.8,-2706.32,52.589999999999996,8.120643212429442,1.28,1.37,0.15,0.09,0.6,6.768306224299294,8.405799665662027,16.025602479469942,16.83343257720889,10.414458287066976,15.33,14.21,4.07,3.21,0.33,6,2016,983.436,10927.066666666668,1639.06
2016-09-30,4942.130000000001,768.19,0.07020533804133348,0.07012320282480008,1391.7699999999995,953.1300000000001,999.06,2.44,3988.99,520.79,2330.87,43.93,29309.92,32416.65,532.6,52608.7,0.0,976.16,8500.0,13818.97,16461.18,30280.15,10714.38,22328.55,772.0,353.40000000000003,-1028.81,45.93000000000001,8.688085792577356,1.17,1.36,0.22,0.16,0.73,5.8461899678055875,7.250296728632256,13.760246256101361,14.436770422681485,9.918099574202929,15.83,14.61,4.1,2.35,0.22,9,2016,767.2912727272727,10942.045454545454,2407.25
2016-12-31,4432.239999999998,677.7199999999998,0.0637084963549078,-0.004575639014612477,1172.5200000000004,845.6099999999997,890.94,2.58,3586.6400000000012,336.5899999999999,2887.78,49.73,28835.5,32349.22,524.09,53014.3,0.0,1061.61,6500.0,11082.91,18991.81,30074.73,10714.38,22939.58,1042.1599999999999,85.01999999999998,-570.2799999999997,45.33000000000001,10.128162441716347,1.21,1.31,0.29,0.16,0.55,5.114254466007772,6.3972117719135015,11.819024496186344,12.188094406104431,8.093175881775187,16.13,14.75,4.04,2.92,0.32,12,2016,-48.67485893416915,10637.827586206897,3084.97
2017-03-31,3891.96,652.84,0.06,0.0,1026.87,806.54,850.5,2.62,3085.42,364.44,3489.44,77.96,27841.21,31830.19,511.39,53245.06,0.0,704.63,10500.0,14669.9,14991.19,29661.1,10714.38,23583.96,742.34,46.89,-187.57,43.96,10.9175,1.19,1.26,0.06,0.0,0.0,4.92,6.0,11.08,11.36,8.36,18.92,16.77,4.3,2.17,0.27,3,2017,0.0,10880.666666666668,652.84
2017-06-30,4893.580000000001,776.11,0.07060729906574759,0.08,1215.0300000000002,967.8600000000001,1018.98,2.58,3925.71,485.46999999999997,5307.03,71.66,26443.06,32219.47,500.5,54053.53,0.0,746.41,12800.0,15887.81,14694.91,30582.72,10714.38,23470.81,1283.6399999999999,620.15,-86.19999999999999,51.12,9.136803255981755,1.18,1.3,0.13,0.08,0.62,5.73548521641765,7.212807166100983,13.230721578781623,13.556601420623535,10.10227509709927,18.18,16.26,4.31,2.03,0.36,6,2017,879.3538461538461,10991.923076923076,1428.95
2017-09-30,6317.15,1127.8,0.10586564975066001,0.06745578446194463,1490.1599999999999,1254.8899999999999,1299.2599999999998,2.76,5062.2699999999995,56.370000000000005,3816.04,57.73,25818.34,29991.37,492.94,52496.14,0.0,949.67,8300.0,13763.82,14868.7,28632.52,10714.38,23863.62,1486.1999999999998,460.02,-3437.23,44.36999999999999,6.5176948483773725,1.24,1.2,0.24,0.15,0.63,8.592761904761904,10.16310237606336,18.897018480492815,19.532212378996775,13.797823017502688,19.7,16.93,5.06,2.18,0.3,9,2017,718.6149038461539,10653.125,2556.75
