,revenue,net_profit,eps,dps,gross_profit,ebit,ebitda,close_price,allowance_doubtful_accounts,expense,operating_profit,cash,account_receivable,inventory,current_asset,property_plant_equipment,total_asset,short_term_loan,account_payable,current_portion_long_term_debt,current_liability,non_current_liability,total_liability,paid_in_capital,total_equity,cash_flow_operation,cash_flow_investment,cash_flow_financing,depreciation,P/E,P/BV,D/E,EPS,DPS,DPR%,ROA%,ROAA%,ROE%,ROAE%,ROCE%,NPM%,NPMA%,TIE,CurrentRatio,QuickRatio,month,year,dividend,number_of_shares,return_old
2000-03-31,2623.71,-81.27,-1.28,0.0,570.68,147.63,315.02,4.13,0.0,2476.08,414.93,953.88,1866.21,0.0,3237.02,12869.38,19645.9,56.98,1533.83,1426.22,3177.52,10753.13,13930.65,636.66,5678.98,172.49,181.98,-970.53,167.39,-0.8049999999999999,0.46,2.45,-1.28,0.0,0.0,-1.64,0.0,-5.72,0.0,3.6,-3.13,-3.1,0.0,1.02,1.02,3,2000,0.0,63.49218749999999,-81.27
2000-06-30,2899.6899999999996,121.77,1.9242666666666666,2.0,623.43,358.38,541.79,3.43,0.0,2541.3100000000004,454.72999999999996,875.16,2039.44,0.0,3369.89,13109.14,20102.0,59.01,1526.0,1478.33,3185.81,11155.46,14341.27,636.66,5720.1,441.62,-556.68,36.32999999999993,183.41000000000003,0.44484478935698446,0.38,2.51,0.64,2.0,3.13,2.405333333333333,0.0,8.538933333333333,0.0,35.95973333333333,0.74,0.73,0.0,1.06,1.06,6,2000,126.5625,63.28125,40.5
2000-09-30,3283.630000000001,117.25,1.835863708399366,0.018324088748018934,611.48,350.4,514.27,2.9,0.0,2933.2299999999996,431.63,490.86,2240.69,118.16,3322.22,398.78,20679.88,63.67,1740.25,1332.58,3308.55,11372.58,14681.13,636.66,5974.03,378.62,-856.8199999999999,-56.129999999999995,163.86999999999995,0.39353411513859277,0.31,2.46,2.47,2.0,0.81,2.2595245641838355,0.0,7.848874801901744,0.0,14.657179080824088,1.8,1.79,0.0,1.0,0.97,9,2000,1.170293522267201,63.8663967611336,157.75
2000-12-31,4039.4299999999985,-617.06,-9.686274193899544,-0.005080318946999956,949.1200000000001,-365.65,-174.62999999999988,2.7,0.0,4405.080000000001,572.31,1228.28,2238.68,106.72,3946.65,13332.06,20425.03,65.17,1916.72,1600.45,3817.82,11223.44,15041.26,636.66,5352.53,681.4200000000001,129.42000000000007,76.61000000000001,191.0200000000001,-0.0688525832171912,0.32,2.81,-7.21,2.0,-0.28,-12.091049617905117,0.0,-46.10720254294485,0.0,15.906447497332953,-3.61,-3.58,0.0,1.03,1.01,12,2000,-0.323639569423932,63.704576976421635,-459.31
2001-03-31,3549.3,-98.24,-1.54,0.0,655.42,124.27,309.25,2.55,0.0,3425.03,461.88,573.54,2722.1,84.13,3767.71,13129.56,20026.88,81.54,1810.9,1653.14,3722.84,11021.05,14743.89,636.66,5250.15,-222.19,67.62,-500.17,184.98,-0.415,0.31,2.81,-1.54,0.0,0.0,-1.9600000000000002,2.52,-7.48,-7.2,3.04,-2.79,-2.77,0.0,1.01,0.99,3,2001,0.0,63.79220779220779,-98.24
2001-06-30,3771.25,165.38,2.586371760500447,0.0,757.41,392.6,590.29,2.95,0.0,3378.65,550.36,573.68,2944.54,93.2,4129.99,13318.79,20573.12,45.4,1874.28,1724.75,3644.43,11472.48,15116.92,636.66,5421.29,618.1800000000001,-398.18,-219.85999999999996,197.69000000000003,0.2851968194461241,0.35,2.79,1.05,0.0,0.0,3.2514387846291335,25.026225796842418,12.217527554364016,11.92194221030682,30.051176645814714,0.92,0.92,0.0,1.13,1.11,6,2001,0.0,63.94285714285714,67.14
2001-09-30,2974.3100000000004,520.66,8.175726097312012,0.0,542.3300000000002,718.17,922.8800000000001,2.95,0.0,2256.1399999999994,348.24,652.66,2813.79,88.53,3901.8,16205.58,20289.29,0.0,1820.35,1904.42,4008.27,10301.19,14309.45,636.66,5946.67,596.7,-109.63999999999999,-408.0799999999999,204.70999999999998,0.09031613721046364,0.32,2.41,9.23,0.0,0.0,10.275018713848247,21.364952705001702,35.00592582511059,34.93506362708404,26.892204151071795,5.76,5.71,0.0,0.97,0.95,9,2001,0.0,63.68364030335861,587.8
2001-12-31,3228.74,-885.41,-13.893567756459793,0.0,478.4399999999998,-708.14,-523.6300000000001,3.35,0.0,3936.880000000001,250.5,857.53,2064.62,93.93,3145.99,15102.73,18421.73,0.0,1443.95,1902.08,3497.79,9852.22,13350.0,636.66,5043.32,480.8799999999999,536.0699999999999,-812.0700000000002,184.51,-0.0605028179035701,0.42,2.65,-4.67,0.0,0.0,-19.27844091260374,32.249737576022305,-70.2116057928161,-68.18855952420954,42.007960754006916,-2.22,-2.2,0.0,0.9,0.87,12,2001,0.0,63.72805139186296,-297.61
2002-03-31,3053.72,266.16,4.18,0.0,500.39,409.28,593.93,4.48,0.0,2644.44,323.97,596.62,2075.25,108.56,2902.27,14802.3,17872.98,0.0,1321.37,1912.13,3403.16,9142.92,12546.08,636.66,5299.75,216.13,109.8,-586.84,184.65,0.2675,0.54,2.37,4.18,0.0,0.0,5.96,8.64,20.08,20.2,11.32,8.97,8.72,0.0,0.85,0.82,3,2002,0.0,63.67464114832537,266.16
2002-06-30,3535.1600000000003,634.22,9.783997645438593,0.0,565.2700000000001,773.3900000000001,910.35,5.3,0.0,2761.77,371.69999999999993,1738.81,2222.66,135.14,4234.03,14560.68,18953.86,0.0,1321.18,1824.01,4333.98,8561.14,12895.12,663.0,6033.31,191.34000000000003,49.739999999999995,901.11,136.96,0.1348681845416417,0.58,2.14,13.89,0.0,0.0,13.383438103911683,16.849044181345658,42.03808347586575,44.29213620915613,22.794108265399057,14.87,13.67,0.0,0.98,0.95,6,2002,0.0,64.82217422606192,900.38
2002-09-30,3246.96,190.36,2.9145460879769702,0.0,512.76,357.22,515.6500000000001,4.85,0.0,2889.7400000000007,254.89,1373.44,2046.61,0.0,3768.3,14800.7,18708.92,0.0,1235.79,1325.07,3898.11,8652.08,12550.19,663.0,6132.56,465.61,-339.45,-491.52,158.43,0.4154163164530363,0.52,2.05,16.7,0.0,0.0,4.069893100097182,5.514949483836662,12.419107761703064,12.60759337697343,7.260186662265985,11.86,11.09,0.0,0.97,0.97,9,2002,0.0,65.31377245508982,1090.74
2002-12-31,3244.9699999999993,135.82999999999993,2.0719398811319363,2.0,602.9699999999998,272.80999999999995,433.81999999999994,5.3,0.0,2972.1499999999996,404.49,1487.6,1841.27,124.4,3613.65,14614.33,18365.53,0.0,2183.89,1313.63,3683.27,8368.31,12051.58,663.0,6287.74,668.7299999999999,-157.81000000000003,-396.78,161.00999999999993,0.6321129352867559,0.56,1.92,18.71,2.0,0.11,2.9589649184310707,4.3675739664267,8.642126580627274,9.590058455693514,5.470541428536484,9.92,9.38,0.0,0.98,0.95,12,2002,131.11384286477818,65.55692143238909,1226.57
2003-03-31,3260.94,238.84,3.5999999999999996,0.0,544.8,360.23,518.76,5.25,0.0,2900.71,342.76,1375.7,1970.24,0.0,3649.09,14250.17,18044.39,0.0,1158.98,1122.11,3459.64,8064.87,11524.51,663.0,6494.2,269.89,174.25,-556.03,158.53,0.365,0.54,1.77,3.6,0.0,0.0,5.28,8.04,14.72,16.2,9.88,7.6,7.32,0.0,1.05,1.05,3,2003,0.0,66.34444444444445,238.84
2003-06-30,3252.2999999999997,148.18999999999997,2.236078856936154,2.0,501.1200000000001,265.97,424.18000000000006,7.6,0.0,2986.33,293.45000000000005,1474.82,1812.78,145.14,4968.06,13948.69,19064.73,0.0,1064.75,1276.65,2550.46,10003.52,12553.97,663.0,6485.35,270.89,-1223.62,1051.84,158.21,0.8488072744449695,0.78,1.94,5.84,2.0,0.34,3.1090685476578037,5.038835232410924,9.14341833966359,9.465046120455778,5.80461566286851,6.1,5.94,0.0,1.95,1.89,6,2003,132.5445205479452,66.2722602739726,387.03
2003-09-30,3388.8500000000004,276.56000000000006,0.4167633629198753,1.8002614256574914,582.1599999999999,396.4799999999999,551.73,12.8,0.0,2992.37,320.25,1641.21,1256.81,126.45,4524.52,13635.49,18316.17,0.0,1061.94,1227.21,2499.37,9098.4,11597.77,663.0,6693.9,792.95,144.94999999999993,-771.51,155.25,7.678218108186288,1.27,1.73,1.0,2.0,2.0,6.034733495079794,9.202135053270846,16.52049970614386,17.254003224882837,10.785835832366372,6.85,6.7,0.0,1.81,1.76,9,2003,1194.6354794520548,663.59,663.59
2003-12-31,3477.9699999999993,127.56999999999994,0.19188065625157988,0.0037613125031597697,610.71,261.0100000000001,415.66999999999985,20.7,0.0,3216.9500000000007,382.6099999999999,1926.96,1227.13,125.73,4302.06,13334.65,17805.24,0.0,1198.46,1768.49,3173.41,7777.28,10950.69,663.0,6841.18,717.2800000000002,395.24999999999994,-826.77,154.65999999999997,26.962201928353075,2.01,1.6,1.19,2.0,1.68,2.8636978613681165,4.579336670205771,7.455934071489962,7.7719727994337395,5.656448253197833,6.05,5.91,0.0,1.36,1.32,12,2003,2.500672268907465,664.8403361344538,791.16
2004-03-31,3561.09,431.46,0.65,0.0,663.9,525.62,681.47,17.4,0.0,3035.47,460.35,1282.8,1334.32,107.49,3853.76,13634.74,17666.96,0.0,1062.07,1781.55,3042.22,7325.58,10367.8,663.0,7295.51,402.77,-683.66,-363.28,155.85,6.6925,1.58,1.42,0.65,0.0,0.0,9.76,11.76,23.64,25.04,14.36,12.51,12.12,0.0,1.27,1.23,3,2004,0.0,663.7846153846153,431.46
2004-06-30,4152.96,660.3199999999999,0.997937313378153,0.45,1068.5500000000002,760.5500000000001,921.56,15.5,0.0,3392.4100000000003,848.7599999999999,1856.27,1463.41,133.63,4313.31,13872.39,18359.62,0.0,1113.0,1799.74,3148.6,7506.33,10654.94,663.0,7700.79,826.25,-83.47000000000003,-169.31000000000006,161.01000000000002,3.8813810728131823,1.33,1.38,1.65,0.45,0.27,14.394489732363663,16.62019234644342,34.3048511604902,37.23213394639946,20.466787081646487,14.28,14.15,0.0,1.37,1.33,6,2004,297.75818181818187,661.6848484848485,1091.78
2004-09-30,5122.97,1277.39,1.9248438482675365,0.45132104952750995,1638.93,1387.4,1545.9399999999998,21.0,0.0,3735.5600000000004,1308.6000000000001,2461.13,1521.0,146.73,4890.91,14616.33,19696.92,0.0,1060.67,1790.19,3211.05,7687.27,10898.32,663.0,8794.23,1300.9099999999999,-680.1999999999999,-15.839999999999918,158.53999999999996,2.7264029779472203,1.58,1.24,3.57,0.9,0.25,25.944954055639737,30.34459713739411,58.10116893257977,65.97307934846381,34.98147587551758,18.64,18.46,0.0,1.52,1.48,9,2004,299.51156608097784,663.6330532212886,2369.17
2004-12-31,5275.009999999998,1308.0900000000001,1.974268749014212,-0.0014448531896945039,1686.2200000000003,1408.9299999999998,1756.77,28.75,0.0,3866.09,1415.0700000000002,2400.57,1473.27,173.44,4234.05,16153.14,20586.56,0.0,1067.6,1089.83,2391.67,7374.43,9766.1,663.0,10815.61,1554.9100000000003,-654.8899999999999,-960.63,347.84000000000003,3.640461818376411,1.76,0.9,5.55,0.9,0.16,25.412929626950504,30.265006336239484,48.378477453321224,59.2636348803185,31.92979511919201,20.51,20.3,0.0,1.77,1.7,12,2004,-0.9573154667272092,662.5693693693694,3677.26
2005-03-31,5000.52,1301.72,1.9599999999999997,0.0,1618.16,1399.68,1626.36,36.75,0.0,3600.84,1388.59,3152.67,1737.54,189.43,5278.14,17886.11,23379.19,0.0,1196.9,1193.14,2602.87,8622.39,11225.26,663.0,12148.42,1340.79,-1934.37,1345.69,226.68,4.6875,2.01,0.92,1.96,0.0,0.0,22.279999999999998,27.279999999999998,42.88,53.56,26.959999999999997,26.23,26.03,0.0,2.03,1.96,3,2005,0.0,664.1428571428572,1301.72
2005-06-30,5708.43,1355.8500000000001,2.045838303412516,1.5499999999999998,1800.78,1475.05,1733.61,31.5,0.0,4233.389999999999,1529.22,1984.39,1945.34,283.18,4714.33,20890.38,25813.34,0.0,1335.32,1249.89,2855.14,9999.76,12854.89,663.0,12931.04,1527.1399999999999,-3084.42,388.99,258.56,3.851550724637681,1.62,0.99,4.01,1.55,0.39,21.0195855612458,26.570388738584494,41.937134299378755,52.569371267737075,25.55002050745606,25.02,24.82,0.0,1.65,1.55,6,2005,1027.2402743142145,662.7356608478804,2657.57
2005-09-30,5962.389999999999,1421.7199999999998,2.143406818343388,1.0013168499831049,1811.94,1557.8200000000002,1843.1399999999999,35.0,0.0,4404.560000000001,1519.85,2697.43,1681.3,268.1,5077.88,21572.17,26873.06,0.0,1159.06,1613.43,3115.21,10105.33,13220.55,663.0,13623.8,1851.4900000000002,-941.5699999999997,-196.8800000000001,285.31999999999994,4.081528025912276,1.7,0.97,6.15,2.55,0.41,21.16222146500984,26.543392404070314,41.73892692110636,50.73077991513228,26.01363982457731,24.68,24.47,0.0,1.63,1.54,9,2005,664.1726525150536,663.2991869918699,4079.29
2005-12-31,5062.540000000001,720.8800000000001,1.0872888251874415,-0.0011241456539879155,1030.3400000000001,864.1700000000001,1160.4900000000007,27.25,0.0,4198.379999999997,685.3000000000002,2696.72,2011.32,279.53,5505.26,22446.99,28186.5,0.0,2119.64,2560.48,4961.67,8882.44,13844.11,663.0,14314.57,1399.71,-1137.2800000000007,-263.1399999999999,296.32000000000016,6.25923843080679,1.26,0.97,7.24,2.55,0.35,10.230126349691783,13.047465902249298,20.141875308582826,22.947200619978048,13.70224204559422,22.35,22.09,0.0,1.11,1.05,12,2005,-0.7453163320308249,663.006906077348,4800.17
2006-03-31,5201.49,811.69,1.22,0.0,1039.45,939.62,1230.45,21.1,0.0,4261.87,756.62,1984.85,1832.84,354.43,4649.58,21779.53,26664.85,0.0,2013.48,1941.01,4142.38,7948.88,12091.26,663.0,14549.63,959.39,-175.12,-1496.14,290.83,4.325,0.96,0.83,1.22,0.0,0.0,12.16,15.04,22.32,24.32,16.68,16.18,15.6,0.0,1.12,1.04,3,2006,0.0,665.3196721311476,811.69
2006-06-30,5142.32,671.49,1.014130179748918,1.5,886.1599999999999,762.66,1049.47,19.7,0.0,4379.660000000001,609.82,1577.41,1876.68,307.15,4201.9,21305.43,25732.3,0.0,2006.66,1918.44,4210.12,7448.03,11658.15,663.0,14050.56,1027.9699999999998,39.33000000000001,-1474.74,286.81,4.853814725461287,0.93,0.83,2.24,1.5,0.67,10.43105327741744,11.952248547040817,19.12359767526531,19.902304777572514,14.324588788953465,14.83,14.34,0.0,1.0,0.93,6,2006,993.2008928571429,662.1339285714286,1483.18
2006-09-30,5292.140000000001,438.67999999999984,0.6619483208974637,0.5013046791724087,789.8,581.8,865.9099999999999,21.4,0.0,4710.34,454.55999999999995,1693.29,1982.54,282.42,4494.81,20800.68,25561.14,0.0,2438.35,1881.82,4731.0,6810.06,11541.06,663.0,13994.15,1062.97,33.379999999999995,-980.4699999999998,284.11,8.082957280933712,1.01,0.82,2.9,2.0,0.69,6.8660018939985195,7.952510172437117,12.53593164954783,12.709407761231304,10.015962869303692,12.68,12.29,0.0,0.95,0.89,9,2006,332.2197967980294,662.7103448275861,1921.86
2006-12-31,5577.98,1150.74,1.7340123022847098,0.0027671050239382756,1002.7200000000003,1288.3200000000002,1615.71,20.8,0.0,4289.659999999998,710.8699999999999,2606.33,1724.86,251.03,5023.93,20766.77,26052.24,0.0,2285.6,1853.64,4410.78,6897.76,11308.53,663.0,14719.24,1107.5200000000004,-337.16999999999996,142.69999999999982,327.3900000000001,2.9971961520412953,0.94,0.77,4.63,2.0,0.43,17.662207381370823,19.729539543058,31.26465377855888,31.714073813708264,24.733082601054484,15.24,14.48,0.0,1.14,1.08,12,2006,1.8363297832727312,663.6285097192225,3072.6
2007-03-31,4952.61,639.62,0.96,0.0,946.04,770.22,1066.28,24.1,0.0,4182.4,638.92,2271.66,1869.54,272.52,4834.18,20573.24,25673.87,220.0,2207.69,1781.16,4458.48,6123.8,10582.28,663.0,15070.8,602.86,-364.98,-572.54,296.06,6.275,1.06,0.7,0.96,0.0,0.0,9.96,11.76,16.96,17.28,14.52,13.27,12.91,0.0,1.08,1.02,3,2007,0.0,666.2708333333334,639.62
2007-06-30,4995.22,629.43,0.947331704818565,1.0,890.05,753.75,1044.07,31.5,0.0,4241.470000000001,580.58,2087.95,2080.39,325.73,4948.4,20204.47,25411.19,438.0,2291.02,1757.3,4770.48,5688.09,10458.57,663.0,14932.25,593.57,113.89000000000001,-891.1800000000001,290.32,8.311740185564716,1.4,0.7,1.91,1.0,0.52,9.899864307946888,11.824286828730152,16.863496316141994,17.379320909341633,14.641482683897403,13.16,12.76,0.0,1.04,0.97,6,2007,664.4240837696335,664.4240837696335,1269.05
2007-09-30,5276.23,608.1600000000001,0.9168355165378409,0.4983432023758329,921.7700000000002,724.3300000000002,1008.8499999999999,32.25,0.0,4551.889999999999,580.9300000000001,1391.7,2033.57,0.0,4209.19,20707.5,25177.95,612.0,2183.52,1828.36,4959.97,5101.06,10061.04,663.0,15096.54,844.3199999999999,-888.89,-651.6800000000001,284.52,8.797106846882398,1.42,0.67,2.83,1.5,0.53,9.667269192045644,11.481502016290133,16.107795718113586,16.729818400711697,14.41019214685624,12.7,12.33,0.0,0.85,0.85,9,2007,330.5635487392004,663.3250883392226,1877.21
2007-12-31,6630.0599999999995,1938.4099999999999,2.9261932792049516,-0.0020176965344775046,681.9499999999998,2060.16,2349.63,29.75,0.0,4569.890000000001,383.78,2802.44,2224.06,0.0,5772.44,22367.23,28387.69,557.0,2604.56,1907.25,5397.75,6101.95,11499.7,663.0,16866.91,776.02,-773.6600000000001,1408.38,289.4699999999999,2.5392717742892374,1.17,0.68,5.76,1.5,0.26,27.311137272579554,32.16780528459333,45.96561942751113,49.09502057332753,38.08115420298667,19.34,17.46,0.0,1.07,1.07,12,2007,-1.3365908421671975,662.4340277777778,3815.62
2008-03-31,5061.07,524.62,0.79,0.0,565.37,623.37,923.43,24.4,0.0,4437.69,216.59,2771.72,1947.74,0.0,5397.64,21922.26,27577.08,659.0,2425.63,1850.11,5241.2,5682.37,10923.57,663.0,16632.97,682.72,-774.89,61.45,300.06,7.7225,0.97,0.66,0.79,0.0,0.0,7.6,9.36,12.6,13.24,11.16,11.27,10.37,0.0,1.03,1.03,3,2008,0.0,664.0759493670886,524.62
2008-06-30,5774.860000000001,688.2700000000001,1.038456991153361,1.0,343.46000000000004,772.7800000000001,1067.23,17.8,0.0,5002.090000000001,12.340000000000003,3898.61,2199.42,639.03,6990.2,21043.16,28833.74,863.0,2729.43,1919.61,5844.04,5619.17,11463.2,663.0,17347.05,102.06999999999994,1866.75,-841.9300000000001,294.45,4.286624326209191,0.68,0.66,1.83,1.0,0.55,9.556074169957704,11.68973443593401,15.866260914015287,17.046583614342605,13.777997674974648,12.54,11.19,0.0,1.2,1.09,6,2008,662.7814207650274,662.7814207650274,1212.89
2008-09-30,5158.24,-440.48000000000013,-0.6672124907756245,-0.00394125178995878,106.92999999999995,-339.7900000000002,-35.01999999999998,13.2,0.0,5498.029999999999,-289.11,3606.9,2311.68,0.0,6776.3,23333.16,30693.7,0.0,2703.56,3036.21,5739.77,7869.74,13609.52,663.0,17058.69,-181.14,-2126.6099999999997,2016.03,304.77,-4.9450513076643645,0.51,0.8,1.17,1.0,0.85,-5.748292228220765,-8.622438342331147,-10.333239600730186,-10.949128053753839,-9.648919097370571,5.19,4.83,0.0,1.18,1.18,9,2008,-2.6019335855402232,660.1794871794872,772.41
2008-12-31,4902.17,-1609.4299999999998,-2.4227399584239326,0.006205163740228507,-264.21000000000004,-1477.52,-1121.04,6.15,0.0,6379.6900000000005,-529.09,3437.17,1807.63,0.0,5859.28,24179.95,30671.77,0.0,2544.41,2491.99,6312.3,8628.26,14940.55,663.0,15703.2,612.15,-842.94,61.069999999999936,356.48,-0.634488234965174,0.26,0.95,-1.26,1.0,-0.79,-20.99707963967408,-10.998470287448328,-40.99429834412558,-39.53296313110798,-13.305841676423501,-4.29,-4.01,0.0,0.93,0.93,12,2008,4.122100122100051,664.3015873015872,-837.02
2009-03-31,3902.94,-711.33,-1.07,0.0,-364.03,-611.29,-270.56,5.45,0.0,4514.23,-669.67,1839.65,1586.66,0.0,4024.64,24020.88,28718.02,0.0,2527.02,3693.23,6599.69,6898.84,13498.53,663.0,15190.7,-914.12,134.89,-818.3,340.73,-1.2725,0.24,0.89,-1.07,0.0,0.0,-9.92,-8.68,-18.72,-17.88,-11.04,-19.41,-18.23,0.0,0.61,0.61,3,2009,0.0,664.7943925233645,-711.33
2009-06-30,3663.4599999999996,-289.3399999999999,-0.43661087071661975,0.0,-79.34000000000003,-193.1500000000001,143.81,10.0,0.0,3856.6100000000006,-388.0100000000001,1838.33,1273.37,0.0,3734.84,23076.32,27482.27,0.0,2395.61,2757.24,5422.13,7549.55,12971.68,663.0,14482.7,76.38999999999999,-74.79999999999998,-2.900000000000091,336.96000000000004,-5.723746630261977,0.46,0.9,-1.51,0.0,0.0,-4.209969720287407,-3.3078333516543905,-7.9920029580181255,-7.274920203463677,-4.221535571167316,-13.87,-13.23,-3.85,0.69,0.69,6,2009,0.0,662.6953642384105,-1000.67
2009-09-30,3565.5699999999997,-588.9600000000002,-0.8892031479023421,0.0,-291.20000000000005,-482.45000000000005,-141.64999999999998,11.4,0.0,4048.0200000000004,-595.52,1625.79,1153.42,0.0,3447.94,24615.25,28503.18,0.0,2341.58,2944.97,5840.58,8874.35,14714.94,663.0,13767.73,86.88,-1787.27,1487.8600000000001,340.79999999999995,-3.20511685853029,0.55,1.07,-2.4,0.0,0.0,-8.269589275491782,-6.446722822291981,-17.11716059712009,-15.279474091455247,-8.417789800142174,-14.86,-14.28,-4.02,0.59,0.59,9,2009,0.0,662.3458333333334,-1589.63
2009-12-31,3690.91,-2196.24,-3.312456687630584,0.0,-216.69999999999993,-2071.24,-1674.88,10.0,0.0,5762.149999999998,-497.2499999999998,2115.96,1359.06,0.0,4137.23,22558.68,27145.76,0.0,2649.78,1362.4,4587.17,11010.39,15597.56,663.0,11527.46,-28.42999999999995,-122.37999999999988,525.65,396.3599999999999,-0.7541608043747496,0.58,1.35,-5.71,0.0,0.0,-32.370417367738455,-26.963745506316908,-76.20390726570116,-64.53199333310441,-34.55164979251796,-26.44,-25.54,-8.8,0.9,0.9,12,2009,0.0,663.0245183887915,-3785.87
2010-03-31,3739.76,-341.69,-0.52,0.0,-7.46,-233.97,88.21,11.5,0.0,3973.73,-294.75,1649.53,1503.79,0.0,3871.72,21785.77,26108.93,0.0,2888.46,1346.51,4813.83,10344.14,15157.97,663.0,10931.09,87.14,-24.1,-511.19,322.18,-5.53,0.7,1.39,-0.52,0.0,0.0,-5.24,-3.3999999999999995,-12.520000000000001,-10.48,-4.4,-9.33,-9.14,-1.89,0.8,0.8,3,2010,0.0,657.0961538461538,-341.69
2010-06-30,3981.37,-193.06,-0.288822814399252,0.0,185.83,-85.91999999999999,240.90000000000003,13.9,0.0,4067.2999999999997,-173.32,2955.35,1343.92,0.0,4982.88,21560.1,26995.97,0.0,2632.14,1373.73,4592.31,10076.55,14668.86,792.7,12306.84,142.66000000000003,-44.04,1209.29,326.82,-12.035060343934529,0.9,1.19,-0.8,0.0,0.0,-2.859345862552595,-1.689613464235624,-6.28189621318373,-5.762015147265077,-2.0650831229546514,-7.09,-6.93,-1.52,1.09,1.09,6,2010,0.0,668.4375,-534.75
2010-09-30,4177.94,355.78999999999996,0.49702447474295924,0.0,614.99,458.89,777.0300000000001,15.7,0.0,3719.05,326.44,2120.44,1498.8,366.41,4231.6,20421.13,25068.93,0.0,2132.12,1311.65,3744.47,9213.59,12958.06,792.7,12093.63,-146.16000000000003,-64.11999999999999,-435.25,318.14,7.896995418645831,1.03,1.07,-0.25,0.0,0.0,5.646198033080017,-4.135243629861422,11.769539561913275,10.97430040232454,-5.169054537326776,-1.54,-1.5,0.45,1.13,1.03,9,2010,0.0,715.84,-178.96
2010-12-31,4405.360000000001,643.6800000000001,0.8726080220347736,0.0,314.17999999999995,740.78,1039.32,15.2,0.0,3664.5699999999997,-23.430000000000007,2290.24,1524.71,0.0,4435.81,20878.81,25746.42,0.0,2068.3,1359.65,3722.04,8834.29,12556.33,828.75,13173.51,227.8,-203.88,177.03999999999996,298.5400000000001,4.355306052696992,0.96,0.95,0.63,0.0,0.0,9.972663108968842,18.44942675159236,19.55750043036667,20.831785160957132,22.1060698915476,3.05,2.85,2.25,1.19,1.19,12,2010,0.0,737.6507936507937,464.72
2011-03-31,3542.79,-714.38,-0.86,0.0,-334.79,-620.58,-308.98,10.2,0.0,4163.37,-666.76,1638.72,1624.23,0.0,4053.79,20748.82,25254.37,0.0,2577.31,1424.84,4270.81,8444.48,12715.29,828.75,12523.25,-118.62,-46.41,-482.58,311.6,-2.965,0.68,1.02,-0.86,0.0,0.0,-11.32,-9.68,-22.800000000000004,-24.359999999999996,-11.840000000000002,-20.52,-20.16,-6.47,0.95,0.95,3,2011,0.0,830.6744186046511,-714.38
2011-06-30,3529.0299999999997,-478.19999999999993,-0.5774103204816448,0.0,-140.07,-389.16999999999996,-68.69,7.8,0.0,3918.2,-472.6300000000001,2072.97,1521.41,0.0,4732.96,20800.69,25980.36,300.0,2719.04,1746.39,5080.0,8677.72,13757.72,828.75,12207.13,146.54000000000002,-358.65999999999997,655.94,320.48,-3.379226056043497,0.53,1.13,-1.44,0.0,0.0,-7.361981586140971,-6.110925891764074,-15.67027453084908,-15.606117828573346,-7.746921799795401,-17.18,-16.86,-5.68,0.93,0.93,6,2011,0.0,828.1805555555555,-1192.58
2011-09-30,4851.76,804.0699999999999,0.9727237394146868,0.0,-78.39999999999998,895.26,1229.94,6.2,0.0,3956.51,-433.80999999999995,5335.36,2814.84,0.0,8963.73,17644.2,27046.12,300.0,3810.19,1129.53,5549.71,8420.88,13970.59,828.75,13057.44,-241.58999999999997,2614.2000000000003,-1070.35,334.67999999999995,1.593283824791374,0.39,1.07,-0.47,0.0,0.0,11.921039870273608,3.6425399603613804,24.66992973153844,25.580564721628786,4.387604952253481,-3.71,-3.26,-0.43,1.62,1.62,9,2011,0.0,826.6170212765958,-388.51
2011-12-31,3358.1100000000006,-392.12,-0.4721735008903065,0.0,1.2200000000000273,-298.18,38.379999999999995,6.6,0.0,3656.2800000000007,-266.64999999999986,4589.34,2885.6,429.54,8238.52,17601.48,26275.56,0.0,3750.63,3638.11,7637.55,5797.67,13435.22,828.75,12821.33,-227.81000000000003,2004.79,-630.29,336.55999999999995,-3.4938428287259,0.43,1.05,-0.94,0.0,0.0,-5.967469351677492,-3.194705814534415,-12.236326044348795,-12.075586129152095,-4.44044015730884,-5.7,-5.11,-1.19,1.08,1.02,12,2011,0.0,830.4574468085107,-780.63
2012-03-31,3399.4,-494.14,-0.6,0.0,-314.86,-406.29,-76.27,7.05,0.0,3805.7,-629.56,3544.6,2871.5,0.0,7195.78,17121.06,24738.49,0.0,3400.14,3609.78,7289.68,5304.06,12593.73,828.75,12127.47,-476.27,-111.08,-427.1,330.02,-2.9375,0.48,1.04,-0.6,0.0,0.0,-8.0,-6.52,-16.28,-16.04,-9.32,-15.56,-14.54,-4.71,0.99,0.99,3,2012,0.0,823.5666666666667,-494.14
2012-06-30,3577.5399999999995,4.96999999999997,0.005994439560888817,0.0,454.65,90.35000000000002,430.13,6.85,0.0,3487.1800000000003,144.11999999999995,3394.68,2814.53,0.0,7033.43,17499.56,24932.09,0.0,3314.85,3647.5,7248.88,5249.17,12498.05,828.75,12415.08,321.78,-251.71000000000004,-305.75,339.78,285.67724849094736,0.46,1.01,-0.59,0.0,0.0,0.07965492569045478,0.05039393257967547,0.16012265674509787,0.16134186479138035,0.07274608009485412,-7.19,-7.01,-1.99,0.97,0.97,6,2012,0.0,829.1016949152543,-489.17
2012-09-30,3629.54,-216.32999999999998,-0.26063855421686744,0.0,77.23000000000002,-131.45999999999998,216.21000000000004,7.0,0.0,3760.999999999999,-214.02000000000004,4146.02,2590.56,0.0,7567.32,16836.16,24783.41,300.0,3184.0,3613.73,7724.92,5065.41,12790.32,828.75,11975.46,261.97,18.640000000000043,170.49,347.6700000000001,-6.71811584153839,0.48,1.07,-0.85,0.0,0.0,-3.495622962437987,-2.1219044649184973,-7.224287455705172,-6.917653862508858,-3.213520056697378,-6.81,-6.65,-1.83,0.98,0.98,9,2012,0.0,830.0,-705.5
2012-12-31,3406.460000000001,-1223.66,-1.477911526260134,0.0,-14.29000000000002,-1158.6799999999998,-810.9300000000001,7.05,0.0,4565.140000000001,-275.0899999999999,2101.07,2116.74,0.0,4911.17,15959.41,21235.3,300.0,3242.65,1121.13,5486.84,5016.22,10503.06,828.75,10714.59,616.9399999999999,-22.870000000000005,-2243.24,347.75,-1.1942358988607946,0.55,0.98,-2.33,0.0,0.0,-23.037659499471275,-17.15138526612619,-45.6693690518153,-41.58449770884737,-25.879309129362,-14.24,-13.77,-4.98,0.9,0.9,12,2012,0.0,827.9656652360516,-1929.16
2013-03-31,3063.29,-358.83,-0.43,0.0,-79.84,-321.27,-12.0,7.4,0.0,3384.56,-356.51,1731.6,1989.32,456.23,4443.74,15547.6,20343.55,300.0,3307.82,1387.16,5505.12,4665.25,10170.37,828.75,10154.48,113.39,-245.76,-168.56,309.27,-4.3025,0.6,1.0,-0.43,0.0,0.0,-7.04,-5.72,-14.119999999999997,-12.88,-8.68,-11.93,-11.71,-6.44,0.81,0.72,3,2013,0.0,834.4883720930233,-358.83
2013-06-30,3280.05,-132.29000000000002,-0.15892470272031275,0.0,70.07000000000001,-90.54000000000002,232.46,5.85,0.0,3370.5899999999997,-192.48000000000002,1850.8,2099.06,434.76,4458.1,16010.9,20799.76,451.13,3097.45,1199.57,5589.56,4936.79,10526.35,828.75,10253.04,98.17999999999999,-156.8,114.02000000000001,323.0,-9.206875803159724,0.47,1.03,-0.59,0.0,0.0,-2.542795243525004,-1.9394201009936474,-5.1610123798664285,-4.665382798501385,-2.9199047076071025,-7.91,-7.74,-4.7,0.8,0.72,6,2013,0.0,832.406779661017,-491.12
2013-09-30,3477.2299999999996,-222.26,-0.267940788920351,0.0,78.78999999999999,-176.43,162.86999999999998,6.35,0.0,3653.66,-193.36,1748.86,2094.42,437.96,4348.9,15778.89,20447.28,451.66,3272.4,1142.45,5720.84,4647.15,10367.99,828.75,10059.49,332.90000000000003,-28.980000000000018,-433.33,339.30000000000007,-5.921830738774408,0.52,1.03,-0.86,0.0,0.0,-4.3493644341024424,-3.2402141915949425,-8.8358148532339,-8.06314839216126,-4.9724825478707,-7.38,-7.26,-4.26,0.76,0.68,9,2013,0.0,829.5116279069767,-713.38
2013-12-31,3534.1900000000005,-939.5500000000001,-1.1311456020521136,0.0,176.82,-892.3799999999999,-558.14,6.3,0.0,4426.560000000001,-104.10000000000002,1754.07,2181.51,384.99,4405.52,15206.55,19923.76,459.37,3313.04,1160.04,5952.66,4671.39,10624.05,828.75,9280.95,243.81999999999994,274.22,-315.68999999999994,334.2399999999999,-1.3942281145229098,0.56,1.14,-1.99,0.0,0.0,-18.871373863381997,-16.34761181659236,-40.49387572371486,-37.58359156165113,-24.100790717090256,-12.61,-12.38,-8.33,0.74,0.68,12,2013,0.0,830.6180904522613,-1652.93
2014-03-31,3513.16,-158.94,-0.19,0.0,141.03,-115.05,188.67,6.45,0.0,3628.21,-145.12,952.54,2030.26,0.0,3617.52,14865.67,18774.34,457.43,2818.41,1107.25,5394.77,4285.78,9680.55,828.75,9073.16,-324.48,-50.72,-419.34,303.72,-8.4875,0.59,1.07,-0.19,0.0,0.0,-3.3999999999999995,-2.36,-7.000000000000001,-6.599999999999999,-3.44,-4.56,-4.52,0.0,0.67,0.67,3,2014,0.0,836.5263157894736,-158.94
2014-06-30,3526.4700000000003,294.31,0.3478584619930561,0.0,562.26,335.04,639.85,6.7,0.0,3191.4399999999996,288.87,1328.9,1977.94,346.32,3735.27,14575.28,18596.88,455.81,2599.84,1068.5,5132.16,4084.69,9216.85,828.75,9359.21,645.98,25.97,-277.59,304.80999999999995,4.815751758350039,0.59,0.98,0.16,0.0,0.0,6.348416931373272,9.74003693580557,12.609869247248282,12.001116938760433,14.175232326217033,1.94,1.92,2.62,0.73,0.66,6,2014,0.0,846.0625,135.37
2014-09-30,3239.1799999999994,60.099999999999994,0.07379137463549393,0.0,360.4200000000001,105.64999999999998,397.54999999999995,10.6,0.0,3133.5200000000004,95.0,1327.1,2098.13,0.0,4082.38,14325.47,18708.08,455.71,2936.29,1337.72,5458.71,3779.94,9238.64,828.75,9447.33,375.29999999999995,-37.63,-367.98000000000013,291.9,35.91476663893511,0.93,0.98,0.24,0.0,0.0,1.279050493681895,2.041561364915332,2.5458024249245406,2.459712487849798,3.0254463600552515,1.92,1.9,2.64,0.75,0.75,9,2014,0.0,814.4583333333334,195.47
2014-12-31,3350.9800000000014,166.10999999999999,0.20213618009845677,0.0,316.8399999999999,207.51,496.60000000000014,8.45,0.0,3143.4699999999993,35.25999999999999,1623.58,2034.98,296.52,4178.67,14164.7,18656.94,598.05,2789.95,1321.51,5565.18,3353.46,8918.64,828.75,9714.63,463.10000000000014,-137.72,-87.97000000000003,289.09000000000003,10.448401661549575,0.72,0.92,0.44,0.0,0.0,3.5649471762818736,5.0717805188340055,6.835878090602356,7.001262237955639,7.479038663642902,2.72,2.65,3.68,0.75,0.7,12,2014,0.0,821.7727272727273,361.58
2015-03-31,2920.95,172.86,0.21,0.0,380.51,214.11,507.78,9.1,0.0,2706.84,161.43,2293.46,1709.76,0.0,4525.62,13544.82,18373.54,948.21,2751.81,1274.89,5810.88,3024.02,8834.9,828.75,9509.61,600.24,-29.9,-375.04,293.67,10.8325,0.79,0.93,0.21,0.0,0.0,3.7600000000000002,4.6,7.28,7.4399999999999995,6.8,6.03,5.92,5.18,0.78,0.78,3,2015,0.0,823.1428571428572,172.86
2015-06-30,3036.1400000000003,55.309999999999974,0.06787395363106453,0.1,311.13,99.37,394.33000000000004,9.7,0.0,2936.7699999999995,77.28,2080.76,1889.42,0.0,4468.3,13862.52,18659.96,826.6,2824.5,1288.75,5785.26,2964.67,8749.93,828.75,9879.64,273.05999999999995,-86.52000000000001,-91.95999999999998,294.96,35.7250442957874,0.81,0.89,0.28,0.1,0.36,1.1829460489985533,1.6289748871455485,2.2398404698251295,2.298018144366042,2.3561958189069547,3.88,3.83,4.45,0.77,0.77,6,2015,81.4892857142857,814.892857142857,228.17
2015-09-30,3104.49,-35.099999999999994,-0.04181384989900036,0.0029236250360713204,215.35000000000002,13.229999999999961,327.5400000000001,7.0,0.0,3091.260000000001,-30.5,2017.99,1809.66,0.0,4366.51,14659.08,19393.73,727.2,2731.64,1154.39,5496.74,3287.41,8784.15,828.75,10577.23,269.58000000000015,-72.08,-271.04999999999995,314.31000000000006,-41.845584757834764,0.55,0.83,0.23,0.1,0.43,-0.7271973895478323,-1.243507536126793,-1.3307712228725332,-1.4034909618273164,-1.708913865437406,2.16,2.13,2.96,0.79,0.79,9,2015,2.4541925465838688,839.4347826086956,193.07
2015-12-31,3382.9300000000003,248.45999999999998,0.29824428691142163,-0.0007633535167732078,31.74000000000001,295.44,615.03,5.2,0.0,3087.49,-202.5,2014.38,1959.0,211.11,4247.49,14992.87,19617.26,1020.8,2769.39,1144.33,5801.83,3046.17,8848.01,828.75,10736.93,257.5899999999999,-275.17,50.69999999999993,319.5899999999999,4.358256157932867,0.4,0.82,0.53,0.1,0.19,5.064525626797725,7.315425905374494,9.251200144950515,9.723889203451634,10.12905125359545,3.72,3.55,4.48,0.73,0.7,12,2015,-0.6359310910582536,833.0754716981131,441.53
2016-03-31,2666.13,-243.36,-0.29,0.0,46.93,-200.95,149.38,6.0,0.0,2867.08,-192.34,1812.9,1787.14,160.02,3826.0,14340.53,18523.14,1257.53,2734.52,1114.89,5652.82,2619.47,8272.29,828.75,10219.22,319.24,-53.69,-477.88,350.33,-5.1725,0.49,0.81,-0.29,0.0,0.0,-5.24,-4.36,-9.52,-9.88,-6.24,-9.18,-9.13,-4.22,0.68,0.65,3,2016,0.0,839.1724137931036,-243.36
2016-06-30,2632.46,-182.61,-0.21863300232410735,0.05,58.13999999999999,-140.75,195.88,5.85,0.0,2773.21,-186.98,1665.71,1854.22,217.33,3796.14,14074.72,18246.43,1259.37,2776.74,833.6,5446.87,2754.96,8201.83,828.75,10013.51,121.59999999999997,-39.46000000000001,-221.65999999999997,336.63000000000005,-6.688948989650075,0.48,0.82,-0.51,0.05,-0.1,-3.995410944432707,-3.172321994506656,-7.287766744136912,-7.33920980350729,-4.578432283963659,-8.08,-8.04,-4.35,0.7,0.66,6,2016,41.76176470588236,835.2352941176471,-425.97
2016-09-30,2555.3099999999995,-455.11,-0.5475287147591592,-0.00024228286674909667,-217.69,-419.53000000000003,-82.17000000000002,5.0,0.0,2974.8399999999992,-458.2,1261.31,1735.28,201.37,3247.74,13629.91,17261.29,992.0,2538.07,1488.89,5714.91,2118.31,7833.22,828.75,9398.37,-64.08999999999997,-110.12,-234.35000000000002,337.3599999999999,-2.284446397574213,0.44,0.83,-1.06,0.05,-0.05,-10.537345076497026,-8.574506287737778,-19.359788895446496,-18.223408544059563,-13.615902755708902,-11.29,-11.22,-6.04,0.57,0.53,9,2016,-0.20138734739178688,831.2075471698113,-881.08
2016-12-31,2738.4400000000005,-493.59000000000003,-0.5960407952454043,-0.00018675494125450941,-105.82999999999998,-435.19000000000005,-35.42999999999998,5.15,25.57,3173.630000000001,-321.56999999999994,1255.45,1533.73,0.0,3437.4,14108.04,18124.35,1271.19,2762.24,1629.13,6290.76,2582.95,8873.71,828.75,9230.67,86.43,-774.23,726.92,399.76,-2.1584093073198405,0.46,0.96,-1.66,0.05,-0.03,-10.886721031229314,-9.105779859893648,-21.385656484829088,-19.777064459106548,-14.520415517906114,-13.17,-12.98,-7.07,0.55,0.55,12,2016,-0.15465446692429907,828.1144578313254,-1374.67
2017-03-31,2666.97,-261.09,-0.32,0.0,-68.17,-208.57,189.17,7.15,0.41,2875.54,-290.56,1431.52,1516.58,0.0,3646.64,13169.46,17371.77,1735.06,2683.03,1801.63,6835.19,1941.31,8776.5,828.75,8593.66,9.35,53.82,105.66,397.74,-5.585,0.69,1.02,-0.32,0.0,0.0,-6.0,-4.639999999999999,-12.16,-11.12,-7.92,-10.14,-9.79,-3.62,0.53,0.53,3,2017,0.0,815.9062499999999,-261.09
2017-06-30,2862.64,162.83999999999997,0.1988885496183206,0.0,338.86,214.63,591.47,7.85,0.0,2648.01,115.97999999999999,1496.0,2075.97,224.66,3827.99,13087.15,17471.03,1400.69,2850.64,1819.16,6702.18,2127.17,8829.34,828.75,8640.07,558.0799999999999,-356.05,-113.34,376.84000000000003,9.867838061901255,0.75,1.02,-0.12,0.0,0.0,3.7125862595419843,-0.1988885496183206,7.557764885496181,6.96109923664122,-0.3977770992366412,-1.84,-1.78,0.08,0.57,0.54,6,2017,0.0,818.75,-98.25
2017-09-30,2967.000000000001,241.66,0.28646677358622136,0.0,481.34999999999997,293.89,676.93,7.8,0.0,2673.1099999999997,256.91,1539.74,1483.3,0.0,3985.93,12494.54,17186.16,1378.58,2871.43,1170.5,6040.52,2419.24,8459.76,828.75,8724.79,582.37,-158.18,-363.78,383.03999999999985,6.806723082016056,0.74,0.97,0.17,0.0,0.0,5.594527578272087,11.728286730353531,11.054247263091833,10.649823582734816,18.131661669339657,1.73,1.69,2.2,0.66,0.66,9,2017,0.0,843.5882352941176,143.41
