,revenue,net_profit,eps,dps,gross_profit,ebit,ebitda,close_price,expense,operating_profit,cash,account_receivable,inventory,current_asset,property_plant_equipment,total_asset,short_term_loan,account_payable,current_portion_long_term_debt,current_liability,non_current_liability,total_liability,paid_in_capital,total_equity,cash_flow_operation,cash_flow_investment,cash_flow_financing,depreciation,P/E,P/BV,D/E,EPS,DPS,DPR%,ROA%,ROAA%,ROE%,ROAE%,ROCE%,NPM%,NPMA%,TIE,CurrentRatio,QuickRatio,month,year,dividend,number_of_shares,return_old
2005-03-31,86.64,5.66,0.05,0.0,23.4,8.95,17.09,,77.69,7.34,18.5,72.71,28.78,127.29,286.07,428.94,46.29,25.65,37.64,185.21,67.01,252.22,115.0,176.72,19.81,-60.3,48.55,8.14,0.0,0.0,1.43,0.05,0.0,0.0,5.28,0.0,12.8,0.0,14.68,6.7,6.53,0.0,0.69,0.53,3,2005,0.0,113.2,5.66
2005-06-30,92.88000000000001,11.61,0.09411696583671106,0.0,32.04,17.34,25.540000000000003,2.38,75.53,15.920000000000002,14.32,74.03,29.48,127.65,403.57,547.81,0.27,29.7,15.58,117.71,159.18,276.89,145.0,270.92,18.710000000000004,-126.88000000000001,104.00000000000001,8.2,6.321920757967269,1.27,1.02,0.14,0.0,0.0,8.470526925303995,0.0,17.129287782281413,0.0,16.430133178922986,9.81,9.62,0.0,1.08,0.83,6,2005,0.0,123.35714285714285,17.27
2005-09-30,104.84,14.970000000000002,0.11143920595533499,0.1,35.980000000000004,21.450000000000003,29.65,2.4,83.4,19.039999999999996,6.74,76.89,33.88,133.22,467.42,618.52,26.86,37.06,60.42,158.84,188.28,347.12,145.0,271.4,12.329999999999998,-72.63,52.72,8.2,5.378717434869739,1.28,1.28,0.24,0.1,0.42,9.676637717121588,0.0,22.06496277915633,0.0,19.29755583126551,11.58,11.34,0.0,0.84,0.63,9,2005,13.433333333333335,134.33333333333334,32.24
2005-12-31,104.91999999999996,-3.120000000000001,-0.022500000000000003,0.0031250000000000015,29.560000000000002,-1.8999999999999986,8.939999999999998,2.22,106.81,-3.9599999999999937,28.73,81.22,42.96,168.26,524.97,707.56,82.75,36.82,60.43,255.41,173.18,428.59,145.0,268.27,6.859999999999999,-70.67000000000002,85.79999999999998,10.840000000000003,-24.61666666666666,1.2,1.6,0.21,0.1,0.48,-1.7657142857142862,-0.0,-4.650000000000001,-0.0,-4.345714285714287,7.66,7.48,0.0,0.66,0.49,12,2005,0.43333333333333357,138.66666666666669,29.12
2006-03-31,130.78,12.82,0.09,0.0,44.7,21.54,36.47,2.18,109.24,19.71,12.98,84.88,31.72,146.03,525.43,687.35,68.57,31.42,61.17,237.79,159.28,397.07,145.0,281.09,17.64,-16.06,-17.33,14.93,6.065,1.13,1.41,0.09,0.0,0.0,7.48,15.44,18.24,22.4,19.16,9.96,9.8,0.0,0.61,0.48,3,2006,0.0,142.44444444444446,12.82
2006-06-30,115.4,6.899999999999999,0.048985801217038535,0.060000000000000005,34.16,15.149999999999999,30.989999999999995,2.23,100.25000000000001,12.61,12.58,102.57,39.14,164.89,511.9,692.25,69.73,49.75,60.69,266.37,144.92,411.29,145.0,279.29,7.099999999999998,-0.620000000000001,-6.890000000000001,15.84,11.396159420289857,1.16,1.47,0.14,0.06,0.43,3.9888438133874233,8.285598377281945,9.881135902636913,10.035091277890464,12.064503042596344,8.18,8.01,0.0,0.62,0.47,6,2006,8.45142857142857,140.85714285714283,19.72
2006-09-30,200.76999999999998,15.219999999999999,0.10454493417286775,0.0019478289312290502,36.510000000000005,23.190000000000005,44.370000000000005,2.3,177.57999999999998,9.439999999999998,63.92,160.34,50.54,300.28,676.58,1006.29,71.24,78.78,108.26,447.73,183.94,631.67,145.0,346.13,12.2,-73.5,112.64,21.180000000000003,5.49811432325887,0.96,1.82,0.24,0.06,0.25,6.046182026330853,12.841602747567258,17.580973096737264,19.724144247281053,18.678694905552376,8.17,7.82,0.0,0.67,0.56,9,2006,0.28357142857142925,145.58333333333334,34.94
2006-12-31,214.40000000000003,1.990000000000002,0.012393717844570822,0.005598429461142705,33.51999999999998,9.18,36.05,2.3,205.22999999999996,-2.9199999999999946,33.02,165.01,49.93,277.42,721.45,1030.82,128.3,88.86,116.62,470.94,178.06,649.0,202.82,354.32,14.840000000000003,-56.829999999999984,11.11,26.86999999999999,46.394472361809,1.32,1.83,0.23,0.06,0.26,0.7716436501489312,1.7135662063363135,2.245957216355269,2.5563390197671296,2.657644191714056,5.85,5.58,0.0,0.59,0.48,12,2006,0.8989130434782613,160.56521739130434,36.93
2007-03-31,206.12,9.66,0.05,0.0,40.6,24.2,51.82,3.2,181.93,18.04,10.8,166.74,61.2,271.91,702.23,1028.35,130.22,91.05,114.5,498.32,152.4,650.72,202.82,349.58,13.5,-35.71,-0.01,27.62,16.0,1.86,1.86,0.05,0.0,0.0,3.76,11.28,11.04,12.24,18.28,4.83,4.69,0.0,0.55,0.42,3,2007,0.0,193.2,9.66
2007-06-30,192.96999999999997,13.27,0.05787178368948975,0.06,37.62,20.49,44.36000000000001,3.64,172.46999999999997,11.380000000000003,64.81,164.51,64.91,326.02,728.23,1091.49,194.71,61.72,122.98,458.86,154.9,613.75,239.82,454.49,23.060000000000002,-40.35999999999999,71.32000000000001,23.87,15.724415975885455,1.92,1.35,0.1,0.06,0.6,4.861229829917139,11.597505451373745,11.690100305276928,14.467945922372436,16.342991713911903,5.97,5.75,0.0,0.71,0.57,6,2007,13.758,229.29999999999998,22.93
2007-09-30,206.20999999999998,6.57,0.02895254237288136,-0.0006284745762711923,36.3,16.620000000000005,46.94,4.28,189.59000000000003,12.199999999999996,10.88,176.24,80.68,301.14,731.04,1069.25,177.5,78.82,121.51,460.29,127.46,587.74,239.82,461.06,26.549999999999997,20.919999999999995,-101.41,30.32,36.95357686453577,2.23,1.27,0.13,0.06,0.46,2.4587389830508473,5.264908474576272,5.70142372881356,6.512094915254237,8.970833898305084,5.04,4.87,0.0,0.65,0.48,9,2007,-0.14261538461538592,226.9230769230769,29.5
2007-12-31,201.13,-24.06,-0.08845588235294118,0.009943438914027158,16.429999999999993,-24.660000000000004,11.990000000000009,5.2,225.78999999999996,-27.58,19.23,152.0,69.35,271.58,715.4,1024.33,186.97,63.73,116.66,469.57,104.79,574.36,239.82,437.0,26.61,-5.3700000000000045,-12.879999999999995,36.64999999999999,-14.696591853699088,2.85,1.31,0.02,0.06,3.0,-9.376323529411764,-63.157499999999985,-21.93705882352941,-24.23691176470588,-116.93867647058823,0.69,0.67,0.0,0.58,0.43,12,2007,2.704615384615387,272.0,5.44
2008-03-31,231.87,12.0,0.05,0.0,43.02,22.96,53.18,4.3,208.91,18.84,13.92,187.23,68.51,299.02,701.6,1038.57,222.37,78.38,115.4,476.16,101.88,578.04,239.82,449.0,19.24,-14.34,-10.21,30.22,21.5,2.3,1.29,0.05,0.0,0.0,4.64,8.88,10.68,12.04,16.32,5.27,5.18,0.0,0.63,0.48,3,2008,0.0,240.0,12.0
2008-06-30,222.08999999999997,11.379999999999999,0.048674080410607355,0.0,37.839999999999996,21.47,52.65,3.96,200.63000000000002,13.8,6.04,176.86,77.5,289.09,690.12,1013.77,206.08,83.52,108.41,467.02,76.22,543.25,239.82,460.38,63.45,-19.76,-51.58,31.18,20.339367311072056,2.06,1.18,0.1,0.0,0.0,4.497485029940119,8.216184773310522,9.890573139435414,9.948982035928145,15.828810949529514,5.29,5.15,0.0,0.62,0.45,6,2008,0.0,233.79999999999998,23.38
2008-09-30,266.07,23.73,0.10074294205052006,0.0,56.88000000000001,37.11000000000001,67.71,3.72,228.95,30.97,10.63,208.42,80.02,330.52,667.87,1038.8,225.11,104.0,102.29,482.27,61.93,544.2,239.82,484.11,39.92,-24.5,-10.809999999999995,30.6,9.231415929203541,1.84,1.12,0.2,0.0,0.0,9.147459138187221,15.595007429420505,19.604576523031206,20.088142644873702,29.51768202080238,6.71,6.54,0.0,0.69,0.52,9,2008,0.0,235.54999999999998,47.11
2008-12-31,208.51999999999998,-6.380000000000003,-0.026629020378099694,0.0,31.22999999999999,-1.5,29.110000000000014,2.18,210.01999999999998,-5.060000000000002,11.62,142.4,63.62,246.82,651.56,931.77,193.51,75.67,97.45,398.0,47.67,445.67,239.82,477.74,54.19000000000001,-6.960000000000001,-46.25,30.61,-20.460760188087765,1.09,0.93,0.17,0.0,0.0,-2.7380898600540156,-5.125303216302482,-5.34460103118095,-5.582695801620431,-9.398477780505774,4.49,4.39,0.0,0.62,0.46,12,2008,0.0,239.58823529411762,40.73
2009-03-31,165.05,4.83,0.02,0.0,37.76,14.03,37.73,0.85,151.02,18.75,7.91,137.31,59.17,217.26,628.56,881.14,190.99,53.96,88.65,365.09,28.36,393.45,239.82,482.56,36.56,-3.72,-36.55,23.7,10.625,0.42,0.82,0.02,0.0,0.0,2.2,5.84,3.9999999999999996,4.16,10.88,2.96,2.93,0.0,0.6,0.43,3,2009,0.0,241.5,4.83
2009-06-30,200.39,22.450000000000003,0.0905241935483871,0.08,58.29,34.66,58.050000000000004,2.58,165.73,33.65,10.3,157.48,63.44,243.84,606.07,887.42,192.83,73.04,69.42,370.07,20.52,390.59,239.82,486.55,51.94,-1.7600000000000002,-47.790000000000006,23.390000000000004,7.123786191536747,1.27,0.8,0.11,0.08,0.7,10.105791788856305,16.853958944281526,18.46693548387097,18.960703812316716,30.975733137829913,7.63,7.46,4.08,0.66,0.49,6,2009,19.84,248.0,27.28
2009-09-30,290.40000000000003,57.239999999999995,0.23703265499290105,-0.002158069096071929,51.64999999999999,82.13,105.69999999999999,2.82,208.26999999999998,25.300000000000004,53.76,178.39,64.17,358.8,612.66,1014.72,158.44,96.2,29.67,341.54,24.2,365.74,239.82,581.08,2.260000000000005,55.5,-14.299999999999997,23.569999999999993,2.975328441649197,1.16,0.63,0.35,0.08,0.22,22.56550875532418,34.511954566966395,39.415144344533836,42.99095125414103,52.63479413156649,14.42,12.89,8.0,1.05,0.86,9,2009,-0.5211428571428556,241.4857142857143,84.52
2009-12-31,244.51,12.260000000000005,0.050671626369084545,0.33015351459864783,64.81,25.310000000000002,52.93000000000001,2.98,219.20000000000005,26.689999999999998,43.64,191.83,78.23,354.14,596.28,1011.55,172.66,101.5,50.47,403.05,19.55,422.6,239.82,514.21,58.43999999999998,3.309999999999995,-71.86,27.620000000000005,14.702508156606847,1.39,0.82,0.4,0.41,1.02,4.849274643521391,8.142930357511885,9.53640008266171,9.886034304608394,13.002339326307094,11.76,10.75,7.86,0.88,0.68,12,2009,79.88064285714285,241.95,96.78
2010-03-31,234.21,27.19,0.11,0.0,52.15,38.02,58.68,2.94,196.19,32.09,73.6,107.18,48.17,279.82,433.85,738.01,10.86,47.72,8.21,125.95,6.52,132.47,242.16,545.24,-8.78,5.21,33.52,20.66,6.6825,1.31,0.24,0.11,0.0,0.0,14.72,18.8,19.96,21.16,24.84,12.78,11.61,67.89,2.22,1.84,3,2010,0.0,247.1818181818182,27.19
2010-06-30,159.36999999999998,15.900000000000002,0.06641912276630309,0.16,50.54,31.82,48.75000000000001,2.88,127.55000000000001,26.309999999999995,68.03,128.37,53.82,291.47,430.39,754.86,2.03,54.33,20.32,126.24,46.21,172.45,242.16,522.4,31.92,-36.18,-1.3000000000000043,16.930000000000003,10.840251572327043,1.34,0.33,0.18,0.16,0.89,8.427848688790903,12.560594105360874,12.176839173822234,12.604873520538408,16.39814342074727,11.88,10.95,63.49,2.31,1.88,6,2010,38.30222222222223,239.3888888888889,43.09
2010-09-30,195.57,28.310000000000002,0.114984593837535,0.0044307500778089275,75.96000000000001,54.489999999999995,72.51999999999998,3.18,141.07999999999998,50.190000000000005,54.08,150.7,64.36,342.52,455.0,845.68,1.88,64.61,14.22,179.3,44.5,223.8,243.05,552.1,10.670000000000002,-21.439999999999998,-3.1899999999999977,18.029999999999994,6.916796185093608,1.4,0.41,0.29,0.16,0.55,13.385792717086835,21.204745098039215,20.506907563025212,19.983529411764707,29.59465546218487,12.97,12.12,64.76,1.91,1.55,9,2010,1.0908812260536465,246.20689655172418,71.4
2010-12-31,186.46000000000004,21.929999999999993,0.08928961748633876,-0.00039193517995104603,65.25999999999999,38.519999999999996,54.96000000000001,4.24,147.93,34.91,86.38,161.24,70.13,352.81,462.08,894.03,17.51,53.22,21.84,194.08,49.69,243.77,243.05,574.04,62.53999999999999,-55.08,24.85,16.440000000000005,11.873720930232562,1.8,0.42,0.38,0.16,0.42,9.812459016393438,16.062732240437153,15.28262295081967,16.119125683060105,21.871256830601084,12.8,12.03,60.09,1.82,1.46,12,2010,-0.0962613430127135,245.60526315789474,93.33
2011-03-31,185.81,18.18,0.07,0.0,57.88,33.83,49.84,4.12,151.98,26.78,64.08,155.22,82.42,361.03,534.39,932.59,5.0,72.5,45.77,193.77,80.06,273.83,245.65,579.42,28.99,-48.12,-3.17,16.01,14.714999999999998,1.75,0.47,0.07,0.0,0.0,7.8,16.2,12.56,12.92,18.32,10.17,9.78,35.61,1.86,1.44,3,2011,0.0,259.71428571428567,18.18
2011-06-30,204.95,26.36,0.10652896273013021,0.3,81.55000000000001,50.260000000000005,67.19,4.08,154.69000000000003,51.28999999999999,41.78,180.03,86.4,317.31,571.84,947.85,28.2,64.0,81.05,238.25,110.36,348.61,245.65,532.09,40.17,-47.50000000000001,-14.97,16.929999999999996,9.576268968133537,1.88,0.66,0.18,0.3,1.67,11.126358329591378,23.389025594970814,19.81438706780422,20.003771890435562,28.052626852267625,11.58,11.4,38.4,1.33,0.97,6,2011,74.23333333333333,247.44444444444446,44.54
2011-09-30,208.71000000000004,22.300000000000004,0.09008078994614006,0.2001346499102334,76.25,47.879999999999995,71.60999999999999,3.82,160.83999999999997,44.81,30.19,179.76,91.91,308.06,597.66,959.46,58.85,57.19,36.77,242.45,137.83,380.28,245.8,505.45,47.790000000000006,-53.079999999999984,-6.300000000000001,23.730000000000004,10.602982062780267,1.86,0.75,0.27,0.5,1.85,9.30167564332735,19.510831837223222,17.642489527229205,16.868461998803113,24.56870137642131,11.32,11.15,31.65,1.27,0.89,9,2011,49.54444444444444,247.55555555555554,66.84
2011-12-31,156.97000000000003,-0.10000000000000853,-0.00040455498951157186,-0.0007491759065028682,33.06,-1.4699999999999989,20.54000000000002,3.48,158.44000000000005,-4.539999999999992,82.19,149.13,76.6,317.16,582.16,952.57,17.5,89.76,34.99,191.31,130.03,321.35,259.33,554.14,61.10000000000001,-14.870000000000005,5.77,22.010000000000005,-2150.6964999998168,1.63,0.58,0.27,0.5,1.85,-0.042013784836683235,-0.08468684447108904,-0.07216062331436036,-0.07090200779143548,-0.10272700029967913,8.97,8.82,74.15,1.66,1.26,12,2011,-0.18518518518519045,247.18518518518516,66.74
2012-03-31,248.66,45.14,0.17,0.0,98.45,77.52,97.65,4.2,171.14,67.75,46.6,232.69,92.12,389.35,603.03,1045.67,4.0,148.96,34.22,233.65,123.12,356.78,259.33,599.28,4.64,-15.78,-24.44,20.13,6.1775,1.82,0.6,0.17,0.0,0.0,17.28,31.36,30.12,30.64,38.2,18.89,18.15,45.07,1.67,1.27,3,2012,0.0,265.52941176470586,45.14
2012-06-30,295.2900000000001,51.379999999999995,0.19696021549937837,0.0,113.92999999999999,86.58,109.50999999999999,7.15,208.71000000000004,79.47999999999999,96.21,235.68,93.18,436.98,597.29,1091.6,3.5,116.69,34.03,228.78,119.87,348.66,259.33,650.66,109.54,-54.16,-5.779999999999998,22.930000000000003,9.07340599455041,2.85,0.54,0.37,0.0,0.0,18.82300870285951,34.26043099875673,31.577513468711146,34.7501699129714,40.49927890592623,18.31,17.74,53.45,1.91,1.5,6,2012,0.0,260.86486486486484,96.52
2012-09-30,291.15999999999997,46.92,0.17990797546012274,0.11,103.35000000000002,70.68,94.91999999999999,8.75,220.48000000000002,63.31,93.12,219.4,80.77,408.9,598.07,1094.43,0.5,113.87,34.45,206.7,117.1,323.81,261.85,672.43,87.66999999999999,-36.99000000000001,-53.760000000000005,24.239999999999995,12.159688832054561,3.41,0.48,0.55,0.11,0.2,17.15340769659788,29.910518683770217,27.908633575013944,31.873151143335193,34.60775237032906,17.69,17.18,51.26,1.98,1.59,9,2012,28.687999999999995,260.79999999999995,143.44
2012-12-31,244.94999999999993,23.00999999999999,0.08847341544007206,-0.0003053169119855604,84.87,39.26000000000002,65.81,8.2,205.68999999999994,32.26000000000002,100.61,178.62,85.02,376.98,588.6,1121.27,3.0,96.84,34.56,217.55,104.68,322.23,261.85,695.44,104.79999999999998,-89.01999999999998,-8.299999999999997,26.549999999999997,23.16628096479792,3.09,0.46,0.64,0.11,0.17,8.205909282066683,14.614702313006903,13.232305196755778,14.730823670771999,16.765712225893658,15.87,15.41,42.03,1.73,1.34,12,2012,-0.07940624999999457,260.078125,166.45
2013-03-31,266.9,46.82,0.15,0.0,104.83,76.74,100.5,13.3,190.16,69.37,92.32,205.68,90.3,396.98,706.57,1187.25,5.0,102.84,36.21,205.75,115.93,321.68,261.85,745.02,63.81,-74.48,2.39,23.76,22.1675,4.67,0.43,0.15,0.0,0.0,15.76,27.48,25.120000000000005,27.880000000000003,31.279999999999998,18.04,17.54,29.63,1.93,1.49,3,2013,0.0,312.1333333333333,46.82
2013-06-30,276.4,41.76,0.13200270941521788,0.02,100.96,67.02,97.52000000000001,8.9,209.38000000000002,64.01999999999998,97.08,241.5,112.64,461.22,702.09,1240.25,8.0,119.48,35.41,221.98,104.0,325.98,314.22,780.96,23.629999999999995,-6.200000000000003,-12.67,30.499999999999996,16.85798730842912,3.58,0.42,0.28,0.02,0.08,13.464276360352223,23.251334386994806,21.384438925265293,23.326764506660645,26.626832242041093,16.62,16.3,27.23,2.08,1.57,6,2013,6.3271428571428565,316.35714285714283,88.58
2013-09-30,296.55000000000007,46.739999999999995,0.14852349985220217,-0.00010546429627127001,108.47999999999999,72.98000000000002,102.91999999999999,9.0,223.57999999999998,69.25,98.57,245.71,130.76,485.63,756.0,1335.54,15.0,141.25,94.73,324.24,357.06,681.31,316.77,647.88,87.35,-401.88,316.01,29.940000000000005,15.148949507916132,4.4,1.05,0.43,0.02,0.05,13.995749334909844,24.647992905704996,28.861915459651197,28.323086018326926,29.607986993792487,16.39,16.11,28.41,1.5,1.09,9,2013,-0.033189368770763394,314.69767441860466,135.32
2013-12-31,291.51999999999987,44.44,0.1409145527369826,4.253733660384548e-05,106.28000000000003,61.860000000000014,95.39999999999998,9.45,229.64999999999998,56.639999999999986,71.21,232.82,118.38,435.22,790.76,1303.98,45.0,92.95,113.97,317.21,279.59,596.8,316.77,701.35,72.64000000000001,-70.16000000000003,-29.83000000000004,33.53999999999999,16.766543654365435,4.27,0.85,0.57,0.02,0.04,13.636573208722739,22.714437027147305,25.344842011570982,25.45361815754339,27.915914552736986,16.16,15.89,29.67,1.37,1.0,12,2013,0.01341493268053906,315.3684210526316,179.76
2014-03-31,299.85,50.56,0.13,0.0,109.66,66.89,98.87,10.2,232.96,65.75,75.76,253.75,114.38,452.9,822.71,1351.51,20.0,144.38,114.09,342.33,255.09,597.41,316.77,748.4,85.24,-22.44,-58.25,31.98,19.615,4.32,0.8,0.13,0.0,0.0,14.960000000000003,21.08,27.04,27.08,26.520000000000003,16.93,16.86,15.17,1.32,0.99,3,2014,0.0,388.9230769230769,50.56
2014-06-30,255.94999999999993,20.039999999999992,0.05393201133144474,0.02,66.71000000000001,26.840000000000003,57.53999999999999,8.1,229.10999999999999,25.08,93.87,240.19,128.38,479.72,856.96,1452.64,75.0,200.04,211.24,560.41,118.72,679.13,380.12,767.79,72.3,-56.22,2.020000000000003,30.7,37.54588323353295,4.01,0.88,0.19,0.02,0.12,5.518096317280452,7.902458923512746,10.445779036827192,10.35494617563739,11.933167138810195,12.77,12.7,10.86,0.86,0.63,6,2014,7.431578947368421,371.57894736842104,70.6
2014-09-30,289.99,24.0,0.06342494714587739,0.00036052075219761775,73.9,35.08,70.72,8.15,254.91000000000003,26.629999999999995,43.34,249.24,117.92,420.16,853.91,1389.19,70.0,259.77,158.82,495.67,93.85,589.52,380.12,794.21,51.93000000000001,-16.49000000000001,-85.96000000000001,35.63999999999999,32.124583333333334,3.9,0.74,0.25,0.02,0.09,6.9107822410147985,9.58985200845666,12.086257928118396,13.31416490486258,14.63340380549683,11.34,11.18,10.53,0.85,0.61,9,2014,0.13642105263157855,378.4,94.6
2014-12-31,258.3600000000001,21.450000000000003,0.05729857819905214,-0.00021611374407582784,63.140000000000015,29.689999999999998,66.88,7.0,228.65999999999997,18.64,39.23,221.02,101.95,379.11,832.3,1359.15,147.5,171.47,136.56,469.22,79.46,548.68,380.12,805.28,50.97999999999999,-82.10999999999999,27.019999999999996,37.19,30.540897435897428,3.3,0.68,0.31,0.02,0.07,6.3139336492891,8.798104265402845,10.653838862559244,11.39317535545024,13.167582938388627,10.73,10.51,10.36,0.81,0.59,12,2014,-0.08090322580645104,374.35483870967744,116.05
2015-03-31,259.98,25.32,0.02,0.0,67.77,34.72,71.29,7.1,225.26,30.02,58.05,223.27,95.4,401.05,836.05,1383.33,154.5,192.84,91.0,445.58,89.8,535.38,380.12,843.18,80.55,-29.24,-32.5,36.57,88.75,3.2,0.63,0.02,0.0,0.0,7.319999999999999,10.16,12.0,12.719999999999999,14.800000000000002,9.92,9.74,9.95,0.9,0.69,3,2015,0.0,1266.0,25.32
2015-06-30,231.14999999999998,-0.25,-0.00019944156362185878,0.35,52.96000000000001,14.230000000000004,51.66,1.17,216.92000000000002,7.23,51.1,218.15,101.99,957.67,834.68,1899.35,1.5,126.31,55.93,227.14,93.63,320.77,380.12,1236.48,40.09,-288.63,241.59,37.43,-1466.595,1.44,0.26,0.02,0.35,17.5,-0.05265257279617072,-0.11647387315516554,-0.08097327483047466,-0.0997207818109294,-0.11687275628240926,5.23,5.1,13.37,4.22,3.77,6,2015,438.72499999999997,1253.5,25.07
2015-09-30,261.40999999999997,4.940000000000001,0.003292235921359548,0.05761412862379206,49.33999999999999,11.649999999999999,50.209999999999994,1.09,249.76000000000005,5.450000000000003,53.86,236.85,103.63,989.82,811.04,1890.56,28.5,139.2,62.46,240.62,75.62,316.24,380.12,1232.65,16.83999999999999,-27.409999999999968,13.340000000000003,38.56,82.77049595141699,1.34,0.26,0.02,0.35,17.5,1.046931022992336,2.436254581806065,1.60002665778074,1.949003665444852,2.4165011662779077,4.08,3.99,8.48,4.11,3.68,9,2015,86.44999999999999,1500.5,30.01
2015-12-31,255.34000000000003,2.7199999999999953,0.001662083715245949,0.029086465016804102,39.76000000000002,7.080000000000005,44.71000000000001,0.91,248.25,-0.3100000000000023,66.35,212.9,89.41,902.57,815.58,1816.38,0.0,104.59,56.62,171.62,70.82,242.44,380.12,1230.19,12.100000000000023,677.8499999999999,-677.46,37.629999999999995,136.8763786764708,1.12,0.2,0.02,0.35,17.5,0.5983501374885417,1.4160953253895485,0.8842285365108449,1.070381912618391,1.3662328139321702,3.33,3.25,8.07,5.26,4.74,12,2015,47.59999999999991,1636.4999999999998,32.73
2016-03-31,256.7,15.13,0.01,0.0,65.3,31.09,65.65,0.92,225.61,26.62,81.42,219.76,86.47,937.13,812.24,1887.39,43.0,124.08,53.16,229.0,62.41,291.41,380.12,1244.17,3.12,-19.84,30.78,34.56,23.0,1.12,0.23,0.01,0.0,0.0,3.2,7.6,4.88,5.8,7.48,6.0,5.89,29.61,4.09,3.71,3,2016,0.0,1513.0,15.13
2016-06-30,232.98000000000002,5.470000000000001,0.002655339805825243,0.02,53.07000000000001,16.98,50.00999999999999,1.14,216.01,10.889999999999997,266.03,201.57,92.92,1043.51,790.34,2022.92,10.0,126.58,94.4,240.83,201.79,442.62,380.12,1232.72,72.25,5.949999999999999,106.41999999999999,33.03,107.33089579524679,1.41,0.36,0.01,0.02,2.0,1.083378640776699,2.6022330097087383,1.7737669902912623,1.7737669902912623,2.8677669902912624,4.3,4.21,19.86,4.33,3.95,6,2016,41.2,2060.0,20.6
2016-09-30,328.92,22.11,0.01553032076797003,-0.008939358464059938,99.00999999999999,41.779999999999994,78.62,1.49,287.13,36.93,176.56,296.67,127.27,1087.21,973.17,2152.34,10.0,171.21,90.6,278.15,208.01,486.16,380.12,1246.76,24.83,-174.88,60.57000000000002,36.84,23.98694821347807,1.82,0.39,0.03,0.02,0.67,4.100004682744087,9.193949894638259,7.102533364551627,7.143947553266214,9.918698197143526,5.32,5.22,17.25,3.91,3.45,9,2016,-12.726666666666667,1423.6666666666667,42.71
2016-12-31,346.2499999999999,12.199999999999996,0.00888727007830996,-0.000741819947793365,101.63,25.450000000000003,61.49000000000001,2.14,320.79999999999995,21.97,144.1,323.58,127.04,1066.74,952.09,2122.34,0.0,124.5,97.37,235.27,204.33,439.6,380.12,1260.06,3.8400000000000034,-16.44999999999999,-19.830000000000013,36.03999999999999,60.19846311475412,2.58,0.35,0.04,0.02,0.5,2.3018029502822794,5.199052995811326,3.874849754143143,3.919286104534692,5.430122017847386,4.79,4.71,14.43,4.53,3.99,12,2016,-1.0183333333333415,1372.7499999999998,54.91
2017-03-31,384.87,16.52,0.01,0.0,120.07,39.73,75.04,2.16,345.14,36.98,105.19,373.18,149.97,1127.34,938.04,2179.73,7.0,157.1,96.04,274.4,192.4,466.8,380.12,1283.06,25.49,-44.28,-20.12,35.31,54.0,2.56,0.36,0.01,0.0,0.0,3.04,7.8,5.16,5.24,8.36,4.32,4.29,14.71,4.11,3.56,3,2017,0.0,1652.0,16.52
2017-06-30,345.11,16.3,0.009932967702620353,0.04,95.03,25.119999999999997,60.42,1.43,319.99,20.340000000000003,97.42,336.8,170.9,1097.2,922.13,2112.94,41.0,145.04,88.14,283.47,173.17,456.64,380.12,1234.7,53.63000000000001,0.4200000000000017,-61.81999999999999,35.3,35.991257668711654,1.76,0.37,0.02,0.04,1.75,3.07921998781231,6.237903717245583,5.284338817794028,5.284338817794028,7.032541133455211,4.54,4.5,12.57,3.87,3.27,6,2017,65.64,1641.0,32.82
2017-09-30,367.1600000000001,16.64,0.010093004448038819,0.0001860088960776417,92.94000000000003,29.040000000000006,64.57,1.47,338.12,24.68,88.78,349.65,171.57,1100.85,902.58,2092.0,28.0,143.13,82.2,264.04,160.18,424.22,380.12,1251.34,51.389999999999986,-9.719999999999999,-50.30000000000001,35.53,36.41135817307692,1.79,0.34,0.03,0.04,1.17,3.175932066316215,5.948143954710877,5.315649009300445,5.329106348564497,6.917072381722604,4.56,4.51,12.18,4.17,3.52,9,2017,0.30666666666667197,1648.6666666666667,49.46
