,revenue,net_profit,eps,dps,gross_profit,ebit,ebitda,close_price,allowance_doubtful_accounts,expense,operating_profit,cash,account_receivable,inventory,current_asset,property_plant_equipment,total_asset,short_term_loan,account_payable,current_portion_long_term_debt,current_liability,non_current_liability,total_liability,paid_in_capital,total_equity,cash_flow_operation,cash_flow_investment,cash_flow_financing,depreciation,P/E,P/BV,D/E,EPS,DPS,DPR%,ROA%,ROAA%,ROE%,ROAE%,ROCE%,NPM%,NPMA%,CurrentRatio,QuickRatio,month,year,dividend,number_of_shares,return_old
2000-03-31,3868.32,2559.63,33.99,0.0,393.46,2745.18,2975.61,3.38,0.0,1123.15,130.39,601.94,1303.52,579.49,3926.58,1199.98,13876.85,537.41,552.82,364.2,3881.02,8889.55,12770.57,753.15,342.46,202.6,-116.4,-174.72,230.43,0.025,7.42,37.29,33.99,0.0,0.0,73.8,0.0,2989.68,0.0,109.84,204.39,66.17,1.01,0.86,3,2000,0.0,75.30538393645189,2559.63
2000-06-30,1268.9299999999998,-247.20000000000027,-3.281846369403618,0.0,332.41,-46.07999999999993,136.78999999999996,2.3,0.0,1315.0099999999998,86.28,595.87,1062.78,309.95,2993.68,1180.58,11993.16,710.86,488.06,598.22,3361.42,8790.24,12151.66,753.15,-946.49,-253.97,2.6300000000000097,225.87,182.87,-0.16370358009708721,-1.83,-12.84,30.7,0.0,0.0,-8.244169120795018,-0.0,104.47175309090449,-0.0,-13.371118693322623,92.16,45.01,0.89,0.8,6,2000,0.0,75.32345276872964,2312.43
2000-09-30,1399.33,-438.8499999999999,-5.827660414820824,0.0,404.33000000000004,-239.0899999999997,-33.690000000000055,1.8,0.0,1638.4100000000003,83.26000000000002,536.62,1028.22,325.41,3373.52,1183.4,11079.29,549.04,641.86,912.8,3220.36,9094.05,12314.41,753.15,-2026.17,42.339999999999996,-99.64,-128.55,205.40000000000003,-0.07471265808362768,-0.67,-6.08,24.88,0.0,0.0,-15.843366175983942,-0.0,86.63726021840539,-0.0,-29.325686653358808,48.56,28.66,1.05,0.95,9,2000,0.0,75.30466237942122,1873.58
2000-12-31,1531.5100000000002,-45.74000000000001,-0.607334230567227,0.0,367.53999999999996,157.25,430.1300000000001,1.45,0.0,1374.2599999999998,-11.470000000000027,528.28,946.99,550.5,3523.81,881.85,11236.1,653.6,769.3,1105.2,3588.39,8739.85,12328.24,753.15,-1890.02,127.19,-137.33,34.64000000000001,272.88,-0.599422824661128,-0.58,-6.52,24.27,0.0,0.0,-1.6285666141456585,-0.0,9.680312062324932,-0.0,-3.4252949929971996,34.48,22.66,0.98,0.83,12,2000,0.0,75.31273176761434,1827.84
2001-03-31,1488.66,-168.97,-2.24,0.0,389.89,23.77,246.25,1.65,0.0,1464.89,68.92,750.69,718.84,656.85,3266.26,911.04,10925.02,697.04,666.57,1394.32,3626.57,8196.58,11823.15,753.15,-1714.78,-188.1,468.19,-19.34,222.48,-0.185,-0.72,-6.89,-2.24,0.0,0.0,-6.2,0.76,39.4,98.52,1.32,-12.51,-11.35,0.9,0.72,3,2001,0.0,75.43303571428571,-168.97
2001-06-30,1777.55,-287.03999999999996,-3.80823227560799,0.0,420.44000000000005,-78.94,147.63,1.68,0.0,1856.4799999999998,21.159999999999997,618.13,774.9,891.96,4546.06,917.21,10705.64,355.07,809.09,1697.93,3777.3,7885.74,11663.03,753.15,-1786.93,144.76,76.97999999999996,-366.95000000000005,226.57000000000002,-0.11120645206243035,-0.71,-6.53,-6.05,0.0,0.0,-10.725996359728951,-1.2337413653209357,64.2552645775312,84.02030481787678,-2.0142716168505075,-14.73,-13.96,1.2,0.97,6,2001,0.0,75.37355371900827,-456.01
2001-09-30,1836.7399999999998,-144.99,-1.9251584026622297,0.0,259.94999999999993,-16.760000000000005,213.14,0.9,0.0,1853.5100000000002,-82.82,674.96,631.79,623.79,4196.08,996.57,10315.46,352.26,561.45,1991.41,3824.61,7731.15,11555.76,753.15,-2063.64,318.41999999999996,-456.60999999999996,112.51000000000005,229.90000000000003,-0.11399062004276156,-0.33,-5.6,-7.98,0.0,0.0,-5.62590149750416,-0.6465444259567388,28.10055773710483,28.36110549084859,-1.0711407653910152,-12.36,-11.78,1.1,0.93,9,2001,0.0,75.31328320802005,-601.0
2001-12-31,3677.830000000001,821.99,10.749586406624733,0.0,325.8900000000001,728.1800000000001,1076.76,0.96,0.0,2949.6400000000003,-299.15999999999997,278.49,662.55,683.35,2456.76,1122.38,7761.12,444.4,591.86,619.74,2561.05,4219.46,6780.51,939.09,-112.44,-25.00999999999999,148.43,-213.70000000000005,348.5799999999999,0.022179923113419875,-7.98,-60.3,2.89,0.0,0.0,42.403212815059504,102.80919317616181,-2924.185069007647,-328.36452871170644,187.76440200914067,3.24,2.52,0.96,0.69,12,2001,0.0,76.46712802768167,220.99
2002-03-31,2283.62,67.68,0.72,0.0,398.09,169.36,371.07,1.19,0.0,2114.25,55.99,207.54,682.33,815.03,2417.76,1143.74,8021.45,640.54,769.1,609.51,2976.28,3996.91,6973.19,939.09,-44.76,-4.74,-146.16,79.96,201.71,0.4125,-24.97,-155.79,0.72,0.0,0.0,3.36,7.16,-604.84,-30.76,13.44,3.12,2.96,0.81,0.54,3,2002,0.0,94.00000000000001,67.68
2002-06-30,1910.3100000000004,-6.580000000000005,-0.07000000000000006,0.0,359.67,63.19999999999999,280.96999999999997,1.39,0.0,1847.1100000000001,58.059999999999995,267.73,603.5,797.37,2578.96,1209.48,8017.31,758.77,679.62,589.65,3060.73,3917.49,6978.22,939.09,-51.35,129.02,-42.78999999999999,-26.049999999999997,217.77,-4.96785714285714,-25.42,-135.9,0.65,0.0,0.0,-0.32738461538461566,-1.068307692307693,51.25723076923081,2.8646153846153872,-2.020307692307694,1.51,1.46,0.84,0.58,6,2002,0.0,94.0,61.1
2002-09-30,2276.6099999999997,-161.08,-1.7077895579115825,0.0,251.97000000000003,-96.33000000000001,119.05000000000007,1.11,0.0,2372.9500000000003,-77.47999999999999,262.09,712.36,488.01,2641.93,1540.92,8288.64,999.7,628.09,658.12,3169.46,4247.01,7416.48,939.09,-212.42,45.46000000000001,-618.06,566.97,215.38,-0.16292991060342688,-4.91,-34.91,-1.06,0.0,0.0,-7.797831566313263,9.408953790758153,303.34209241848373,56.647057411482294,17.14234046809362,-1.6,-1.55,0.83,0.68,9,2002,0.0,94.32075471698113,-99.98
2002-12-31,1781.7300000000005,-585.28,-6.234923970463766,0.0,377.1299999999999,-643.51,-350.64000000000004,0.98,0.0,2425.2300000000005,-39.76,414.96,814.88,1105.11,3409.77,2221.32,9080.22,1189.74,1150.1,886.12,4460.76,4474.48,8935.24,939.09,-797.71,-114.69000000000001,-322.1099999999999,589.65,292.87,-0.038051787178786226,-1.15,-11.2,-7.3,0.0,0.0,-25.793795055891195,-20.566708110790064,293.4684761988151,514.4410145054431,-37.512035723666926,-8.6,-8.3,0.76,0.52,12,2002,0.0,93.87123287671233,-685.26
2003-03-31,3348.4,95.06,1.01,0.0,584.99,278.26,515.21,0.97,22.54,3070.14,242.33,311.2,1317.65,1029.27,3638.13,2365.53,9486.54,1288.72,1154.72,1074.65,4585.92,4646.49,9232.41,939.09,-702.65,56.53,-670.96,510.68,236.95,0.24,-1.3,-13.14,1.01,0.0,0.0,4.0,12.72,-54.12,-101.76,22.72,2.89,2.84,0.79,0.57,3,2003,0.0,94.11881188118812,95.06
2003-06-30,2824.32,144.47,1.5380056777856634,0.0,425.89,269.79999999999995,537.9200000000001,1.89,36.24,2554.5099999999998,69.91,516.62,1027.61,929.49,3494.64,2360.43,9250.95,1108.46,904.01,1271.19,4308.03,4500.84,8808.87,939.09,-557.62,556.0500000000001,-269.39,-81.25,268.12,0.30672838651623174,-3.18,-15.8,2.55,0.0,0.0,6.248525028180186,15.319742829708177,-103.6434884983092,-189.79593203356575,26.7552673986557,4.06,3.88,0.81,0.6,6,2003,0.0,93.93333333333334,239.53
2003-09-30,3106.3599999999997,1502.76,15.999746310889691,0.0,463.87,19.860000000000014,287.2299999999998,5.4,61.91,3086.51,66.94999999999999,652.96,1332.0,702.5,3637.39,2326.96,9208.54,1074.31,1010.45,970.29,3939.71,3420.78,7360.49,939.47,945.14,500.19999999999993,-141.0300000000001,-222.83,267.37000000000006,0.08405602025606217,5.37,7.79,18.55,0.0,0.0,65.2755148683629,22.391019635077974,635.9877595578233,1640.7545774813607,37.19186312267188,19.73,18.78,0.92,0.74,9,2003,0.0,93.92398921832884,1742.29
2003-12-31,2879.49,47.809999999999945,0.05074520976481755,0.0,456.9100000000001,133.66000000000008,378.0200000000002,11.2,69.0,2745.83,42.49000000000001,1216.5,1417.68,923.94,4472.93,2344.01,10048.87,742.94,986.2,714.87,3394.16,3509.32,6903.48,946.02,1737.28,50.069999999999936,252.7600000000001,260.72,244.3599999999999,55.13328278602808,6.1,3.97,1.9,0.0,0.0,1.9026782861292644,0.784147030892128,11.007971398245896,40.70834143343943,1.126009496676162,15.44,14.72,1.32,1.05,12,2003,0.0,942.1578947368421,1790.1
2004-03-31,2665.02,116.85,0.12,0.0,494.82,262.92,528.38,7.8,7.08,2402.1,94.47,976.22,1171.97,945.04,4403.23,2357.58,9878.94,964.86,526.47,793.62,3278.33,3366.86,6645.19,946.52,1809.56,-180.73,-231.5,171.95,265.46,16.25,4.08,3.67,0.12,0.0,0.0,4.72,10.88,25.84,84.44,15.92,4.7,4.38,1.34,1.05,3,2004,0.0,973.75,116.85
2004-06-30,3512.6699999999996,137.37,0.14589686098654708,0.0,626.4000000000001,309.04,539.16,7.0,18.85,3203.6299999999997,205.19000000000003,911.36,1528.66,1140.87,5428.08,2422.31,10938.12,1585.39,809.82,912.44,4342.47,3188.25,7530.72,946.53,1864.82,-240.39000000000001,-286.84000000000003,462.35999999999996,230.12,11.996659751037345,3.55,4.04,0.27,0.0,0.0,5.014529147982063,12.255336322869956,29.46035874439462,84.0798206278027,18.73964125560538,4.32,4.12,1.25,0.99,6,2004,0.0,941.5555555555555,254.22
2004-09-30,4446.240000000001,153.44000000000003,0.16184859932296522,0.0,750.3199999999999,298.01,559.71,7.3,41.66,4148.23,237.55,1038.67,1778.73,1273.38,5639.66,2594.08,11319.52,1038.72,1350.54,965.1,4562.07,3164.18,7726.24,946.55,2052.05,772.52,-166.76999999999998,-478.42999999999995,261.7,11.278132820646507,3.37,3.77,0.43,0.0,0.0,5.420046116862092,12.767219741941817,29.915643428347156,40.951459549624694,19.376664867781976,3.98,3.84,1.24,0.96,9,2004,0.0,948.0465116279071,407.66
2004-12-31,4033.42,138.89999999999992,0.1473982728337236,0.0,652.0500000000002,266.75,556.56,7.35,51.06,3766.67,99.59999999999991,900.75,1805.89,1844.09,6374.71,2704.68,12029.37,1240.01,1776.9,1000.15,5217.39,2946.19,8163.58,953.49,2234.56,47.910000000000025,-142.88,-42.94999999999999,289.80999999999995,12.463850251979848,3.14,3.65,0.58,0.0,0.0,4.6150907494145175,10.470360070257607,24.8645638173302,27.97517564402809,16.96604947306791,3.88,3.73,1.22,0.87,12,2004,0.0,942.3448275862069,546.56
2005-03-31,4235.73,137.6,0.14,0.0,739.52,287.36,575.98,5.8,10.6,3948.37,218.0,730.71,1951.19,1578.49,6709.95,2661.08,12191.61,2211.6,1185.59,951.92,5481.82,2673.04,8154.86,953.69,2366.14,-642.86,-226.31,674.05,288.62,10.3575,2.34,3.45,0.14,0.0,0.0,4.52,10.4,23.28,26.36,17.12,3.31,3.25,1.22,0.94,3,2005,0.0,982.8571428571428,137.6
2005-06-30,4221.110000000001,114.72,0.11821179454660748,0.0,753.8700000000001,298.29999999999995,595.4200000000001,6.3,33.07,3922.8100000000004,197.20999999999998,722.22,2315.53,1860.04,7703.27,2885.73,13339.63,2754.68,1282.53,1150.53,6473.85,2760.55,9234.4,953.86,2489.24,-331.78999999999996,-506.59,829.8800000000001,297.12,13.323120641562065,2.41,3.71,0.26,0.0,0.0,3.4372352568167406,8.765859226379202,18.44103994927077,21.078072289156626,15.51302473050095,3.06,2.98,1.19,0.9,6,2005,0.0,970.4615384615385,252.32
2005-09-30,5320.16,179.93,0.18731868131868132,0.0,836.49,416.48,703.9099999999999,7.55,48.98,4903.68,316.90000000000003,1023.19,2797.84,1446.81,7540.54,3460.8,13612.14,2633.33,1306.86,1192.4,6547.9,2808.96,9356.86,953.86,2648.24,1175.32,-858.18,-16.170000000000073,287.42999999999995,10.077745512143611,2.72,3.53,0.45,0.0,0.0,5.294874725274726,13.38704175824176,27.173696703296702,30.620360439560443,23.62712967032967,3.21,3.14,1.15,0.93,9,2005,0.0,960.5555555555555,432.25
2005-12-31,5081.669999999998,151.45000000000005,0.15827394209354123,0.1,887.1599999999999,302.2199999999999,643.4700000000003,8.1,82.69,4779.450000000001,236.83000000000004,1000.69,2251.23,1451.37,6785.88,3585.79,13027.65,2678.78,1092.37,1213.2,6279.42,2569.19,8848.61,962.95,2735.24,29.940000000000026,206.6199999999999,-259.04999999999995,341.2500000000001,12.79553648068669,2.85,3.24,0.61,0.1,0.16,4.649621380846327,10.804142538975505,22.1479732739421,24.379376391982188,20.061870824053454,3.17,3.1,1.08,0.85,12,2005,95.68852459016395,956.8852459016395,583.7
2006-03-31,8425.19,1438.39,1.49,0.0,823.77,1804.97,2108.32,7.75,35.02,6620.22,328.86,3018.5,3271.71,1562.47,10184.55,3475.14,14901.13,2037.83,2969.34,1009.23,7412.44,2265.62,9678.06,963.27,3874.36,1081.32,1822.08,-885.59,303.35,1.3,1.93,2.5,1.49,0.0,0.0,38.6,53.279999999999994,148.52,184.40000000000003,96.4,20.82,17.07,1.37,1.16,3,2006,0.0,965.3624161073826,1438.39
2006-06-30,9155.109999999999,195.3499999999999,0.2032728585943907,0.2,850.69,379.66999999999985,669.6299999999997,8.0,58.16,8775.43,321.28,1743.5,3020.97,1789.36,8571.71,3390.24,13617.42,1972.76,2318.55,789.64,6284.03,2320.24,8604.27,963.46,3751.55,54.8900000000001,-927.7299999999999,-423.41999999999996,289.9599999999999,9.847600972613263,2.05,2.29,1.7,0.2,0.12,5.7394689485475014,7.753065971329585,20.829489392436976,25.04321617882893,14.248231664769172,10.23,9.29,1.36,1.08,6,2006,192.20470588235295,961.0235294117647,1633.74
2006-09-30,6852.940000000002,163.08999999999992,0.16973130457527974,0.1999683887735623,856.7799999999997,364.6600000000003,642.1300000000001,9.75,72.73,6488.289999999999,286.84000000000003,1051.32,2984.57,1850.84,8018.8,3371.59,12887.76,2761.66,1344.29,614.23,5839.34,2171.42,8010.77,963.46,3707.42,-718.1500000000001,-281.22,296.30999999999995,277.47,14.35018134159054,2.53,2.16,1.87,0.4,0.21,5.061078900062886,6.985305454606164,17.597596433719374,20.527503659222067,13.13193858072271,7.9,7.35,1.37,1.06,9,2006,192.1439572192513,960.8716577540106,1796.83
2006-12-31,6568.41,193.46000000000004,0.2002359455154777,0.0021895070621343413,793.6200000000003,374.50999999999976,599.3000000000002,9.0,56.95,6193.9000000000015,159.8499999999999,783.8,4018.96,2465.9,9489.11,3432.05,14263.08,3002.6,2304.52,637.53,7197.21,1996.36,9193.57,976.28,3872.97,-280.23,-101.75999999999999,99.88,224.78999999999996,11.239490463144834,2.27,2.37,2.06,0.4,0.19,5.423866873671677,8.332148179411043,19.980825708816308,23.421773510392963,16.088861020253333,6.84,6.42,1.32,0.98,12,2006,2.1154145682987178,966.1601941747573,1990.29
2007-03-31,6286.82,143.8,0.15,0.22,778.38,349.39,568.01,8.5,12.62,5937.43,281.84,1294.72,4214.1,2694.38,10614.43,3351.69,15067.36,3508.26,2336.08,839.46,7794.62,2048.2,9842.81,976.36,3970.21,-290.43,41.95,761.96,218.62,14.1675,2.09,2.48,0.15,0.22,1.47,3.8,9.32,14.48,14.68,19.2,2.32,2.29,1.36,1.02,3,2007,210.9066666666667,958.6666666666667,143.8
2007-06-30,4475.360000000001,122.0,0.12392776523702032,0.005760722347629773,765.6899999999999,313.1,539.6600000000001,8.5,0.0,4162.26,107.28000000000003,1040.88,3377.0,2241.1,8437.92,3821.79,13336.27,3256.68,962.1,901.84,6188.64,2118.83,8307.47,976.36,3837.78,924.3700000000001,-835.01,-332.46000000000004,226.56,17.14627868852459,2.16,2.16,0.27,0.22,0.81,3.653574115876599,9.03295711060948,12.723250564334085,12.851768246802107,17.01941309255079,2.53,2.47,1.36,1.0,6,2007,5.671111111111088,984.4444444444445,265.8
2007-09-30,4478.1900000000005,265.36999999999995,0.26978142590884274,0.17982190259239036,714.01,393.04999999999995,641.5799999999999,7.9,10.94,4085.1399999999994,94.96999999999997,925.97,3436.17,1764.58,7985.31,3750.41,12788.8,2984.97,939.57,705.11,5672.68,2074.25,7746.93,976.5,3893.25,659.95,-225.73000000000002,-536.9,248.53000000000003,7.320926536533897,1.98,1.99,0.54,0.4,0.74,8.293280870531092,16.426691266449534,27.25791592145641,27.937365438560157,29.635989231319535,3.63,3.49,1.41,1.1,9,2007,176.88148148148144,983.648148148148,531.17
2007-12-31,4409.089999999998,42.460000000000036,0.04367170475742207,-0.004687626105613245,775.6300000000001,114.93000000000006,321.7800000000002,8.15,10.63,4294.15,191.66000000000003,1089.84,3618.79,1686.43,8329.69,3603.29,13116.83,3178.8,1180.19,889.71,6307.98,1741.74,8049.73,976.5,3925.96,314.6299999999999,-208.26,48.31,206.8499999999999,46.64290096561466,2.03,2.05,0.59,0.4,0.68,1.2938667782368438,2.531478479159042,4.325719366141942,4.355327301570703,5.089604100203969,3.0,2.92,1.32,1.05,12,2007,-4.557564344004959,972.2542372881356,573.63
2008-03-31,4221.96,144.2,0.15,0.0,855.29,323.7,526.6,7.7,4.08,3898.26,293.15,785.4,3570.28,2002.05,8514.24,3568.41,13255.43,3494.22,1156.83,900.25,6360.14,1710.29,8070.43,976.5,4003.75,-208.83,-261.44,193.23,202.9,12.8325,1.88,2.02,0.15,0.0,0.0,4.36,9.16,14.4,14.48,18.76,3.45,3.42,1.34,1.02,3,2008,0.0,961.3333333333333,144.2
2008-06-30,3662.54,124.5,0.12973576479344998,0.18,744.1100000000001,316.84,520.9799999999999,7.4,4.84,3345.7,161.18,925.76,3799.37,2908.13,9867.85,3541.11,14569.94,4868.98,1195.1,710.58,7605.08,1791.22,9396.31,976.5,3979.96,-950.2399999999999,38.02000000000001,1017.69,204.14000000000001,14.260524096385542,1.82,2.36,0.28,0.18,0.64,3.410197245999256,8.50695943431336,12.51023446222553,12.732638630442874,17.050986229996276,3.51,3.41,1.3,0.92,6,2008,172.73571428571427,959.642857142857,268.7
2008-09-30,4075.9300000000003,53.920000000000016,0.05515343128138369,0.003312920109460946,642.02,182.06000000000006,409.8000000000002,5.95,5.69,3893.87,40.28000000000003,565.02,4501.81,2623.52,9877.39,3549.72,14654.37,5597.29,781.45,700.62,7918.44,1615.61,9534.05,976.5,3998.08,-606.6000000000001,-271.14,534.5999999999999,227.73999999999995,26.96976353857566,1.45,2.38,0.33,0.18,0.55,1.470758167503565,4.004473374248343,5.395008368978986,5.468546277354164,8.162707829644786,2.79,2.7,1.25,0.92,9,2008,3.238831168831183,977.6363636363636,322.62
2008-12-31,4325.879999999999,-60.89999999999998,-0.06282668500687755,0.09845817181443044,712.0099999999998,1.4700000000000273,264.6899999999998,5.4,9.27,4324.41,187.51,955.6,3357.36,2205.29,8810.28,3425.23,13274.73,4729.54,912.97,721.86,7132.26,1465.7,8597.96,976.5,3664.38,1838.28,-214.73999999999995,-1252.44,263.22,-21.48768472906405,1.44,2.35,0.27,0.28,1.04,-1.8336084364970189,-5.8079779917469025,-6.645667125171936,-6.422283356258594,-12.490875745071062,1.65,1.61,1.24,0.93,12,2008,95.4387878787879,969.3333333333334,261.72
2009-03-31,3805.51,43.38,0.05,0.0,531.62,155.54,373.42,5.1,0.0,3649.97,81.2,563.84,3899.5,1814.44,9001.35,3297.58,13318.35,4775.21,1194.89,726.85,7397.38,1272.21,8669.6,976.5,3633.58,229.14,-429.14,-196.17,217.88,25.5,1.37,2.39,0.05,0.0,0.0,1.32,4.68,4.76,4.56,10.52,1.18,1.14,1.22,0.97,3,2009,0.0,867.6,43.38
2009-06-30,4405.08,122.32,0.1328762824381412,0.1,794.9599999999999,280.86,504.32,5.55,9.19,4124.219999999999,242.84000000000003,791.05,4463.85,2083.83,10267.42,3241.21,14513.16,3813.25,1458.13,703.64,8658.4,1127.72,9786.12,976.92,3711.94,-61.06999999999999,-145.64999999999998,455.56999999999994,223.45999999999998,10.44091522236756,1.46,2.64,0.18,0.1,0.56,3.366199155099577,8.858418829209414,13.169515992757995,12.726595051297524,21.99840675920338,2.06,2.02,1.19,0.95,6,2009,92.05555555555556,920.5555555555555,165.7
2009-09-30,4493.49,139.48000000000002,0.14625335867356973,0.0034740881519831693,725.29,288.19000000000005,520.8799999999999,6.7,10.14,4205.3,253.63999999999993,654.3,5215.96,1797.19,10588.36,3113.93,14796.42,4196.64,1479.77,708.34,8903.54,1015.81,9919.35,977.0,3835.83,-250.47,-146.98000000000002,269.86,232.69,11.454095927731574,1.71,2.59,0.32,0.1,0.31,3.7660239858444204,8.994581558424537,14.552209188020186,14.241420800838851,22.48645389606134,2.44,2.4,1.19,0.99,9,2009,3.3131944444444485,953.6875,305.18
2009-12-31,4601.370000000001,149.83999999999997,0.15806601907608453,0.07939563096127641,878.02,321.6,559.72,5.8,19.3,4279.77,326.7900000000001,959.67,4309.75,1708.5,10933.64,3539.21,15518.51,4437.77,1579.73,727.2,9697.55,853.64,10551.19,977.07,3898.62,584.3100000000001,-711.4000000000001,453.96000000000004,238.12,9.17085157501335,1.45,2.71,0.48,0.18,0.38,3.8594452991077315,9.576166322359454,15.371920355149223,15.846118412377475,23.670386356643657,2.67,2.63,1.13,0.95,12,2009,75.26374999999999,947.9583333333334,455.02
2010-03-31,4532.64,147.8,0.16,0.0,840.56,308.99,561.63,5.8,2.63,4223.65,273.91,679.04,4838.58,1630.88,11187.16,3559.26,15769.88,4443.23,1430.68,748.45,9899.84,762.65,10662.49,977.07,4016.65,-297.48,-185.31,255.54,252.64,9.0625,1.41,2.65,0.16,0.0,0.0,3.76,8.48,14.72,15.44,21.04,3.32,3.26,1.13,0.97,3,2010,0.0,923.75,147.8
2010-06-30,4336.56,144.59999999999997,0.15330369357045143,0.17,856.54,307.03,562.63,5.6,9.26,4029.5200000000004,350.60999999999996,583.99,4885.11,1998.87,11728.0,3439.92,16226.96,4741.31,1399.56,744.48,10532.23,621.49,11153.72,977.07,4006.68,-59.31,-171.82,128.60999999999999,255.60000000000002,9.129917012448132,1.37,2.78,0.31,0.17,0.55,3.560601915184678,7.932229822161421,14.44021887824897,14.9940902872777,21.40317373461012,3.33,3.3,1.11,0.92,6,2010,160.3483870967742,943.2258064516128,292.4
2010-09-30,3750.369999999999,192.86,0.20269257717512262,0.0014765745799059811,777.19,370.32000000000005,608.75,8.7,13.34,3380.0599999999995,234.40999999999997,817.37,5036.8,1852.06,10781.84,3261.73,15079.45,4040.06,864.8,610.8,8891.9,628.19,9520.09,980.03,4392.76,947.01,213.47,-875.25,238.42999999999995,10.731276055169552,1.94,2.17,0.51,0.17,0.33,5.1189811647364305,10.492321642006347,17.566690021843964,18.74310184231134,25.340546511148663,3.93,3.85,1.21,1.0,9,2010,1.4049462365591694,951.4901960784314,485.26
2010-12-31,3646.790000000001,142.86,0.15011080685219388,3.6935617397915844e-05,869.9099999999999,270.05000000000007,480.91999999999985,8.8,58.68,3376.74,296.95000000000016,724.38,3983.76,1736.8,8649.15,3641.69,13529.31,3326.33,935.3,522.94,7330.13,590.44,7920.58,980.31,4387.63,1989.09,-253.60999999999999,-1834.7000000000003,210.87,14.652176256474869,1.97,1.81,0.66,0.17,0.26,4.221297841176845,7.869445328918042,13.027798509838885,13.791998981086419,18.440885181175574,3.95,3.86,1.18,0.94,12,2010,0.03515151515148318,951.6969696969696,628.12
2011-03-31,3518.95,162.39,0.17,0.4,781.05,336.21,570.89,8.9,0.0,3182.74,278.71,833.13,4588.76,1786.37,9234.24,3918.16,14308.53,3530.36,1138.37,413.92,7583.86,1010.48,8594.34,980.38,4463.07,248.98,-634.11,505.56,234.68,13.0875,1.96,1.93,0.17,0.4,2.35,4.52,8.96,14.56,15.319999999999999,20.0,4.7,4.61,1.22,0.98,3,2011,382.0941176470588,955.235294117647,162.39
2011-06-30,5771.929999999999,264.0,0.2724266516569338,0.005709768604550129,1067.19,551.28,819.2800000000001,8.6,0.0,5220.65,539.72,1376.67,4467.96,2073.53,11884.27,3983.76,16996.13,4435.36,1867.39,642.24,9654.55,1558.92,11213.48,985.47,4523.17,-710.65,-231.85000000000002,1473.24,268.0,7.893867897727272,1.87,2.48,0.44,0.4,0.91,6.216280869626398,13.225075634982058,23.354393864771687,24.766059241539438,29.942165623021175,4.64,4.59,1.23,1.02,6,2011,5.53315508021393,969.0681818181818,426.39
2011-09-30,6239.160000000002,259.18000000000006,0.2684157708184431,0.21855979165313005,993.3799999999999,574.94,857.0799999999999,8.0,0.0,5664.230000000001,495.7600000000001,786.72,5875.87,1505.74,12781.78,4109.64,18023.36,5040.78,2279.1,636.63,10636.74,1525.15,12161.89,985.58,4573.59,-694.98,42.5,50.16000000000008,282.14000000000004,7.452710375028936,1.72,2.66,0.71,0.62,0.87,5.746365797803288,13.367861487521335,22.66790087080824,23.12156132852955,29.941590209606613,4.47,4.41,1.2,1.06,9,2011,211.03948783610758,965.5915492957747,685.57
2011-12-31,4434.239999999998,150.20999999999992,0.15456292325731644,0.003984524534558102,938.3900000000003,335.3299999999999,631.2199999999998,7.2,0.0,4098.9,333.74,1069.1,5110.4,1519.04,13053.0,4164.13,18351.58,5083.59,2433.74,636.92,10770.96,1585.25,12356.21,985.63,4693.69,383.96000000000004,-222.76999999999998,112.05999999999995,295.89,11.642831036548836,1.51,2.63,0.86,0.62,0.72,3.2709827945153016,8.109161741128043,12.803561224245607,13.234899614731143,17.052244370528122,4.23,4.19,1.21,1.07,12,2011,3.872309204061594,971.8372093023256,835.78
2012-03-31,4319.26,268.17,0.28,0.3,830.77,494.54,781.46,9.2,12.02,3824.72,396.55,1031.02,4492.94,1141.4,11999.8,4025.82,17200.82,4126.0,2125.38,638.75,9268.76,1500.87,10769.63,985.65,5081.92,998.72,-95.59,-914.65,286.92,8.215,1.78,2.12,0.28,0.3,1.07,6.24,12.56,21.12,22.48,24.92,6.38,6.21,1.29,1.17,3,2012,287.325,957.75,268.17
2012-06-30,3704.7799999999997,232.34999999999997,0.23675077918964274,0.00723297770318865,821.28,448.2,725.73,9.25,18.9,3256.5800000000004,397.96,800.52,4773.13,1059.79,12340.24,3868.02,17942.44,4811.09,1823.4,932.66,9866.54,1685.51,11552.05,989.42,5047.84,-726.82,-44.43000000000001,514.25,277.53000000000003,9.769133634602971,1.81,2.29,0.51,0.3,0.59,5.1806641093263,10.027091824502516,18.4201390553824,19.422848237832653,21.669659554063774,6.39,6.24,1.25,1.14,6,2012,7.098529411764673,981.4117647058823,500.52
2012-09-30,4104.71,284.4200000000001,0.28987693326878494,0.19992760780516763,866.2300000000002,543.71,847.2999999999997,10.7,16.82,3560.999999999999,418.04999999999995,1049.34,5279.19,1101.22,13776.55,5141.56,20155.78,5414.92,2052.58,1205.96,11752.74,1902.02,13654.77,989.82,5120.24,1028.98,-1766.1200000000001,1010.3299999999999,303.5899999999999,9.231503762042049,2.07,2.67,0.8,0.5,0.63,5.638106352077867,11.290706550819174,22.219066935052364,23.46553774810814,25.639614747624027,6.65,6.47,1.17,1.08,9,2012,196.16397058823537,981.1750000000001,784.94
2012-12-31,4970.82,286.3499999999999,0.2913510814065285,0.0008444258790802766,1173.8199999999997,561.7099999999998,879.3700000000003,12.8,35.8,4409.110000000001,562.99,1235.11,5818.85,1193.7,14577.19,5194.05,21117.58,4872.37,2711.96,1542.78,12515.11,1728.79,14243.9,990.65,5405.43,558.04,-237.64999999999986,-131.80999999999995,317.6600000000001,10.980395145800596,2.35,2.64,1.09,0.5,0.46,5.420733881582017,11.098070550457857,21.191113517348235,22.687963109895538,25.45713485610805,6.4,6.27,1.16,1.07,12,2012,0.8299311926604673,982.834862385321,1071.29
2013-03-31,5306.69,353.55,0.36,0.4,1267.07,701.89,1032.31,26.5,0.0,4604.8,679.15,1026.5,6144.09,985.56,15626.48,5030.38,22092.97,5275.4,2630.05,1344.36,12808.51,1642.75,14451.26,995.34,5858.32,-311.87,-157.32,277.13,330.42,18.4025,4.5,2.47,0.36,0.4,1.11,6.400000000000001,14.280000000000001,24.16,25.84,30.239999999999995,6.75,6.66,1.22,1.14,3,2013,392.83333333333337,982.0833333333334,353.55
2013-06-30,5535.64,356.98999999999995,0.35671869282517515,0.007465214250194697,1404.55,732.7500000000001,1080.12,22.9,0.0,4802.88,767.5100000000001,1446.42,5983.98,1285.19,16927.84,4875.75,23209.83,7336.6,3564.96,1555.42,13909.0,1509.67,15418.67,1001.75,5929.05,393.13,-56.110000000000014,70.66000000000003,347.36999999999995,16.047308748144207,3.87,2.6,0.71,0.4,0.56,6.1496292960283725,14.007488952064625,24.07599966222873,26.02539195541419,30.989308413319446,6.58,6.55,1.22,1.12,6,2013,7.470892018779352,1000.7605633802817,710.54
2013-09-30,5935.980000000001,393.05999999999995,0.3953394345777456,0.34737432933957485,1349.48,763.6299999999999,1114.1800000000003,19.0,0.0,5172.360000000001,746.2299999999998,1149.73,6435.4,1552.94,16388.12,4747.65,22510.06,6373.48,3314.0,2108.72,13220.47,1457.1,14677.57,1002.05,5962.28,862.2,-138.93,-904.81,350.54999999999995,12.017015213962246,3.19,2.46,1.11,0.75,0.68,6.980768394345778,14.673860094237043,26.37020877129395,28.378960492932222,33.70713881841247,6.61,6.58,1.24,1.12,9,2013,345.3714503235628,994.234234234234,1103.6
2013-12-31,5655.25,364.5500000000002,0.36500936552804564,0.0033847064378687937,1361.1700000000005,631.9000000000001,991.52,14.8,0.0,5023.3499999999985,606.06,1677.22,7844.68,2288.8,17396.92,4962.53,23761.93,6311.64,4140.76,2199.58,14181.25,1287.98,15469.23,1002.1,6304.41,1131.9299999999998,-459.26,-148.46000000000004,359.6200000000001,10.138712453710049,2.35,2.45,1.47,0.75,0.51,6.138116677451216,12.52453904573784,23.13215815822635,24.91002690460785,29.33980042911148,6.58,6.54,1.23,1.07,12,2013,3.3804467733041292,998.7414965986395,1468.15
2014-03-31,6364.45,403.29,0.4,0.45,1327.38,739.19,1114.95,18.3,0.0,5625.26,707.22,1252.04,8836.06,1955.32,16548.97,4508.88,23178.35,6383.7,2478.93,2172.75,12854.18,1174.11,14028.29,1006.33,6986.53,15.08,-274.46,-123.35,375.76,11.4375,2.64,2.01,0.4,0.45,1.13,6.960000000000001,13.08,23.08,25.12,28.64,6.38,6.34,1.29,1.14,3,2014,453.70125,1008.225,403.29
2014-06-30,6562.410000000001,411.85999999999996,0.4092579279887137,-0.0008348310126970906,1385.88,781.6599999999999,1144.55,20.5,0.0,5780.75,658.6099999999999,2041.02,8453.68,2810.18,18046.66,4391.97,24786.12,6772.02,3343.39,1877.11,13451.46,835.29,14286.74,1006.5,7525.0,693.9499999999999,-519.5999999999999,613.23,362.89,12.523337116981498,2.74,1.9,0.81,0.45,0.56,6.649178188063545,12.813309942955282,21.887720296877873,24.494844875176344,27.122179721523644,6.39,6.31,1.34,1.13,6,2014,-0.8401388888889301,1006.358024691358,815.15
2014-09-30,5553.48,350.90999999999997,0.3490863248889422,0.4194924027160791,1212.2199999999998,636.71,1019.54,31.0,0.0,4916.76,519.26,1579.17,7444.83,3625.83,17779.15,4163.65,24157.87,9992.65,2801.16,1739.22,15874.39,481.68,16356.07,1006.5,5503.85,-170.89,64.3599999999999,-366.69,382.83000000000004,22.19737482545382,5.67,2.97,1.16,0.87,0.75,5.814092928322728,11.134650018009363,25.507376635850644,24.484192580141674,31.357581942610157,6.41,6.31,1.12,0.89,9,2014,421.683888888889,1005.2241379310345,1166.06
2014-12-31,5715.470000000001,318.08000000000015,0.3171927176681446,-0.002105461748891608,1301.0899999999997,592.73,966.2700000000004,39.25,0.0,5122.75,579.0200000000002,1632.08,8754.37,3719.87,19155.27,4644.43,26135.59,11275.59,2961.46,1915.84,17408.79,465.25,17874.04,1006.5,5859.27,-486.27,-700.98,1234.79,373.53999999999996,30.935136443661957,6.74,3.05,1.48,0.87,0.59,4.86933685501368,9.447199320818793,21.714841996038118,20.917573813791158,27.021390434864646,6.22,6.13,1.1,0.89,12,2014,-2.1113513513513453,1002.7972972972974,1484.14
2015-03-31,4801.18,273.16,0.27,0.43,1158.11,553.49,931.13,30.0,0.0,4247.7,504.48,1385.1,9045.77,3286.99,18886.12,4465.43,25556.11,11521.62,1965.23,1535.39,16266.49,689.59,16956.08,1006.5,6118.23,-262.95,-72.63,96.4,377.64,27.7775,4.94,2.77,0.27,0.43,1.59,4.28,9.08,17.84,16.68,23.84,5.76,5.69,1.16,0.96,3,2015,435.0325925925926,1011.7037037037037,273.16
2015-06-30,4914.77,275.22999999999996,0.27101916519265484,0.0016231149364502597,1082.1500000000003,515.6700000000001,900.9,28.25,0.0,4399.090000000001,464.37,1552.51,10635.72,3305.96,20177.72,4174.9,26524.5,10237.62,2012.07,1470.03,14892.84,3161.18,18054.01,1006.5,6010.22,-455.53000000000003,-4.469999999999999,616.5400000000001,385.23,26.056644351996518,4.73,3.0,0.54,0.43,0.8,4.155627199620707,8.371480880395339,18.30885027079268,16.26114991155929,18.449378726818505,5.71,5.64,1.35,1.13,6,2015,1.6483333333332553,1015.537037037037,548.39
2015-09-30,4971.15,242.10000000000002,0.2419499297903832,0.293589758907157,1046.8999999999996,468.9599999999998,854.1099999999999,21.2,0.0,4502.189999999999,458.59000000000003,1849.7,11679.81,3614.72,21869.45,3938.32,27950.81,10823.98,2912.94,1263.23,16339.86,3164.39,19504.26,1006.5,6022.87,289.64000000000004,-12.830000000000013,-21.300000000000068,385.15,21.909078479966954,3.54,3.24,0.79,0.73,0.92,3.4669281078824534,7.227871320320308,16.072825715695327,16.807863477083835,16.232083897329506,5.43,5.38,1.34,1.12,9,2015,293.7718588842007,1000.620253164557,790.49
2015-12-31,3899.33,17.200000000000045,0.017036239151159524,0.006501841240944935,743.81,96.24000000000001,513.8000000000002,15.5,38.09,3803.09,49.690000000000055,1998.63,10557.87,1894.6,19389.05,5768.96,27317.05,8596.7,1879.53,1005.02,15317.8,3681.35,18999.15,1006.5,6009.16,2664.83,-2032.5800000000002,-469.07,417.55999999999995,227.51500290697615,2.6,3.16,0.8,0.73,0.91,0.25213633943716096,0.5213089180254814,1.14483527095792,1.1593160742364057,1.1601678861939635,4.4,4.35,1.27,1.14,12,2015,6.564340189873519,1009.6125000000001,807.69
2016-03-31,4126.61,114.15,0.11,0.2,860.44,307.56,762.06,16.8,0.0,3819.05,320.96,1940.86,9839.91,1499.38,18565.22,5560.35,26320.48,8388.15,1680.42,837.91,14534.4,3376.96,17911.36,1006.5,6086.58,833.88,-356.17,-526.95,454.5,38.1825,2.78,2.94,0.11,0.2,1.82,1.72,4.76,7.52,7.4799999999999995,10.44,2.79,2.77,1.28,1.17,3,2016,207.54545454545456,1037.7272727272727,114.15
2016-06-30,3265.87,88.15,0.08714780029658922,-0.005185817642565051,746.25,252.06,670.1400000000001,16.9,0.0,3013.8,217.53000000000003,1721.68,9916.98,1489.73,18426.92,5306.09,26497.34,8707.71,1869.89,812.13,14812.57,3409.04,18221.62,1006.5,5972.55,577.39,-644.29,-153.40999999999997,418.08000000000004,48.48085649461146,2.85,3.05,0.2,0.2,1.0,1.3246465645081562,3.6776371725160653,5.908620860108749,5.891191300049432,8.348759268413248,2.76,2.74,1.24,1.14,6,2016,-5.24545454545455,1011.5,202.3
2016-09-30,3288.2800000000007,10.099999999999994,0.009985875706214684,0.10998587570621468,570.8600000000001,105.35000000000002,532.3799999999999,13.8,0.0,3182.949999999999,5.7999999999999545,2201.22,9855.48,1439.67,18532.82,5203.26,26375.83,9237.92,1593.35,982.6,14881.47,3380.12,18261.59,1006.5,5854.48,731.75,-134.65999999999985,-122.40999999999997,427.02999999999986,345.4654455445546,2.37,3.12,0.21,0.31,1.48,0.15406779661016942,0.4660075329566853,0.6904519774011295,0.680941619585687,1.101299435028248,2.02,1.99,1.25,1.15,9,2016,111.24285714285713,1011.4285714285714,212.4
2016-12-31,3202.9699999999993,-141.22,-0.1388788985670132,0.0016549592582185888,457.7999999999997,-145.97000000000003,267.8800000000001,12.5,0.0,3348.9400000000005,-147.89,2210.5,8998.37,1231.08,17043.92,5383.29,25216.01,9059.37,2262.17,902.64,13699.48,3610.01,17309.49,1006.5,5773.98,1478.63,-637.1100000000001,-861.79,413.85000000000014,-22.501438535618185,2.18,3.0,0.07,0.31,4.43,-2.222062377072211,-15.71315538072492,-9.761202584995784,-9.60248384377634,-35.791076144984544,0.52,0.51,1.24,1.15,12,2016,1.6828571428571308,1016.8571428571429,71.18
2017-03-31,2971.3,35.12,0.030000000000000002,0.08,635.35,113.01,558.04,15.2,0.0,2858.3,117.59,1962.06,8686.96,1147.16,16446.85,5102.35,24371.91,7994.44,1222.27,842.52,12706.69,3830.53,16537.22,1006.5,5736.62,262.77,-179.67,-298.71,445.03,126.66750000000002,2.67,2.88,0.03,0.08,2.67,0.56,1.8,2.44,2.36,3.88,1.19,1.18,1.29,1.2,3,2017,93.65333333333332,1170.6666666666665,35.12
2017-06-30,3889.37,-188.22,-0.18440888308295234,-0.011757021554539502,598.8100000000001,-233.56,259.86,14.5,0.0,4122.92,128.52,2221.63,8588.51,834.6,16482.26,4740.16,24545.57,8116.82,1351.12,2119.15,14580.57,2568.38,17148.96,1006.5,5438.2,108.39000000000004,-56.85000000000002,220.76999999999998,493.4200000000001,-19.658082297311655,2.68,3.15,-0.15,0.08,-0.53,-3.0488935336381453,-2.3112580013063355,-13.867548007838014,-13.17908817766166,-5.9502599608099285,-2.24,-2.23,1.13,1.07,6,2017,-11.999999999999986,1020.6666666666666,-153.1
2017-09-30,3168.4300000000003,-65.31,-0.0657854493841857,-0.002247760328434293,511.6299999999999,-11.649999999999991,464.06000000000006,13.1,0.0,3180.079999999999,-14.360000000000014,2454.79,7746.11,1026.58,16008.45,4486.01,23887.85,6811.19,1464.12,2623.41,13910.62,2748.92,16659.54,1006.5,5342.3,1264.01,-186.42,-827.5699999999999,475.71000000000004,-49.786845429490114,2.47,3.12,-0.22,0.08,-0.36,-1.0884501625383454,-0.6339325122476077,-4.892045236023992,-4.664786410878623,-1.5908117760175817,-2.19,-2.18,1.15,1.08,9,2017,-2.231515151515154,992.7727272727273,-218.41
