,revenue,net_profit,eps,dps,gross_profit,ebit,ebitda,close_price,allowance_doubtful_accounts,expense,operating_profit,cash,account_receivable,inventory,current_asset,property_plant_equipment,total_asset,account_payable,current_portion_long_term_debt,current_liability,non_current_liability,total_liability,paid_in_capital,total_equity,cash_flow_operation,cash_flow_investment,cash_flow_financing,depreciation,P/E,P/BV,D/E,EPS,DPS,DPR%,ROA%,ROAA%,ROE%,ROAE%,ROCE%,NPM%,NPMA%,CurrentRatio,QuickRatio,month,year,dividend,number_of_shares,return_old
2000-03-31,405.07,84.89,2.36,0.0,186.72,121.06,137.08,35.5,0.0,284.0,116.92,629.26,183.16,150.19,989.23,525.96,1850.87,55.46,3.1,175.4,4.89,180.29,360.0,1670.58,137.03,-12.0,-0.73,16.02,3.76,0.77,0.11,2.36,0.0,0.0,18.36,0.0,20.32,0.0,28.92,21.17,20.96,5.64,4.78,3,2000,0.0,35.97033898305085,84.89
2000-06-30,346.01000000000005,58.02999999999999,1.6119444444444444,4.5,152.29,82.69,99.48999999999998,43.0,0.0,263.33000000000004,83.05,505.33,160.56,162.32,858.36,523.95,1717.45,42.69,3.17,146.77,4.07,150.84,360.0,1566.61,52.879999999999995,-14.3,-162.75,16.8,6.668204377046356,0.99,0.1,3.97,4.5,1.13,13.51272320179121,0.0,14.812023509655747,0.0,21.064906241253848,19.23,19.03,5.85,4.74,6,2000,161.99999999999997,35.99999999999999,142.92
2000-09-30,369.67999999999995,-74.26999999999998,-2.0663612527312445,-0.007210487982518078,149.07999999999998,-49.34,-31.72,40.0,0.0,419.02,78.38000000000002,516.86,172.46,162.98,881.92,536.47,1620.17,52.09,3.24,124.59,3.23,127.82,360.0,1492.35,41.349999999999994,-29.19,-0.7600000000000193,17.619999999999997,-4.838868318298103,0.96,0.09,1.91,4.5,2.36,-18.348422432629274,-0.0,-19.9063073561544,-0.0,-44.65936780772031,6.2,6.13,7.08,5.77,9,2000,-0.2591623036648514,35.94240837696336,68.65
2000-12-31,378.0,48.50999999999999,1.3456597814953908,0.013334563732594755,163.79000000000002,71.11000000000001,89.54999999999998,40.0,0.0,306.9,71.62,601.0,165.74,170.8,961.52,532.01,1695.91,48.83,3.31,152.68,2.38,155.06,360.0,1540.85,102.63999999999999,-17.839999999999996,-0.789999999999992,18.439999999999998,7.432692228406516,0.93,0.1,3.25,4.5,1.38,11.444318880163877,0.0,12.587094571526116,0.0,24.19703311710481,7.91,7.82,6.3,5.18,12,2000,0.4807007652033235,36.04923076923077,117.16
2001-03-31,417.34,79.67,2.21,0.0,183.87,113.7,129.27,41.75,0.0,303.65,110.25,681.31,175.01,168.66,1069.64,542.76,1816.7,55.15,3.39,194.68,1.5,196.18,360.0,1620.52,108.24,-27.13,-0.8,15.57,4.7225,0.93,0.12,2.21,0.0,0.0,17.56,24.8,19.68,19.36,28.039999999999996,19.31,19.09,5.49,4.63,3,2001,0.0,36.04977375565611,79.67
2001-06-30,372.68,63.14,1.7552398291436173,4.5,163.2,89.85000000000001,106.26999999999998,44.5,0.0,282.82000000000005,90.22999999999999,559.73,157.56,184.74,934.62,559.68,1698.51,49.41,3.46,176.25,0.61,176.85,360.0,1521.66,73.13000000000001,-32.57000000000001,-162.82,16.419999999999998,6.3386921919543875,1.05,0.12,3.97,4.5,1.13,14.873115328058258,21.08056298578531,16.606248862124502,16.358658357257895,23.64489321476087,18.27,18.08,5.3,4.25,6,2001,161.87531486146096,35.97229219143577,142.81
2001-09-30,407.3600000000001,71.07,1.9737974565176732,0.004304421745473524,178.10999999999996,102.39999999999998,119.72999999999999,44.25,0.0,304.9599999999999,100.39000000000001,534.49,170.62,215.63,951.81,579.99,1737.8,53.63,3.23,145.07,0.0,145.07,360.0,1592.73,14.030000000000001,-38.42999999999999,-0.8400000000000034,17.330000000000002,5.605058393133531,1.0,0.09,5.94,4.5,0.76,16.361916962782868,24.21723209276229,17.85057228352347,18.435401159528706,25.53309706377408,18.04,17.86,6.56,5.07,9,2001,0.1549881688420669,36.00673400673401,213.88
2001-12-31,406.1099999999999,54.629999999999995,1.5177825779300584,-0.0016798652045017582,174.47000000000003,81.47000000000003,100.21000000000004,46.0,0.0,324.64,84.0,708.86,187.53,173.83,1096.29,597.8,1815.18,37.25,2.38,167.81,0.0,167.81,360.0,1647.37,132.10999999999999,-41.390000000000015,-0.8499999999999943,18.740000000000002,7.581487735676369,1.01,0.1,7.46,4.5,0.6,12.036463446426575,17.9611053592045,13.265338348664855,13.704803545491789,19.141150795128674,16.91,16.75,6.53,5.5,12,2001,-0.060463888211899075,35.993297587131366,268.51
2002-03-31,412.64,85.65,2.38,0.0,184.76,114.75,131.6,65.0,0.0,297.89,111.27,804.16,177.16,184.54,1198.74,604.97,1923.87,48.62,1.5,190.86,0.0,190.86,360.0,1733.01,120.42,-24.25,-0.88,16.85,6.827500000000001,1.35,0.11,2.38,0.0,0.0,17.8,24.56,19.76,20.44,26.48,20.99,20.76,6.28,5.31,3,2002,0.0,35.9873949579832,85.65
2002-06-30,423.59000000000003,90.85999999999999,2.52231601608974,4.5,191.59000000000003,121.47999999999999,139.82000000000002,71.0,0.0,302.11,118.98,692.52,180.32,204.28,1098.19,629.16,1846.56,63.86,0.61,184.68,0.0,184.68,360.0,1661.88,94.29,-43.03,-162.89000000000001,18.339999999999996,7.037282357473036,1.54,0.11,4.9,4.5,0.92,19.68436009291258,27.446916322021412,21.866935584386148,22.834681321171605,29.258865786640982,21.33,21.11,5.95,4.84,6,2002,162.10102040816324,36.02244897959183,176.51
2002-09-30,418.3299999999999,60.81,1.6885972526546438,-0.0012882373579796722,164.48000000000002,82.54999999999998,110.65999999999997,80.0,0.0,335.78,78.20999999999998,727.92,169.62,171.23,1112.91,639.72,1870.77,61.26,0.0,148.09,0.0,148.09,360.0,1722.68,72.58000000000001,-36.56999999999999,-0.6099999999999852,28.11,11.844535438250288,1.67,0.09,6.59,4.5,0.68,13.006554862632733,18.110782066408227,14.123745154222147,14.677215573908647,18.96148660037081,19.11,18.92,7.52,6.36,9,2002,-0.04639218358053654,36.01213960546282,237.32
2002-12-31,437.71000000000004,72.94999999999999,2.026715441389757,-0.0022428700676921693,186.99,103.97000000000003,124.38,70.0,0.0,333.74,98.48000000000002,643.47,192.9,167.81,1050.86,644.63,1972.7,46.75,0.0,177.06,0.0,177.06,360.0,1795.64,100.85999999999996,-100.99000000000001,0.0,20.409999999999997,8.63396984235778,1.4,0.1,8.62,4.5,0.52,14.793612015341475,20.991317239823378,16.2513423792181,16.947291069068875,22.138692106874654,18.54,18.33,5.94,4.99,12,2002,-0.08073031274975051,35.99419953596288,310.27
2003-03-31,443.6,94.23,2.62,0.0,193.4,125.53,143.12,86.5,0.03,318.08,120.58,652.19,182.1,184.68,1055.44,729.61,2095.06,41.12,0.0,205.19,0.0,205.19,360.0,1889.87,147.6,-135.37,0.0,17.59,8.255,1.65,0.11,2.62,0.0,0.0,18.0,25.0,19.96,20.8,26.56,21.49,21.24,5.14,4.24,3,2003,0.0,35.965648854961835,94.23
2003-06-30,432.40999999999997,83.58999999999999,2.3222056011697223,5.25,190.55999999999997,112.09,130.38,90.0,0.0,320.31,109.39999999999999,503.42,178.93,182.42,917.47,788.06,1991.21,49.07,0.0,206.75,0.0,206.75,360.0,1784.46,94.0,-53.76999999999998,-189.0,18.290000000000003,9.689796626390716,1.82,0.12,4.94,5.25,1.06,16.791332808457987,23.278465864357216,18.728071083117758,19.404989315037678,25.045974581037,20.51,20.3,4.44,3.56,6,2003,188.97874493927122,35.99595141700404,177.82
2003-09-30,443.1600000000001,79.32,2.2024764719607997,0.0026318780959920436,187.28000000000003,108.98000000000002,128.44,94.5,0.0,334.19000000000005,108.82000000000002,502.29,178.82,213.94,942.32,801.64,2029.94,56.56,0.0,166.16,0.0,166.16,360.0,1863.78,31.890000000000015,-33.02000000000001,0.0,19.46,10.730375693393848,1.83,0.09,7.14,5.25,0.74,15.633264369604106,21.926054289492104,17.027549194991057,17.693844598273312,22.950175001944466,19.68,19.49,5.67,4.38,9,2003,0.09478447249347255,36.01400560224089,257.14
2003-12-31,477.91999999999985,81.24000000000001,2.256800047284119,-0.002352906408736262,198.68999999999994,116.09999999999997,136.06,99.0,0.0,361.80000000000007,111.00999999999999,553.92,192.74,186.34,981.84,808.03,2099.75,39.41,0.0,154.72,0.0,154.72,360.0,1945.02,102.32,-50.67999999999998,0.0,19.959999999999994,10.964861521418017,1.83,0.08,9.4,5.25,0.56,15.480687983923403,21.81893492523199,16.709923754359004,17.37255866185945,22.8464992020805,19.02,18.83,6.35,5.14,12,2003,-0.08469962453065705,35.99787234042553,338.38
2004-03-31,439.99,84.27,2.34,0.0,192.26,112.66,130.06,103.0,0.0,327.33,109.84,684.48,166.85,207.78,1118.12,825.26,2220.87,48.37,0.0,191.58,0.0,191.58,360.0,2029.29,132.8,-2.25,0.0,17.4,11.005,1.83,0.09,2.34,0.0,0.0,15.16,20.88,16.6,17.2,22.2,19.28,19.15,5.84,4.75,3,2004,0.0,36.01282051282051,84.27
2004-06-30,468.85,86.98,2.4176630656934304,8.45,202.0,116.77000000000001,138.13,107.0,0.0,352.07,114.60999999999999,394.6,182.12,233.57,860.24,818.99,1960.75,53.37,0.0,148.68,0.0,148.68,360.0,1812.07,35.44,-21.12,-304.2,21.36,11.064899977006208,2.13,0.08,4.76,8.45,1.78,17.736301313868612,23.587452262773724,19.19908905109489,19.341304525547447,25.720684379562044,18.99,18.84,5.79,4.21,6,2004,304.0047268907563,35.976890756302524,171.25
2004-09-30,497.26999999999987,82.00999999999999,2.279674642659717,-0.0005775776313844087,201.66999999999996,112.44999999999999,140.10000000000002,107.0,0.0,384.83000000000004,108.48000000000002,502.33,212.7,228.35,995.67,823.98,2030.91,63.29,0.0,136.82,0.0,136.82,360.0,1894.09,70.03999999999999,37.69,0.0,27.65,11.7350079258627,2.03,0.07,7.04,8.45,1.2,16.152012951117428,21.812341467266837,17.31775566611387,17.460235331280106,23.379617784095394,18.15,18.01,7.28,5.61,9,2004,-0.020778027119945364,35.97443181818182,253.26
2004-12-31,463.0500000000002,54.35000000000002,1.5088878775072334,0.010667977973883086,171.96000000000004,79.06,107.75999999999993,103.0,0.0,384.0,80.01999999999998,668.73,184.74,226.27,1142.1,829.11,2090.37,44.89,0.0,141.93,0.0,141.93,360.0,1948.44,106.34,60.07,0.0,28.700000000000003,17.064289788408455,1.9,0.07,8.54,8.45,0.99,10.403198855693901,14.198387568674626,11.15940964207926,11.166477032606227,15.26556353824649,16.6,16.46,8.05,6.45,12,2004,0.3842595672770699,36.01990632318502,307.61
2005-03-31,529.54,89.26,2.48,0.0,211.35,119.64,144.9,101.0,0.0,409.9,116.21,785.34,0.0,212.17,1271.64,836.42,2227.02,55.74,0.0,189.33,0.0,189.33,360.0,2037.7,149.82,-33.21,0.0,25.26,10.1825,1.78,0.09,2.48,0.0,0.0,16.04,21.52,17.52,17.56,23.48,17.0,16.86,6.72,5.6,3,2005,0.0,35.99193548387097,89.26
2005-06-30,451.45000000000005,61.219999999999985,1.7005555555555552,8.45,174.60999999999999,81.86,109.46000000000001,104.0,0.0,369.59000000000003,77.53000000000002,522.72,180.65,229.73,986.92,833.04,1937.31,49.82,0.0,142.59,0.0,142.59,360.0,1794.72,64.38,-22.799999999999997,-304.2,27.599999999999998,15.288885984972232,2.09,0.08,4.18,8.45,2.02,12.64432216905901,16.826549707602336,13.636990962254119,13.571897926634765,18.274869750132908,15.48,15.34,6.92,5.31,6,2005,304.2,36.0,150.48
2005-09-30,466.96000000000004,61.85000000000002,1.718621956388641,-0.0027857580181793926,176.76000000000005,81.94,110.82999999999998,100.0,0.0,385.02,78.01999999999998,578.45,175.75,208.71,1021.62,832.6,1965.12,47.55,0.0,108.56,0.0,108.56,360.0,1856.56,77.78000000000003,-22.050000000000004,0.0,28.89,14.547265561843163,1.94,0.06,5.9,8.45,1.43,12.583808223049031,16.533725804172757,13.329515377007493,13.189695285640282,17.792106626477658,14.79,14.66,9.41,7.49,9,2005,-0.10025423728814076,35.98813559322034,212.33
2005-12-31,535.8799999999999,59.73999999999998,1.6599933840555732,-9.47537803419078e-06,194.62,85.35000000000002,115.69999999999999,94.0,0.0,450.53,81.49000000000001,706.76,203.13,172.84,1123.37,821.38,2055.35,43.91,0.0,139.04,0.0,139.04,360.0,1916.3,146.56,-18.25999999999999,0.0,30.349999999999994,14.152285319718784,1.77,0.07,7.56,8.45,1.12,11.628736722167087,15.625017091189763,12.471907964861979,12.366511559525119,16.898556989010174,13.86,13.71,8.08,6.84,12,2005,-0.00034100080711141345,35.98809523809524,272.07
2006-03-31,545.73,89.6,2.49,0.0,221.86,121.17,149.67,94.0,0.0,424.56,115.4,821.36,189.79,185.44,1239.82,827.28,2175.75,46.37,0.0,169.84,0.0,169.84,360.0,2005.91,147.12,-32.51,0.0,28.5,9.4375,1.69,0.08,2.49,0.0,0.0,16.48,22.0,17.88,17.72,24.160000000000004,16.64,16.42,7.3,6.21,3,2006,0.0,35.98393574297188,89.6
2006-06-30,514.3499999999999,87.07,2.419843210505462,8.0,208.64,118.49,144.81000000000003,89.5,0.0,395.84999999999997,117.91999999999999,552.93,195.09,202.29,1035.36,806.94,1960.84,52.12,0.0,155.86,0.0,155.86,360.0,1804.98,77.85999999999999,-58.29,-288.0,26.32,9.247427644424027,1.79,0.09,4.91,8.0,1.63,17.761944868964736,24.247716080828663,19.299604913114845,19.358745684043697,26.179647931171107,16.91,16.67,6.64,5.34,6,2006,287.85336048879833,35.98167006109979,176.67
2006-09-30,512.6100000000001,72.17000000000002,2.0040777206236946,0.0066439439897257755,190.15999999999997,99.47999999999999,127.37,93.0,0.0,413.14,89.59000000000003,584.84,198.61,206.77,1069.67,795.12,1984.81,39.78,0.0,107.67,0.0,107.67,360.0,1877.14,49.609999999999985,-17.700000000000003,0.0,27.889999999999993,11.60241928779271,1.78,0.06,6.91,8.0,1.16,14.54769008198039,19.9189664041151,15.382964153673045,15.46417135508761,20.963058993730915,16.07,15.82,9.93,8.01,9,2006,0.23925890338688305,36.01157742402315,248.84
2006-12-31,543.6999999999998,70.22,1.9499442111201655,-6.458915176157487e-05,209.12,101.19,129.41999999999996,101.0,0.0,442.5,88.51999999999998,150.49,221.2,178.15,1169.4,796.81,2090.14,36.57,0.0,142.78,0.0,142.78,360.0,1947.36,119.08000000000004,-67.80000000000001,0.0,28.230000000000004,12.949601253204216,1.87,0.07,8.86,8.0,0.9,13.442730520905158,18.698336363066506,14.419903466432645,14.543150504607283,19.904396665204036,15.31,15.08,8.19,6.94,12,2006,-0.002325938460614907,36.011286681715575,319.06
2007-03-31,587.91,105.22,2.92,0.0,240.08,150.67,174.18,107.0,0.0,437.24,142.54,793.04,221.39,173.01,1316.66,824.0,2256.22,51.65,0.0,203.63,0.0,203.63,360.0,2052.59,183.77,-15.34,0.0,23.51,9.16,1.88,0.1,2.92,0.0,0.0,18.64,27.2,20.52,20.76,29.359999999999996,18.15,17.9,6.47,5.62,3,2007,0.0,36.034246575342465,105.22
2007-06-30,507.66999999999996,86.34,2.3978325328878682,8.5,211.06999999999996,122.82000000000002,147.37,108.0,0.0,384.84000000000003,119.41,472.11,213.09,214.66,1036.75,855.1,2003.12,46.66,0.0,170.19,0.0,170.19,360.0,1832.93,41.69999999999999,-56.629999999999995,-306.0,24.55,11.259752142691683,2.12,0.09,5.32,8.5,1.6,17.23554813113385,24.879766130716227,18.84011275840468,18.984343286698685,26.898993526832324,17.74,17.48,6.09,4.83,6,2007,306.06390977443607,36.00751879699248,191.56
2007-09-30,546.1500000000001,97.80000000000001,2.7174177495161733,-0.0041257761489689,232.5,138.39,163.84999999999997,119.0,0.0,407.76999999999987,133.57,214.55,225.55,220.75,1101.96,852.07,2061.02,51.94,0.0,130.3,0.0,130.3,360.0,1930.72,50.41,-307.98,0.0,25.459999999999994,10.947157464212678,2.22,0.07,8.04,8.5,1.06,18.98136577273984,27.525684268730995,20.26571744539674,20.549626762510368,28.837074923970142,17.85,17.63,8.46,6.76,9,2007,-0.14848688886388572,35.99004975124379,289.36
2007-12-31,587.3499999999999,92.80000000000001,2.578857023236341,-0.0012083709566060314,244.52999999999997,131.24,158.32000000000005,120.0,0.0,456.1100000000001,129.93000000000006,277.49,243.64,211.33,1236.34,862.15,2210.69,51.28,0.0,187.16,0.0,187.16,360.0,2023.53,178.64999999999998,-119.81,0.0,27.08,11.63364224137931,2.13,0.09,10.62,8.5,0.8,16.794138580699183,24.535566254971744,18.348252041029937,18.697927569604357,26.070253297048357,17.31,17.14,6.61,5.48,12,2007,-0.043483149225664874,35.984934086629,382.16
2008-03-31,634.14,118.28,3.29,0.0,261.36,168.58,192.06,135.0,0.0,465.56,158.84,716.6,253.35,255.06,1398.65,880.67,2391.42,71.62,0.0,249.5,0.0,249.5,360.0,2141.92,140.99,298.12,0.0,23.48,10.2575,2.27,0.12,3.29,0.0,0.0,19.8,29.0,22.08,22.56,31.479999999999997,18.94,18.65,5.61,4.58,3,2008,0.0,35.951367781155014,118.28
2008-06-30,595.67,94.47999999999999,2.6244444444444444,8.72,233.3,134.65,158.99,134.0,0.0,461.02000000000004,133.08,509.25,244.8,262.54,1123.58,891.86,2137.03,65.02,0.0,214.66,0.0,214.66,360.0,1922.37,68.22,38.35000000000002,-313.92,24.34,12.762672523285351,2.51,0.11,5.91,8.72,1.48,17.691686407219404,26.02241022748637,19.663350253807106,20.1251814250799,28.01183681143072,17.52,17.3,5.23,4.01,6,2008,313.92,36.0,212.76
2008-09-30,573.72,93.47000000000003,2.597491101459688,-0.00370179277013912,211.99999999999994,113.40999999999997,138.59999999999997,134.0,0.0,460.31000000000006,108.27999999999997,214.06,249.0,267.28,1125.09,915.34,2152.4,59.78,0.0,136.56,0.0,136.56,360.0,2015.85,9.819999999999993,-305.0,0.0,25.190000000000005,12.900188563175348,2.39,0.07,8.51,8.72,1.02,17.37358325441662,24.149646997354935,18.54565914508703,18.948560232504985,25.2362590209973,17.17,16.98,8.24,6.28,9,2008,-0.13320799059926003,35.98472385428907,306.23
2008-12-31,529.0699999999999,69.04999999999995,1.9172377957791504,0.007416401785450914,195.95000000000005,98.09000000000003,123.29000000000008,122.0,0.0,430.99,91.85000000000002,340.06,236.31,229.52,1202.37,913.37,2234.26,46.85,0.0,149.36,0.0,149.36,360.0,2084.9,163.05999999999997,-37.06,0.0,25.19999999999999,15.910676321506166,2.11,0.07,10.42,8.72,0.84,12.364527819228302,17.04538477936473,13.247708377744608,13.44642400341078,18.171439991473026,16.28,16.09,8.05,6.51,12,2008,0.2671043437662206,36.01535508637236,375.28
2009-03-31,637.83,114.25,3.17,0.0,253.55,152.55,174.55,137.0,0.0,485.28,151.8,696.8,253.0,237.66,1340.02,930.44,2403.56,63.22,0.0,204.74,0.0,204.74,360.0,2198.83,187.25,169.48,0.0,22.0,10.805,2.24,0.09,3.17,0.0,0.0,19.0,25.44,20.8,21.04,27.76,18.05,17.91,6.54,5.38,3,2009,0.0,36.041009463722396,114.25
2009-06-30,613.9999999999999,141.31,3.9258921583972453,8.75,248.96999999999997,181.58999999999997,203.92000000000002,130.0,0.0,432.4100000000001,159.55,406.21,239.05,252.0,1119.67,945.77,2218.39,62.44,0.0,193.13,0.0,193.13,360.0,2025.26,115.57999999999998,-91.16,-315.0,22.33,8.278436770221498,2.31,0.1,7.1,8.75,1.23,25.479593050555643,33.92855532947253,27.912540303646892,28.642424479574267,36.49420879636876,21.01,20.41,5.8,4.49,6,2009,314.9507042253521,35.9943661971831,255.56
2009-09-30,584.0900000000001,93.38,2.5931455264515386,0.0038765290776000666,236.64,133.3,156.41999999999996,137.0,0.0,450.78999999999996,135.70999999999998,318.68,235.66,238.35,1158.88,969.89,2276.7,60.67,0.0,157.98,0.0,157.98,360.0,2118.72,75.90000000000003,-163.43,0.0,23.120000000000005,13.209497751124438,2.33,0.07,9.69,8.75,0.9,16.409874476987447,22.597028715538485,17.63017825414111,18.069059437152518,23.613948529833205,19.41,19.01,7.34,5.83,9,2009,0.13959505225363955,36.01031991744066,348.94
2009-12-31,623.44,81.04000000000002,2.2503781571235875,0.0003414731508146897,245.89999999999998,116.63000000000005,141.02999999999997,142.0,0.0,506.79999999999995,120.10999999999996,352.42,251.58,237.02,1276.8,987.4,2409.62,59.12,0.0,209.83,0.0,209.83,360.0,2199.78,171.37,-137.63,0.0,24.39999999999999,15.771415967423493,2.32,0.1,11.94,8.75,0.73,13.449496255639799,18.96047258012001,14.738657611981957,15.130683287594776,20.015926322154524,17.79,17.48,6.08,4.96,12,2009,0.012297037302118952,36.01172529313233,429.98
2010-03-31,653.08,105.74,2.94,0.0,258.37,141.32,164.29,160.0,0.0,511.76,142.47,347.17,257.96,256.15,1424.0,999.86,2567.09,83.7,0.0,261.51,0.0,261.51,360.0,2305.57,162.83,-168.08,0.0,22.97,13.605,2.5,0.11,2.94,0.0,0.0,16.48,22.76,18.36,18.76,24.52,16.28,16.19,5.45,4.47,3,2010,0.0,35.965986394557824,105.74
2010-06-30,626.5500000000001,106.17999999999999,2.951114571536429,10.1,250.69,142.01,165.29999999999998,180.0,0.0,484.53999999999996,147.30999999999997,407.39,257.38,257.88,1147.64,996.05,2298.86,109.65,0.0,250.75,0.0,250.75,360.0,2048.11,105.17999999999998,318.64,-363.6,23.29,15.248340553776604,3.16,0.12,5.89,10.1,1.71,18.478286145715366,25.132072480181197,20.742978482446205,20.863227633069084,27.717429218573045,16.66,16.56,4.58,3.55,6,2010,363.39422750424444,35.97962648556876,211.92
2010-09-30,600.7199999999998,97.37000000000003,2.7042849752659324,0.007347750456013069,239.20999999999998,138.5,162.16000000000003,176.0,0.0,462.23,141.19000000000005,294.21,262.8,241.98,1197.0,1007.81,2338.82,84.46,0.0,193.31,0.0,193.31,360.0,2145.51,71.37,-184.56,0.0,23.660000000000004,16.27131585704015,2.95,0.09,8.59,10.1,1.18,16.64756571502474,23.019478159655993,18.158691195964956,18.272025607035474,24.75727246273724,16.54,16.45,6.19,4.94,9,2010,0.26456178562750665,36.0058207217695,309.29
2010-12-31,680.6199999999999,109.14999999999998,3.031074945033935,0.0012639051039289994,270.71000000000004,156.24000000000007,180.23000000000002,176.0,0.0,524.3700000000001,156.85000000000002,341.9,271.72,230.88,1341.82,1013.38,2494.28,81.66,0.0,239.48,0.0,239.48,360.0,2254.8,169.57,-121.87,0.0,23.989999999999995,14.519848831882733,2.81,0.11,11.62,10.1,0.87,17.50824013000669,24.6033553197591,19.36549087085364,19.605472708154092,26.752757862537038,16.44,16.34,5.6,4.64,12,2010,0.0455136361177324,36.010327022375215,418.44
2011-03-31,684.27,111.15,3.09,0.0,273.86,159.48,180.06,190.0,0.0,524.79,154.11,315.01,281.7,272.14,1502.33,1034.18,2675.3,104.61,0.0,307.98,33.66,341.64,360.0,2333.66,165.25,-192.14,0.0,20.58,15.3725,2.93,0.15,3.09,0.0,0.0,16.6,24.32,19.04,19.16,26.96,16.38,16.24,4.88,3.99,3,2011,0.0,35.97087378640777,111.15
2011-06-30,609.4000000000001,96.03,0.26883579496090354,1.05,242.97000000000003,137.96,159.07999999999998,22.9,0.0,471.44000000000005,131.41999999999996,281.96,246.24,274.78,1144.0,1044.27,2332.73,82.71,0.0,246.0,35.03,281.03,360.0,2051.7,43.16999999999999,301.78,-378.0,21.120000000000005,21.294039362699156,4.02,0.14,0.58,1.05,1.81,16.463874891398785,23.805873153779324,18.725803649000866,18.744344048653343,26.420069504778454,16.17,16.01,4.65,3.53,6,2011,375.0672413793104,357.2068965517242,207.18
2011-09-30,659.8299999999999,121.49000000000001,0.3363735661910123,0.011538352587177161,272.62,173.97000000000003,195.84000000000003,22.5,0.0,485.8599999999999,166.49,327.88,234.84,266.82,1227.27,1044.49,2420.5,94.8,0.0,211.06,36.4,247.46,360.0,2173.04,182.44000000000003,-136.53,0.0,21.869999999999997,16.725675158449253,3.73,0.11,0.91,1.05,1.15,20.078914412632734,29.29037514832507,22.355904706848815,22.503761219460248,31.55257979128001,17.0,16.82,5.81,4.55,9,2011,4.167374005304964,361.1758241758242,328.67
2011-12-31,723.8699999999999,149.71999999999997,0.4162453228537385,-0.0043323197841478025,308.55999999999995,215.53000000000003,237.75,22.4,0.0,508.35000000000014,206.27999999999997,307.93,262.49,259.6,1431.49,1037.79,2615.59,71.04,0.0,258.34,34.4,292.74,360.0,2322.85,180.22000000000003,-200.16000000000003,0.0,22.220000000000006,13.451922922789208,3.47,0.13,1.33,1.05,0.79,22.896622421037222,33.6626668617655,25.775913376115717,26.163991722234993,36.47936453521185,18.08,17.87,5.54,4.54,12,2011,-1.5582995951417047,359.69172932330827,478.39
2012-03-31,717.21,174.83,0.49,0.0,317.7,228.43,247.17,24.5,0.0,488.78,216.29,329.84,250.41,276.67,1667.87,1051.82,2880.61,107.26,0.0,347.02,35.83,382.85,360.0,2497.76,216.68,-194.77,0.0,18.74,12.499999999999998,3.53,0.15,0.49,0.0,0.0,24.28,32.88,28.0,28.96,36.08,24.8,24.38,4.81,4.01,3,2012,0.0,356.795918367347,174.83
2012-06-30,652.6099999999999,144.54999999999998,0.40281013213100375,1.22,284.09999999999997,188.40999999999997,208.76000000000002,30.0,0.0,464.19000000000005,179.87000000000003,278.87,252.58,268.77,1258.62,1079.51,2497.17,89.87,0.0,256.88,37.26,294.15,360.0,2203.02,89.11000000000001,299.12,-439.2,20.350000000000005,18.62037322725701,4.9,0.13,0.89,1.22,1.37,23.15479366272152,31.24720395766798,26.250547936627214,27.173843070949964,33.691220489698786,23.67,23.32,4.9,3.85,6,2012,437.80179775280897,358.85393258426967,319.38
2012-09-30,647.28,137.62,0.3824450765864333,0.0033516780173578533,274.20000000000005,179.51000000000005,202.91000000000003,30.5,0.0,467.78,172.25999999999993,326.15,258.52,273.75,1340.32,1087.42,2585.75,85.12,0.0,206.34,38.7,245.04,360.0,2340.71,146.81,-99.53999999999999,0.0,23.4,19.941033280046504,4.69,0.1,1.27,1.22,0.96,21.28442363238512,28.69241487964989,23.51284376367615,24.392166301969365,30.18605864332604,22.98,22.66,6.5,5.17,9,2012,1.206076262939007,359.84251968503935,457.0
2012-12-31,664.19,114.10000000000002,0.31766590789704086,-0.002242198713078763,260.8299999999999,150.91999999999996,176.90999999999997,33.0,0.0,513.27,143.46000000000004,411.56,259.62,272.34,1425.89,1133.41,2715.62,66.69,0.0,222.22,38.43,260.65,360.0,2454.97,136.63,-51.22,0.0,25.990000000000002,25.964778702892197,4.84,0.11,1.59,1.22,0.77,16.806324636666087,22.400441253720896,18.588450358956404,19.10790404482578,23.950810716161797,21.6,21.3,6.42,5.19,12,2012,-0.8053582924775355,359.1823899371069,571.1
2013-03-31,698.81,139.04,0.39,0.0,275.62,173.87,193.51,31.5,0.0,524.94,162.07,752.63,278.7,279.47,1626.39,1135.72,2952.08,97.29,0.0,284.37,39.96,324.32,360.0,2627.76,207.51,133.56,0.0,19.64,20.1925,4.32,0.12,0.39,0.0,0.0,18.84,23.839999999999996,21.16,21.72,26.08,20.25,19.9,5.72,4.74,3,2013,0.0,356.5128205128205,139.04
2013-06-30,627.9200000000001,101.61000000000001,0.2828950758362768,1.33,236.96000000000004,127.11000000000001,147.22000000000003,27.0,0.0,500.80999999999995,120.07,293.92,251.7,313.43,1198.26,1143.12,2530.22,105.71,0.0,237.96,41.5,279.46,360.0,2250.76,19.430000000000007,0.6599999999999966,-478.8,20.11,23.861320244070463,4.32,0.12,0.67,1.33,1.99,16.061684604196966,20.216442135881987,18.054617078745064,18.257288177851652,22.175596093912322,18.4,18.14,5.04,3.72,6,2013,477.7082089552239,359.17910447761193,240.65
2013-09-30,678.46,117.91999999999999,0.3288618679755696,-0.002259277003720004,262.89,147.47999999999996,170.88,25.5,0.0,530.98,141.01,258.12,276.36,327.86,1276.01,1139.55,2614.7,90.22,0.0,202.75,43.05,245.8,360.0,2368.9,49.22000000000003,-85.00999999999999,0.0,23.4,19.385038585481684,3.88,0.1,1.0,1.33,1.33,18.034784839780237,22.691468890314304,19.915874724600496,20.034264997071702,24.454168502663357,18.11,17.88,6.29,4.68,9,2013,-0.8101089552238818,358.57,358.57
2013-12-31,705.3400000000001,141.74,0.39379304831004774,0.005044754252363761,248.83999999999992,178.04000000000002,202.14999999999998,23.9,0.0,527.3000000000002,123.26999999999998,543.86,278.17,322.09,1393.29,1131.71,2761.15,70.1,0.0,210.0,40.29,250.29,360.0,2510.86,198.09999999999997,87.63999999999999,0.0,24.110000000000007,15.169198708903625,3.43,0.1,1.39,1.33,0.96,20.533899382382923,25.92801423117667,22.585022885810798,22.834330714956725,27.831819471927407,19.02,18.46,6.63,5.1,12,2013,1.8157848920864126,359.9352517985612,500.31
2014-03-31,698.5,107.94,0.3,0.0,254.35,135.08,156.92,26.75,0.0,563.42,126.78,706.2,256.58,385.72,1576.32,1139.58,2930.75,111.92,0.0,274.35,32.64,306.99,360.0,2623.75,111.28,51.05,0.0,21.84,22.2925,3.67,0.12,0.3,0.0,0.0,14.72,18.36,16.44,16.44,20.36,15.64,15.45,5.75,4.34,3,2014,0.0,359.8,107.94
2014-06-30,685.69,90.82,0.2513131414771584,1.35,242.88000000000002,113.36999999999998,135.88000000000002,26.5,0.0,572.32,101.24000000000001,217.5,276.11,378.52,1117.6,1152.65,2484.28,91.6,0.0,222.94,34.0,256.93,360.0,2227.35,3.3100000000000023,-6.0,-486.0,22.51,26.360539528738162,4.28,0.12,0.55,1.35,2.45,14.621855504125577,18.11282350573556,16.30336888710002,16.230259609579395,20.086773998792516,14.57,14.36,5.01,3.32,6,2014,487.8654545454545,361.3818181818181,198.76
2014-09-30,631.26,80.19999999999999,0.22137223974763404,0.0033682248351019485,145.27999999999997,100.35000000000002,124.22999999999996,26.5,0.0,530.9200000000001,94.25999999999996,224.92,252.78,364.02,1153.41,1157.41,2524.95,84.26,0.0,182.08,35.35,217.43,360.0,2307.52,126.85,-119.42999999999999,0.0,23.880000000000003,29.93080798004988,4.13,0.09,0.77,1.35,1.75,12.707341554344708,15.605305420131918,13.903326641812445,13.719328936048177,17.12328649268712,14.03,13.84,6.33,4.34,9,2014,1.2202597402597917,362.2857142857143,278.96
2014-12-31,664.6600000000001,89.04000000000002,0.2467956521739131,-0.005618012422360249,212.84000000000003,112.49000000000001,137.09000000000003,25.0,0.0,552.1600000000001,104.71000000000004,264.0,270.69,364.05,1271.74,1155.83,2632.08,81.88,0.0,200.68,34.73,235.41,360.0,2396.67,138.51999999999998,-99.44,0.0,24.599999999999994,25.324797843665763,3.76,0.1,1.02,1.35,1.32,13.530208695652178,16.55950434782609,14.856130434782612,14.51739130434783,18.35966086956522,13.91,13.73,6.34,4.52,12,2014,-2.026890756302521,360.78431372549016,368.0
2015-03-31,691.9,99.07,0.28,0.0,234.31,124.09,148.3,25.25,0.0,567.81,117.82,518.87,268.4,385.66,1408.0,1163.17,2775.6,102.84,0.0,243.44,36.19,279.63,360.0,2495.96,160.3,94.57,0.0,24.21,22.545000000000005,3.64,0.11,0.28,0.0,0.0,14.28,17.4,15.88,15.48,19.6,14.46,14.32,5.78,4.2,3,2015,0.0,353.8214285714285,99.07
2015-06-30,661.87,97.6,0.27294452636396,1.1,232.16000000000003,122.19999999999999,149.84999999999997,24.8,0.0,539.6700000000001,116.72,292.05,263.54,381.38,1092.38,1161.24,2457.96,97.76,0.0,222.42,37.66,260.08,360.0,2197.88,133.07999999999998,36.099999999999994,-396.0,27.65,22.71478048155738,4.06,0.12,0.55,1.1,2.0,15.880408806630395,19.790959475263133,17.766207352417755,17.647104286368027,21.87526313113337,14.66,14.53,4.91,3.2,6,2015,393.34,357.5818181818181,196.67
2015-09-30,663.1300000000001,87.41999999999999,0.2430983139146045,0.006196627829209189,232.72000000000003,111.03,140.90000000000003,24.5,0.0,552.0999999999999,104.76000000000002,272.27,271.28,398.35,1181.99,1156.44,2541.88,107.91,0.0,217.28,39.12,256.41,360.0,2285.47,85.32,-105.10999999999999,0.0,29.870000000000005,25.193407973003893,3.86,0.11,0.79,1.1,1.39,13.761210883874826,17.35537329719455,15.299807807384983,15.225955155056495,18.91858777148087,14.22,14.09,5.44,3.61,9,2015,2.2283544303797953,359.60759493670884,284.09
2015-12-31,753.5799999999999,107.75,0.2997333095140874,-0.00037134118291641934,252.18999999999994,135.19,165.52000000000004,24.0,0.0,618.3899999999999,128.39,333.05,298.45,309.07,1309.94,1137.58,2650.98,82.6,0.0,219.91,37.55,257.46,360.0,2393.52,194.56,-133.78,0.0,30.33,20.019296519721575,3.61,0.11,1.09,1.1,1.01,16.257094732543894,20.50285830951409,18.00599734585545,17.994997958350346,22.28475908534096,14.28,14.14,5.96,4.55,12,2015,-0.13349204505868784,359.48623853211006,391.84
2016-03-31,673.82,90.07,0.25,0.0,225.51,112.72,141.97,24.3,0.0,561.1,104.13,493.36,292.03,350.86,1464.39,1122.69,2792.19,117.7,0.0,268.94,39.18,308.11,360.0,2484.08,123.29,37.02,0.0,29.25,24.3,3.52,0.12,0.25,0.0,0.0,12.92,16.2,14.52,14.48,17.88,13.54,13.37,5.45,4.14,3,2016,0.0,360.28,90.07
2016-06-30,672.17,97.78,0.27067128027681664,1.15,239.13,122.16,151.67,23.8,0.0,550.0099999999999,114.83000000000001,290.9,270.07,365.58,1118.78,1107.46,2439.09,100.08,0.0,230.01,40.81,270.81,360.0,2168.28,116.27,95.26999999999998,-414.0,29.509999999999998,21.9827533749233,3.95,0.12,0.52,1.15,2.21,16.032068139472987,19.967212137343626,18.030871439978707,17.905946233697097,22.132582379558162,14.12,13.96,4.86,3.27,6,2016,415.43749999999994,361.25,187.85
2016-09-30,708.0899999999999,130.4,0.36057187745483116,0.0012647289866457474,230.26,162.82,193.08000000000004,23.9,0.0,545.2700000000002,108.95000000000002,281.97,259.57,364.82,1175.34,1138.06,2566.53,93.94,0.0,224.95,42.44,267.39,360.0,2299.14,79.23000000000002,-88.14999999999999,0.0,30.259999999999998,16.571453220858896,3.74,0.12,0.88,1.15,1.31,20.323142183817755,25.518655145326,22.68324901806756,22.748807541241163,27.8295930871956,16.04,15.49,5.22,3.6,9,2016,0.45738636363637397,361.64772727272725,318.25
2016-12-31,691.9099999999999,96.75,0.2681024096385542,-0.0024798055859801557,239.39,120.22999999999996,150.60000000000002,23.8,0.0,571.6799999999998,110.31,339.65,272.9,351.48,1275.42,1128.42,2658.49,84.85,0.0,226.97,38.12,265.09,360.0,2393.41,145.77999999999997,-88.11,0.0,30.370000000000005,22.197674418604652,3.58,0.11,1.15,1.15,1.0,14.55679518072289,18.193662650602413,16.170072289156625,16.170072289156625,19.86289156626506,15.56,15.11,5.62,4.07,12,2016,-0.8948863636363171,360.8695652173913,415.0
2017-03-31,739.42,112.73,0.31,0.0,260.87,140.86,170.61,24.8,0.0,598.57,132.79,570.62,292.89,383.85,1430.58,1136.63,2803.41,104.9,0.0,257.5,39.73,297.22,360.0,2506.18,114.3,116.66,0.0,29.75,20.0,3.56,0.12,0.31,0.0,0.0,16.08,20.12,18.0,18.08,22.12,15.41,15.25,5.56,4.06,3,2017,0.0,363.6451612903226,112.73
2017-06-30,621.9499999999999,72.92,0.2042467007810396,1.15,41.20999999999998,91.41,122.00999999999999,23.6,0.0,530.5299999999999,85.99000000000001,236.09,249.1,487.51,1031.92,1147.18,2434.99,98.43,0.0,228.56,41.34,269.9,360.0,2165.08,41.89999999999999,37.58000000000001,-414.0,30.6,28.883697888096545,3.92,0.12,0.52,1.15,2.21,11.971998922704012,14.972854295717747,13.464570966873149,13.464570966873149,16.543982763264207,13.77,13.64,4.51,2.38,6,2017,410.57211538461536,357.0192307692308,185.65
2017-09-30,687.6100000000001,62.79999999999998,0.17440933789494864,0.009751420344598067,396.42,77.30999999999997,108.23000000000002,23.5,0.0,610.2900000000002,69.82000000000002,253.99,293.33,493.35,1126.36,1155.61,2543.44,123.86,0.0,272.57,42.94,315.51,360.0,2227.93,68.97,-51.07000000000001,0.0,30.919999999999995,33.687129777070076,3.8,0.14,0.69,1.15,1.67,9.8781404709197,12.254151740792912,11.27341517407929,11.101533507748035,13.780865365264638,12.25,12.13,4.13,2.32,9,2017,3.511217948717956,360.07246376811594,248.45
