,revenue,net_profit,eps,dps,gross_profit,ebit,ebitda,close_price,allowance_doubtful_accounts,expense,operating_profit,cash,account_receivable,inventory,current_asset,property_plant_equipment,total_asset,short_term_loan,account_payable,current_portion_long_term_debt,current_liability,non_current_liability,total_liability,paid_in_capital,total_equity,cash_flow_operation,cash_flow_investment,cash_flow_financing,depreciation,P/E,P/BV,D/E,EPS,DPS,DPR%,ROA%,ROAA%,ROE%,ROAE%,ROCE%,NPM%,NPMA%,CurrentRatio,QuickRatio,month,year,dividend,number_of_shares,return_old
2000-03-31,219.4,11.65,0.49,0.0,26.06,16.65,19.27,10.0,0.0,202.75,14.18,115.91,152.23,443.16,726.41,109.43,836.05,31.3,19.38,0.0,66.44,0.0,66.44,240.0,769.61,-12.75,-1.32,-11.97,2.62,5.1025,3.12,0.09,0.49,0.0,0.0,5.56,0.0,6.04,0.0,8.64,5.37,5.31,10.93,4.26,3,2000,0.0,23.775510204081634,11.65
2000-06-30,200.92,12.44,0.5163968451639684,0.5,22.180000000000003,17.79,20.37,8.8,0.0,183.12,10.96,160.2,147.01,401.86,717.65,107.14,825.0,35.53,7.17,0.0,54.95,0.0,54.95,240.0,770.05,50.1,1.96,-7.769999999999998,2.58,4.260289389067525,2.74,0.07,1.0,0.5,0.5,6.031515151515151,0.0,6.465288501452884,0.0,9.233175591531754,5.86,5.73,13.06,5.75,6,2000,12.045,24.09,24.09
2000-09-30,257.75000000000006,11.650000000000002,0.48568830442081706,-0.0021558477895914584,25.919999999999995,19.620000000000005,22.17,8.9,0.0,238.14999999999998,7.159999999999997,90.98,188.45,497.86,787.56,104.84,892.61,47.44,57.11,0.0,118.32,0.0,118.32,240.0,774.29,-80.89,-0.25,11.909999999999998,2.55,4.578708154506438,2.76,0.15,1.49,0.5,0.34,5.215444879686626,0.0,6.0238388360380535,0.0,9.100951315053162,5.45,5.27,6.66,2.45,9,2000,-0.051711409395972296,23.986577181208055,35.74
2000-12-31,290.78999999999996,3.6899999999999977,0.1534770479330458,0.0011667946084046384,24.960000000000008,8.21,10.75,8.7,0.0,282.58000000000004,3.1400000000000006,120.73,193.82,475.75,795.44,0.0,898.51,88.98,13.37,0.0,120.53,0.0,120.53,240.0,777.98,-11.21,-0.5800000000000001,41.54,2.539999999999999,14.158468834688355,2.68,0.15,1.64,0.5,0.3,1.6433274156733442,0.0,1.8978747146842496,0.0,2.9946741060106503,4.19,4.07,6.6,2.65,12,2000,0.028052872810606644,24.04268292682927,39.43
2001-03-31,290.06,17.29,0.72,0.8,30.09,25.38,29.01,8.4,0.0,264.69,16.91,64.89,272.65,469.83,815.39,94.87,915.18,2.88,94.2,0.0,119.9,0.0,119.9,240.0,795.28,-60.59,-0.35,2.88,3.63,2.9175,2.53,0.15,0.72,0.8,1.11,7.56,11.6,8.68,8.84,12.76,6.14,5.96,6.8,2.88,3,2001,19.211111111111112,24.01388888888889,17.29
2001-06-30,268.21999999999997,13.82,0.5774991963998715,-0.0027786706668095637,28.2,20.360000000000003,23.969999999999995,15.25,0.0,247.84999999999997,15.3,188.71,171.07,430.1,793.38,93.14,890.02,0.0,83.56,0.0,100.13,0.0,100.13,240.0,789.89,146.63,-0.7200000000000001,-22.08,3.6100000000000003,6.601307887120115,4.63,0.13,1.3,0.8,0.62,6.219222115075539,9.470986820957892,7.001067180970749,7.089913211186114,10.288370298939247,5.71,5.57,7.92,3.63,6,2001,-0.06649572649572733,23.93076923076923,31.11
2001-09-30,252.39999999999998,8.590000000000003,0.35701511335012603,0.004316992830846784,27.089999999999996,12.879999999999995,16.589999999999996,10.0,0.0,239.51999999999998,14.32,139.1,202.01,460.21,808.97,92.44,903.49,0.0,98.8,0.0,105.0,0.0,105.0,240.0,798.48,-47.93000000000001,-1.6899999999999997,0.0,3.709999999999999,7.001804423748542,3.01,0.13,1.65,0.8,0.48,3.7995062972292204,5.651657430730481,4.301491183879095,4.370730478589422,6.352705289672546,4.97,4.9,7.7,3.32,9,2001,0.10386946386946505,24.060606060606062,39.7
2001-12-31,254.17999999999995,8.449999999999996,0.35274143302180666,-0.0035193052015481275,28.590000000000003,12.690000000000005,16.24000000000001,11.5,0.0,241.49,13.089999999999996,155.74,215.46,413.93,788.8,90.46,879.91,0.0,62.37,0.0,72.98,0.0,72.98,240.0,806.94,16.740000000000002,-0.10000000000000009,0.0,3.5500000000000007,8.148461538461543,3.42,0.09,2.01,0.8,0.4,3.839792315680164,5.629823468328138,4.190778816199375,4.2679958463136005,6.205441329179644,4.57,4.52,10.81,5.14,12,2001,-0.084305744007235,23.955223880597018,48.15
2002-03-31,182.42,4.23,0.18,0.0,19.23,5.66,7.84,17.8,0.0,176.75,8.6,195.87,150.55,464.15,815.75,88.47,904.85,0.0,82.02,0.0,93.68,0.0,93.68,240.0,811.16,40.31,-0.18,0.0,2.18,24.7225,5.27,0.12,0.18,0.0,0.0,1.88,2.48,2.08,2.12,2.8,2.32,2.32,8.71,3.75,3,2002,0.0,23.500000000000004,4.23
2002-06-30,181.85,0.9799999999999995,0.04138195777351246,1.0,19.470000000000002,1.3599999999999994,3.51,13.5,0.0,180.5,7.24,140.36,131.31,469.13,763.65,86.92,851.91,0.0,57.49,0.0,63.77,0.0,63.77,240.0,788.14,-11.070000000000004,-20.43,-24.0,2.15,81.55244897959189,4.11,0.08,0.22,1.0,4.55,0.4589635316698654,0.6094433781190017,0.49658349328214957,0.49658349328214957,0.6696353166986561,1.43,1.43,11.98,4.62,6,2002,23.68181818181818,23.68181818181818,5.21
2002-09-30,221.63,13.98,0.582803543512246,0.012743379601118116,23.619999999999997,18.650000000000002,20.78,12.0,0.0,202.98000000000002,11.07,53.74,194.4,507.11,780.82,85.38,867.72,0.0,59.2,0.0,65.6,0.0,65.6,240.0,802.13,-85.88,-0.75,0.0,2.13,5.147532188841202,3.59,0.08,0.8,1.0,1.25,6.439979155810318,8.450651380927566,6.96450234497134,6.993642522146951,9.324856696195935,3.28,3.28,11.9,4.17,9,2002,0.30568181818182083,23.9875,19.19
2002-12-31,247.23000000000002,8.7,0.36185012549300816,0.002312656866260391,26.499999999999993,11.629999999999995,13.75,12.7,0.0,235.60000000000002,12.470000000000002,41.44,248.49,476.44,772.18,31.21,857.34,0.0,34.24,0.0,46.51,0.0,46.51,240.0,810.83,-29.810000000000002,17.52,0.0,2.12,8.77573275862069,3.76,0.06,1.16,1.0,0.86,4.0552169236285405,5.352886339189673,4.292291143779131,4.304768734313374,5.739691645751164,3.35,3.35,16.6,6.36,12,2002,0.055603448275864054,24.043103448275865,27.89
2003-03-31,206.86,8.1,0.34,0.0,22.03,10.8,11.59,12.0,0.0,196.06,11.25,119.28,188.33,473.99,785.92,34.84,874.17,0.0,42.7,0.0,55.25,0.0,55.25,240.0,818.92,82.06,-4.22,0.0,0.79,8.8225,3.52,0.07,0.34,0.0,0.0,3.72,4.84,3.96,3.96,5.28,3.92,3.92,14.22,5.65,3,2003,0.0,23.823529411764703,8.1
2003-06-30,145.08999999999997,1.370000000000001,0.05642027455121439,0.6,15.129999999999995,2.0199999999999996,2.8599999999999994,15.0,0.0,143.07,2.6999999999999993,96.1,121.65,552.15,773.37,35.54,862.3,0.0,50.75,0.0,56.4,0.0,56.4,240.0,805.9,-7.560000000000002,-1.0300000000000002,-14.4,0.8399999999999999,66.46281021897806,4.47,0.07,0.39,0.6,1.54,0.6365364308342137,0.8680042238648369,0.6828299894403383,0.688616684266104,0.920084477296727,2.7,2.69,13.71,3.92,6,2003,14.56923076923077,24.282051282051285,9.47
2003-09-30,261.15000000000003,7.33,0.3054166666666666,-0.007051282051282025,27.210000000000008,9.82,10.7,21.0,0.0,251.33000000000004,14.48,65.69,189.96,544.52,802.44,38.43,894.21,20.0,56.53,0.0,80.98,0.0,80.98,240.0,813.23,-46.1,-3.880000000000001,20.0,0.8799999999999999,17.18963165075034,6.2,0.1,0.7,0.6,0.86,3.281047619047619,4.485261904761904,3.6126428571428564,3.630095238095238,4.851761904761904,2.74,2.74,9.91,3.18,9,2003,-0.16923076923076863,24.000000000000004,16.8
2003-12-31,267.42999999999995,8.66,0.36054988216810685,0.0004713275726628805,23.519999999999996,11.729999999999997,12.649999999999999,16.9,0.0,255.69999999999993,5.469999999999999,80.17,240.4,481.68,803.98,39.81,897.04,10.0,49.41,0.0,75.16,0.0,75.16,240.0,821.89,25.28,-0.7899999999999991,-10.0,0.9200000000000004,11.715715935334872,4.93,0.09,1.06,0.6,0.57,3.864006284367635,5.333417124901807,4.217753338570307,4.244964650432051,5.687164179104477,2.9,2.89,10.7,4.29,12,2003,0.011320754716978243,24.0188679245283,25.46
2004-03-31,207.19,10.67,0.44,0.0,22.34,14.27,15.31,14.5,0.0,192.92,10.65,85.68,216.08,494.98,800.5,40.58,893.94,0.0,47.08,0.0,61.38,0.0,61.38,240.0,832.56,15.77,-0.3,-10.0,1.04,8.2375,4.18,0.07,0.44,0.0,0.0,4.76,6.44,5.12,5.16,6.840000000000001,5.25,5.15,13.04,4.98,3,2004,0.0,24.25,10.67
2004-06-30,179.53000000000003,19.630000000000003,0.8162970297029704,0.7,35.09,26.44,27.53,16.6,0.0,153.08,21.5,107.36,195.07,489.59,794.32,41.35,888.83,0.0,40.55,0.0,53.44,0.0,53.44,240.0,835.38,43.010000000000005,-4.28,-16.8,1.0899999999999999,5.082157412124299,4.77,0.06,1.26,0.7,0.56,8.836739273927394,12.050099009900991,9.406851485148517,9.562336633663367,12.620211221122116,8.02,7.84,14.86,5.7,6,2004,16.833333333333332,24.047619047619047,30.3
2004-09-30,219.89999999999998,9.529999999999998,0.3971830278684408,-0.0015649845175328785,29.520000000000003,13.030000000000001,14.239999999999995,18.3,0.0,206.88,16.08,25.67,204.59,556.96,789.32,48.13,890.64,0.0,39.82,0.0,45.72,0.0,45.72,240.0,844.92,-74.12,-7.52,0.0,1.21,11.514338929695699,5.2,0.05,1.66,0.7,0.42,4.278091890534772,5.7615465729349715,4.5077880994225445,4.59392417775546,6.086949535525984,6.63,6.57,17.26,5.08,9,2004,-0.037550200803213585,23.99397590361446,39.83
2004-12-31,291.91999999999996,18.480000000000004,0.7701320528211287,5.568492457215383e-05,53.709999999999994,24.85,26.42,17.9,0.0,267.06000000000006,37.71,38.14,306.28,459.79,806.59,47.23,906.99,0.0,30.67,0.0,43.59,0.0,43.59,240.0,863.4,13.1,-0.8800000000000008,0.0,1.5700000000000003,5.813645833333332,4.98,0.05,2.43,0.7,0.29,8.151356542617048,11.041728691476594,8.557022809123652,8.772533013205283,11.536134453781514,6.5,6.49,18.5,7.96,12,2004,0.0013362090336634935,23.99588477366255,58.31
2005-03-31,157.4,17.22,0.72,0.0,25.78,23.01,24.42,19.1,0.0,134.39,14.23,108.28,249.66,478.74,839.74,46.65,939.54,0.0,41.7,0.0,58.92,0.0,58.92,240.0,880.62,70.82,-0.78,0.0,1.41,6.6325,5.21,0.07,0.72,0.0,0.0,7.32,10.04,7.84,8.04,10.44,11.61,10.94,14.25,6.13,3,2005,0.0,23.916666666666664,17.22
2005-06-30,139.77,24.759999999999998,1.0321581705574083,1.3,36.18,33.34,34.69,19.9,0.0,106.43,23.56,123.67,206.18,487.89,820.49,45.97,919.59,0.0,28.94,0.0,45.42,0.0,45.42,240.0,874.18,47.0,-0.6399999999999999,-31.2,1.3499999999999999,4.819392164781906,5.46,0.05,1.75,1.3,0.74,10.781629347308243,14.697932348737494,11.324249642686993,11.583763696998572,15.21696045736065,15.08,14.13,18.06,7.32,6,2005,31.185142857142854,23.988571428571426,41.98
2005-09-30,282.06,15.590000000000003,0.6499218342886921,-5.8065956971343e-05,44.38,22.32,23.709999999999994,19.5,0.0,259.74,27.589999999999996,40.88,320.64,509.73,874.87,47.47,975.73,30.01,47.04,0.0,85.96,0.0,85.96,240.0,889.77,-109.55999999999999,-3.1900000000000004,30.009999999999998,1.3900000000000006,7.505517960230916,5.26,0.1,2.4,1.3,0.54,6.39089803717214,9.131401771756126,7.008323779746397,7.1924682994615265,9.57551502518673,10.18,9.94,10.18,4.25,9,2005,-0.0013928571428500902,23.9875,57.57
2005-12-31,302.27,-44.53,-1.8440337423312887,0.008648389570551852,42.0,-36.9,-35.38999999999999,19.8,0.0,339.18,25.840000000000003,10.45,456.84,413.65,883.72,47.9,984.98,87.17,35.79,0.0,139.74,0.0,139.74,240.0,845.24,-86.07000000000001,-1.62,57.16,1.5099999999999998,-2.6845766898719963,5.62,0.17,0.54,1.3,2.41,-18.030552147239266,-60.375030674846634,-21.035644171779143,-20.899049079754604,-67.4779754601227,1.51,1.48,6.32,3.36,12,2005,0.20884259259258542,24.148148148148145,13.04
2006-03-31,177.85,0.19,0.01,0.0,28.35,1.11,2.67,19.4,0.0,176.74,16.34,45.96,306.37,472.53,828.9,47.21,929.44,15.0,52.45,0.0,84.01,0.0,84.01,240.0,845.43,108.6,-0.81,-72.17,1.56,485.0,5.51,0.1,0.01,0.0,0.0,0.08,0.48,0.08,0.08,0.52,0.11,0.11,9.87,4.24,3,2006,0.0,19.0,0.19
2006-06-30,180.81000000000003,18.45,0.7720493562231759,1.0,39.18,24.82,26.39,18.2,0.0,155.99,27.099999999999998,42.39,288.52,460.36,794.34,46.59,894.24,15.0,31.06,0.0,54.36,0.0,54.36,240.0,839.88,21.409999999999997,-0.94,-24.0,1.5699999999999998,5.892563685636857,5.2,0.06,0.78,1.0,1.28,8.235193133047211,11.323390557939913,8.789484978540772,8.591523605150213,12.234012875536479,5.2,5.2,14.61,6.14,6,2006,23.897435897435898,23.897435897435898,18.64
2006-09-30,184.96999999999997,-60.6,-2.527407054337464,0.0033242893109433143,28.870000000000005,-56.7,-55.15,13.6,71.5,241.66999999999996,18.04,14.33,297.3,468.72,782.67,45.24,881.18,10.09,86.59,0.0,101.9,0.0,101.9,240.0,779.28,-22.939999999999998,-0.15999999999999992,-4.909999999999997,1.5499999999999998,-1.3450049504950494,4.19,0.13,-1.75,1.0,-0.57,-27.498188751191613,-19.121639656816015,-31.07988560533842,-29.05795996186845,-22.818875119161106,-7.72,-7.72,7.68,3.08,9,2006,0.07970695970696084,23.97714285714286,-41.96
2006-12-31,110.76999999999998,-66.80000000000001,-2.7823096726737773,0.001319812956444047,13.599999999999994,-68.15,-66.63,13.9,134.04,178.92000000000007,0.970000000000006,0.0,260.66,434.01,696.17,43.97,793.38,0.0,76.23,4.67,80.9,0.0,80.9,240.0,712.48,181.63,-0.11999999999999988,-10.090000000000003,1.5200000000000005,-1.2496002994011972,4.68,0.11,-4.53,1.0,-0.22,-33.68253034203752,-27.319455682236118,-37.49054799558661,-34.296726737771245,-34.10018389113646,-16.64,-16.62,8.61,3.24,12,2006,0.031687164932197476,24.008830022075056,-108.76
2007-03-31,61.98,-1.98,-0.08,0.0,6.55,-1.98,-0.49,10.9,0.0,63.96,-3.44,177.62,70.89,435.83,687.15,42.74,783.09,0.0,67.92,4.67,72.59,0.0,72.59,240.0,710.5,-7.56,-0.32,0.0,1.49,-34.0625,3.68,0.1,-0.08,0.0,0.0,-1.0,-0.92,-1.12,-1.0,-1.12,-3.65,-3.19,9.47,3.46,3,2007,0.0,24.75,-1.98
2007-06-30,42.550000000000004,-5.16,-0.21680672268907564,1.0,2.3500000000000005,-5.16,-3.67,10.8,0.0,47.720000000000006,-7.130000000000001,148.63,68.69,429.61,648.9,41.45,743.52,0.0,60.03,2.16,62.18,0.0,62.18,240.0,681.34,-4.8500000000000005,-0.14,-24.0,1.49,-12.453488372093021,3.8,0.09,-0.3,1.0,-3.33,-2.7751260504201682,-2.514957983193278,-3.035294117647059,-2.717310924369748,-3.035294117647059,-7.75,-6.83,10.44,3.53,6,2007,23.8,23.8,-7.14
2007-09-30,42.629999999999995,3.0299999999999994,0.12532846715328466,0.015571776155717707,8.15,3.0299999999999994,4.49,10.4,0.0,39.59,-1.4900000000000002,136.56,74.49,445.93,658.19,40.34,751.67,0.0,64.74,0.0,67.3,0.0,67.3,240.0,684.37,-11.719999999999999,-0.34,0.0,1.4600000000000004,20.74668316831684,3.65,0.1,-0.17,1.0,-5.88,1.6218978102189778,1.474452554744525,1.7693430656934301,1.6513868613138682,1.7693430656934301,-3.2,-2.79,9.78,3.15,9,2007,0.3764705882352928,24.176470588235293,-4.11
2007-12-31,40.05000000000001,-76.39,-3.1789627329192545,-0.0061015710632078436,-29.58,-76.39,-74.89,10.4,0.0,116.43999999999997,-39.949999999999996,127.2,81.0,374.63,583.64,33.96,677.0,0.0,65.64,3.38,69.02,0.0,69.02,240.0,607.98,-7.940000000000001,-1.4000000000000001,0.0,1.5,-0.8166972116769211,4.11,0.11,-3.35,1.0,-0.3,-45.13178136645963,-41.56375155279503,-50.25607950310559,-46.270514285714285,-50.25607950310559,-45.32,-43.0,8.46,3.03,12,2007,-0.14661984196663624,24.029850746268657,-80.5
2008-03-31,43.68,-1.49,-0.05999999999999999,0.0,7.18,-1.49,-0.01,11.0,0.0,45.17,-2.75,68.05,72.18,383.8,576.23,32.88,668.48,0.0,59.59,0.0,62.0,0.0,62.0,240.0,606.48,-9.14,-50.2,0.0,1.48,-45.8325,4.35,0.1,-0.06,0.0,0.0,-0.88,-0.84,-1.0,-0.92,-1.0,-3.53,-3.41,9.29,3.1,3,2008,0.0,24.833333333333336,-1.49
2008-06-30,51.11000000000001,-13.45,-0.5581659973226237,0.0,-4.5,-13.45,-12.040000000000001,10.5,0.0,64.56,-13.440000000000001,114.75,77.08,357.74,551.45,31.61,642.46,0.0,47.1,0.0,49.42,0.0,49.42,240.0,593.04,-4.379999999999999,51.03,0.0,1.4100000000000001,-4.704156133828997,4.25,0.08,-0.62,0.0,0.0,-8.3904953145917,-7.778313253012049,-9.074698795180723,-8.426506024096385,-9.074698795180723,-16.01,-15.76,11.16,3.92,6,2008,0.0,24.096774193548388,-14.94
2008-09-30,47.05,4.449999999999999,-0.18665395614871305,0.0,11.98,4.449999999999999,5.8100000000000005,10.7,0.0,42.60000000000001,2.6700000000000017,118.51,72.26,372.04,564.28,30.44,654.08,0.0,54.41,0.0,56.59,0.0,56.59,240.0,597.49,2.9399999999999995,0.7999999999999999,0.0,1.3599999999999999,-14.332404494382025,4.3,0.09,0.44,0.0,0.0,2.7149666348903714,2.528312678741658,2.9864632983794084,2.78284080076263,2.9864632983794084,-7.59,-7.4,9.97,3.4,9,2008,-0.0,-23.84090909090909,-10.49
2008-12-31,33.370000000000005,-48.199999999999996,-2.012097461237008,0.0,0.6400000000000006,-48.199999999999996,-46.919999999999995,4.2,0.0,81.55999999999997,-9.32,106.88,69.37,352.03,529.5,28.62,601.21,0.0,49.18,2.73,51.92,0.0,51.92,240.0,549.29,-12.37,0.7200000000000002,0.0,1.2800000000000002,-0.5205389004149378,1.84,0.09,-2.45,0.0,0.0,-32.0621570966093,-30.156823990458335,-35.08440960981427,-33.31047878684614,-35.08440960981427,-34.4,-33.5,10.2,3.42,12,2008,0.0,23.955102040816325,-58.69
2009-03-31,32.73,-9.57,-0.4,0.0,-0.85,-9.57,-8.42,3.62,0.0,42.31,-10.16,111.98,63.49,345.17,522.49,27.79,593.32,0.0,51.26,0.0,53.6,0.0,53.6,240.0,539.72,5.11,-0.04,0.0,1.15,-2.2625,1.61,0.1,-0.4,0.0,0.0,-6.44,-6.08,-7.08,-6.68,-7.08,-29.99,-29.24,9.75,3.31,3,2009,0.0,23.925,-9.57
2009-06-30,29.85,-6.460000000000001,-0.2700062383031816,0.0,0.06999999999999995,-6.460000000000001,-5.369999999999999,6.6,0.0,36.28999999999999,-8.39,104.85,61.99,344.94,513.65,27.67,584.34,0.0,48.47,0.0,51.07,0.0,51.07,240.0,533.26,-6.470000000000001,-0.61,0.0,1.0900000000000003,-6.110506965944271,2.97,0.1,-0.67,0.0,0.0,-4.4168184653774185,-4.2072613849033065,-4.852052401746724,-4.594135995009358,-4.852052401746724,-26.8,-25.62,10.06,3.3,6,2009,0.0,23.925373134328357,-16.03
2009-09-30,34.629999999999995,-2.9499999999999993,-0.12278714436248679,0.0,4.05,-2.9499999999999993,-2.0500000000000007,7.05,0.0,37.58000000000001,-4.16,96.11,62.14,349.32,508.86,27.02,578.87,0.0,46.71,0.0,48.56,0.0,48.56,240.0,530.31,-8.63,-0.09999999999999998,0.0,0.8999999999999999,-14.347593220338988,3.19,0.09,-0.79,0.0,0.0,-2.0391991570073755,-1.9148577449947306,-2.225711275026343,-2.095152792413066,-2.225711275026343,-20.36,-19.52,10.48,3.29,9,2009,0.0,24.025316455696203,-18.98
2009-12-31,50.16000000000001,3.0600000000000005,0.1268592964824121,0.0,11.77,3.0600000000000005,3.7799999999999994,5.45,0.0,47.120000000000005,2.789999999999999,99.55,68.73,351.19,520.23,28.04,591.31,0.0,55.82,0.0,57.95,0.0,57.95,240.0,533.36,4.930000000000001,-1.4900000000000002,0.0,0.7199999999999998,10.743398692810455,2.45,0.11,-0.66,0.0,0.0,2.0681909547738697,2.0528140703517592,2.2911557788944727,2.2604020100502518,2.2911557788944727,-11.1,-10.8,8.98,2.92,12,2009,0.0,24.12121212121212,-15.92
2010-03-31,38.56,-2.68,-0.11000000000000001,0.0,3.85,-2.67,-1.95,7.65,0.0,41.23,-2.35,102.83,60.82,350.51,514.72,70.43,585.5,0.0,52.98,0.0,54.82,0.0,54.82,240.0,530.68,3.74,-0.43,0.0,0.72,-17.3875,3.46,0.1,-0.11,0.0,0.0,-1.84,-1.8,-2.04,-2.0,-2.0,-7.26,-6.95,9.39,3.0,3,2010,0.0,24.363636363636363,-2.68
2010-06-30,42.94,-1.0099999999999998,-0.04105691056910568,0.5,4.620000000000001,-1.0100000000000002,-0.27000000000000024,7.8,0.0,43.95000000000001,-4.52,74.7,65.21,368.15,509.74,69.88,579.94,0.0,60.25,0.0,62.26,0.0,62.26,240.0,517.67,-16.22,0.08000000000000002,-12.0,0.74,-47.4950495049505,3.62,0.12,-0.15,0.5,-3.33,-0.7007046070460703,-0.6897560975609756,-0.7773441734417342,-0.7663956639566393,-0.7773441734417342,-4.71,-4.53,8.19,2.27,6,2010,12.3,24.6,-3.69
2010-09-30,57.5,2.15,0.08376623376623375,0.020779220779220772,8.959999999999999,2.1500000000000004,2.8600000000000003,8.0,0.0,55.349999999999994,0.4400000000000004,33.78,75.15,373.36,483.55,69.38,583.23,0.0,60.7,0.0,63.41,0.0,63.41,240.0,519.82,-10.57,-30.29,0.0,0.71,23.875372093023262,3.69,0.12,-0.06,0.5,-8.33,1.4519480519480519,1.4519480519480519,1.675324675324675,1.6194805194805193,1.6194805194805193,-1.15,-1.11,7.63,1.74,9,2010,0.5333333333333332,25.666666666666668,-1.54
2010-12-31,64.34,8.45,0.3546309696092619,-0.038591413410516105,14.700000000000003,8.53,9.12,9.6,0.0,55.80000000000001,8.11,43.79,79.35,374.79,498.79,68.89,597.97,10.0,57.62,0.0,69.69,0.0,69.69,240.0,528.28,-0.08999999999999986,0.10000000000000142,10.0,0.5899999999999999,6.766893491124261,4.36,0.13,0.29,0.5,1.72,5.67409551374819,5.771924746743848,6.407814761215629,6.3589001447178,6.505643994211288,3.49,3.4,7.16,1.78,12,2010,-0.9195402298850563,23.827586206896555,6.91
2011-03-31,50.21,0.26,0.01,0.0,6.75,0.26,0.77,8.55,0.0,49.95,0.56,28.89,70.94,390.49,492.3,25.77,591.15,0.18,60.29,0.0,62.37,4.95,67.32,240.0,523.83,-5.08,0.0,-9.82,0.51,213.75,3.92,0.13,0.01,0.0,0.0,0.16,0.16,0.2,0.2,0.2,0.53,0.52,7.89,1.63,3,2011,0.0,26.0,0.26
2011-06-30,69.18,7.25,0.29926764314247667,0.0,12.34,7.28,7.780000000000001,9.0,0.0,61.89999999999999,6.859999999999999,24.6,80.65,397.43,505.1,26.24,604.39,0.0,65.98,0.0,68.12,5.19,73.3,240.0,531.09,-3.24,-0.93,-0.17999999999999972,0.5,7.5177689655172415,4.07,0.14,0.31,0.0,0.0,4.788282290279628,4.904127829560586,5.44474034620506,5.5219707057257,5.44474034620506,6.47,6.29,7.41,1.58,6,2011,0.0,24.225806451612904,7.51
2011-09-30,69.72000000000001,7.120000000000001,0.29686944634313056,0.0,10.670000000000002,7.11,7.609999999999999,9.05,0.0,62.599999999999994,4.880000000000001,17.63,82.63,407.27,509.79,25.85,608.91,0.0,60.84,0.0,65.27,5.43,70.71,240.0,538.21,-7.209999999999999,0.28,0.0,0.5,7.623216292134831,4.04,0.13,0.61,0.0,0.0,4.672043745727956,4.788844839371156,5.294982911825017,5.3923171565276835,5.236582365003418,8.04,7.74,7.81,1.57,9,2011,0.0,23.98360655737705,14.63
2011-12-31,64.50999999999999,6.040000000000001,0.2513014029995162,0.0,13.109999999999996,6.049999999999999,6.620000000000001,10.0,0.0,58.47,6.939999999999998,29.26,76.04,400.61,507.63,26.63,607.54,0.0,56.34,0.0,57.61,5.67,63.29,240.0,544.25,13.049999999999999,-1.4300000000000002,0.0,0.5700000000000001,9.950004139072847,4.41,0.12,0.86,0.0,0.0,3.9740686985970006,4.009134010643445,4.441606192549589,4.500048379293663,4.394852443154329,8.4,8.15,8.81,1.86,12,2011,0.0,24.034883720930235,20.67
2012-03-31,41.54,0.17,0.01,0.0,7.6,0.17,0.88,10.0,0.0,41.36,-0.82,67.24,62.53,412.37,544.39,28.9,616.14,0.0,63.35,0.0,65.73,5.99,71.72,240.0,544.42,9.68,28.32,0.0,0.71,249.99999999999997,4.41,0.13,0.01,0.0,0.0,0.12,0.12,0.12,0.12,0.12,0.42,0.41,8.28,2.01,3,2012,0.0,17.0,0.17
2012-06-30,53.29,2.06,0.0831390134529148,0.5,8.13,2.06,2.89,10.2,0.0,51.25,3.96,41.69,74.78,418.59,536.98,28.29,608.12,0.0,66.07,0.0,67.33,6.31,73.64,240.0,534.48,-13.6,0.030000000000001137,-12.0,0.8300000000000001,30.670618932038835,4.58,0.14,0.09,0.5,5.56,1.3671748878923768,1.3671748878923768,1.5519282511210761,1.5519282511210761,1.5149775784753363,2.41,2.35,7.98,1.76,6,2012,12.38888888888889,24.77777777777778,2.23
2012-09-30,58.58999999999999,5.85,0.2461633663366337,-0.02131463146314639,5.599999999999998,5.85,6.690000000000001,9.4,0.0,52.739999999999995,-0.3500000000000001,55.36,66.67,406.67,530.94,31.57,612.63,0.0,64.59,0.0,65.67,6.63,72.31,240.0,540.33,16.83,-3.1400000000000006,0.0,0.8399999999999999,9.547521367521368,4.18,0.13,0.34,0.5,1.47,3.8227722772277226,3.8227722772277226,4.344059405940594,4.344059405940594,4.286138613861386,5.65,5.27,8.08,1.89,9,2012,-0.50653594771242,23.76470588235294,8.08
2012-12-31,72.75,2.789999999999999,0.1155013799448022,0.008090264624709102,6.82,2.789999999999999,3.719999999999999,9.8,0.0,69.95000000000002,-0.20999999999999996,75.73,66.41,392.21,536.45,31.56,618.12,0.0,67.65,0.0,68.05,6.95,75.0,240.0,543.11,21.74,-1.3599999999999994,0.0,0.9300000000000002,21.21403225806452,4.33,0.14,0.45,0.5,1.11,1.8069549218031276,1.8172217111315545,2.0533578656853724,2.0533578656853724,2.0328242870285185,5.14,4.81,7.88,2.12,12,2012,0.1954248366013065,24.15555555555555,10.87
2013-03-31,33.59,-3.27,-0.14,0.0,4.06,-3.27,-2.33,10.0,0.0,36.86,-2.24,72.0,54.15,399.32,527.83,32.02,613.51,0.0,62.39,0.0,62.86,7.31,70.17,240.0,543.34,-2.44,-1.25,0.0,0.94,-17.8575,4.42,0.13,-0.14,0.0,0.0,-2.12,-2.12,-2.4,-2.4,-2.36,-9.89,-9.74,8.4,2.04,3,2013,0.0,23.357142857142854,-3.27
2013-06-30,43.53999999999999,-2.31,-0.09521505376344086,0.25,3.920000000000001,-2.4999999999999996,-1.5299999999999998,11.9,0.0,46.040000000000006,-2.63,50.77,62.75,401.97,519.02,32.59,605.35,0.0,62.23,0.0,62.66,7.66,70.32,240.0,535.03,-14.26,-1.02,-6.0,0.97,-31.245584415584418,5.34,0.13,-0.23,0.25,-1.09,-1.5234408602150538,-1.5731182795698926,-1.7221505376344088,-1.7221505376344088,-1.7552688172043012,-7.42,-7.23,8.28,1.87,6,2013,6.065217391304348,24.26086956521739,-5.58
2013-09-30,53.95000000000002,1.6,0.06834170854271357,-0.00906707450294954,-4.09,1.5,2.4899999999999998,13.3,0.0,52.46000000000001,-11.279999999999998,60.97,60.57,402.15,527.18,32.38,606.63,0.0,61.5,0.0,62.0,8.01,70.01,240.0,536.62,-9.95,20.14,0.0,0.99,48.655499999999996,5.95,0.13,-0.17,0.25,-1.47,1.0613065326633166,1.1256281407035176,1.1899497487437187,1.1899497487437187,1.2542713567839199,-3.46,-3.04,8.5,2.02,9,2013,-0.2122762148337598,23.41176470588235,-3.98
2013-12-31,57.389999999999986,3.62,0.20111111111111113,-0.07516339869281044,11.16,3.8299999999999996,4.85,17.4,0.0,53.54999999999998,3.129999999999999,64.13,66.6,390.23,524.24,32.05,602.91,0.0,55.42,0.0,55.86,6.8,62.66,240.0,540.24,3.1899999999999977,-0.07000000000000028,0.0,1.02,21.629834254143645,7.73,0.12,-0.02,0.25,-12.5,2.413333333333333,2.815555555555556,2.815555555555556,2.815555555555556,3.217777777777778,-0.21,-0.19,9.38,2.4,12,2013,-1.3529411764705879,18.0,-0.36
2014-03-31,42.1,-4.66,-0.19,0.0,2.19,-4.77,-3.75,15.9,0.0,46.87,-5.09,69.06,60.61,391.81,525.13,31.21,605.07,0.0,60.14,0.0,60.53,15.71,76.24,240.0,528.83,5.12,-0.19,0.0,1.02,-20.92,7.22,0.14,-0.19,0.0,0.0,-3.08,-3.12,-3.52,-3.48,-3.52,-11.59,-11.07,8.68,2.2,3,2014,0.0,24.526315789473685,-4.66
2014-06-30,55.63,-5.220000000000001,-0.21661943319838056,0.0,1.13,-5.35,-4.3100000000000005,15.6,0.0,60.98,-4.77,64.49,59.52,387.3,514.21,32.01,595.07,0.0,54.85,0.0,55.28,16.18,71.46,240.0,523.61,-3.0900000000000003,-1.46,0.0,1.04,-18.00450191570881,7.15,0.14,-0.41,0.0,0.0,-3.508178137651822,-3.571578947368421,-3.994251012145749,-3.951983805668016,-3.951983805668016,-10.39,-10.11,9.3,2.3,6,2014,0.0,24.09756097560976,-9.88
2014-09-30,45.83,-7.229999999999999,-0.30001753360607825,0.0,-1.7499999999999998,-7.340000000000002,-6.279999999999999,19.0,0.0,53.18000000000001,-7.850000000000001,63.44,56.63,391.89,514.7,33.83,597.68,0.0,64.27,0.0,64.65,16.64,81.29,240.0,516.38,1.27,-2.3200000000000003,0.0,1.06,-15.832074688796684,8.83,0.16,-0.71,0.0,0.0,-4.834085330216246,-4.901694915254236,-5.594693161893629,-5.493278784336645,-5.543985973115136,-12.3,-11.92,7.96,1.9,9,2014,0.0,24.098591549295776,-17.11
2014-12-31,66.47999999999999,0.7100000000000009,0.029439024390243942,0.0,7.42,0.5899999999999999,1.6099999999999994,15.9,0.0,65.88999999999999,0.21000000000000085,79.13,57.14,376.7,514.96,34.12,598.65,0.0,57.28,0.0,64.45,17.11,81.55,240.0,517.09,16.779999999999998,-1.1099999999999999,0.0,1.0199999999999996,135.01126760563363,7.38,0.16,-0.68,0.0,0.0,0.4744878048780495,0.4866097560975616,0.5489512195121958,0.5368292682926836,0.5472195121951227,-8.04,-7.81,7.99,2.15,12,2014,0.0,24.117647058823525,-16.4
2015-03-31,42.08,-4.05,-0.17,0.0,3.92,-4.17,-2.82,14.2,0.0,46.24,-4.89,78.15,56.85,369.53,507.81,33.82,591.49,0.0,60.44,0.0,60.84,17.62,78.45,240.0,513.04,-0.12,-0.84,0.0,1.35,-20.8825,6.64,0.15,-0.17,0.0,0.0,-2.72,-2.8,-3.16,-3.12,-3.16,-9.79,-9.62,8.35,2.27,3,2015,0.0,23.823529411764703,-4.05
2015-06-30,57.69,-1.0499999999999998,-0.04323529411764705,0.0,5.359999999999999,-1.1600000000000001,-0.03000000000000025,13.9,0.0,58.85999999999999,-0.2600000000000007,75.52,68.35,359.72,506.58,33.91,590.56,0.0,59.62,0.0,60.44,18.13,78.57,240.0,511.99,-1.67,-1.0,0.0,1.13,-80.37357142857144,6.52,0.15,-0.21,0.0,0.0,-0.708235294117647,-0.7411764705882352,-0.8235294117647058,-0.8070588235294117,-0.8317647058823529,-5.25,-5.11,8.38,2.43,6,2015,0.0,24.285714285714285,-5.1
2015-09-30,46.39999999999999,-2.8900000000000006,-0.1193617021276596,0.0,4.970000000000001,-3.0,-1.85,16.0,0.0,49.400000000000006,-2.879999999999999,81.05,53.4,375.24,513.13,34.38,597.76,0.0,69.6,0.0,70.01,18.64,88.66,240.0,509.11,6.84,-1.3699999999999999,0.0,1.15,-33.50823529411764,7.54,0.17,-0.33,0.0,0.0,-1.9387234042553196,-2.011063829787234,-2.271489361702128,-2.2570212765957454,-2.2859574468085113,-5.62,-5.47,7.33,1.97,9,2015,0.0,24.21212121212121,-7.99
2015-12-31,78.12,4.880000000000001,0.20398713826366566,0.0,4.82,7.0600000000000005,8.05,13.0,0.0,71.06,-2.26,59.41,86.32,352.46,501.0,33.86,592.91,0.0,60.85,0.0,61.48,17.34,78.82,240.0,514.09,-21.1,-0.5300000000000002,0.0,0.9900000000000002,15.932377049180324,6.07,0.15,-0.13,0.0,0.0,3.2637942122186505,1.3180707395498394,3.7659163987138267,3.7659163987138267,1.5063665594855309,-1.48,-1.39,8.15,2.42,12,2015,0.0,23.92307692307692,-3.11
2016-03-31,49.95,-5.46,-0.23000000000000004,0.0,3.99,-5.16,-3.88,14.6,0.0,55.11,-3.57,101.02,54.67,350.19,509.89,32.69,600.32,0.0,73.28,0.0,73.84,17.85,91.69,240.0,508.63,41.78,-0.14,0.0,1.28,-15.87,6.89,0.18,-0.23,0.0,0.0,-3.6400000000000006,-3.4799999999999995,-4.28,-4.28,-3.92,-10.93,-10.93,6.91,2.16,3,2016,0.0,23.739130434782606,-5.46
2016-06-30,40.099999999999994,-6.12,-0.2536787564766839,0.0,1.7799999999999994,-6.23,-5.0200000000000005,13.9,0.0,46.33,-5.129999999999999,87.12,60.46,340.7,491.64,32.04,581.52,0.0,60.23,0.0,60.66,18.36,79.02,240.0,502.5,-13.71,-0.2,0.0,1.2100000000000002,-13.69921568627451,6.64,0.16,-0.48,0.0,0.0,-4.206839378238342,-4.101139896373057,-4.862176165803108,-4.819896373056994,-4.629637305699482,-12.9,-12.86,8.1,2.49,6,2016,0.0,24.125,-11.58
2016-09-30,35.84,-5.83,-0.24445146467547385,0.0,2.8499999999999996,-5.93,-4.77,35.0,0.0,41.77000000000001,-4.58,82.7,55.12,345.27,485.04,31.87,574.81,0.0,58.67,0.0,59.26,18.87,78.13,240.0,496.68,-3.379999999999999,-1.03,0.0,1.1599999999999997,-35.79800600343054,16.91,0.16,-0.73,0.0,0.0,-4.058564043653073,-3.9514072372199887,-4.701504882251579,-4.634531878230902,-4.500585870189546,-13.86,-13.83,8.18,2.36,9,2016,0.0,23.84931506849315,-17.41
2016-12-31,41.17,-2.0500000000000007,-0.08532887975334022,0.0,8.13,-2.1000000000000014,-1.0199999999999996,16.1,0.0,43.25999999999999,1.629999999999999,76.2,59.86,340.87,478.26,31.01,567.14,0.0,52.72,0.0,53.37,19.1,72.47,240.0,494.67,-6.560000000000002,0.040000000000000036,0.0,1.0800000000000005,-47.178634146341444,7.81,0.15,-0.81,0.0,0.0,-1.4453237410071946,-1.411613566289826,-1.6560123329907508,-1.626515930113053,-1.5928057553956838,-11.71,-11.65,8.96,2.57,12,2016,0.0,24.02469135802469,-19.46
2017-03-31,41.71,-6.36,-0.27,0.0,2.77,-6.46,-5.47,14.1,0.0,48.17,-4.87,80.32,53.44,343.85,480.27,30.26,568.49,0.0,60.14,0.0,60.58,19.62,80.19,240.0,488.29,4.41,-0.25,0.0,0.99,-13.055000000000001,6.93,0.16,-0.27,0.0,0.0,-4.48,-4.44,-5.2,-5.12,-5.08,-15.25,-15.25,7.93,2.25,3,2017,0.0,23.555555555555554,-6.36
2017-06-30,29.1,-6.97,-0.2928132033008252,0.0,1.6599999999999997,-7.079999999999999,-6.2,16.0,0.0,36.17,-5.94,63.05,60.16,338.73,464.23,30.1,552.36,0.0,50.51,0.0,50.92,20.12,71.04,240.0,481.32,-16.77,-0.49,0.0,0.8800000000000001,-13.659903156384505,7.98,0.15,-0.56,0.0,0.0,-5.040570142535634,-4.99873968492123,-5.793518379594898,-5.668027006751688,-5.647111777944486,-18.88,-18.83,9.12,2.46,6,2017,0.0,23.803571428571427,-13.33
2017-09-30,25.239999999999995,-9.770000000000001,-0.406025974025974,0.0,-1.0699999999999998,-9.86,-8.97,14.4,0.0,35.11,-8.53,56.49,54.59,343.85,456.82,29.58,544.56,0.0,52.01,0.0,52.37,20.63,73.0,240.0,471.56,-6.150000000000002,-0.3999999999999999,0.0,0.8899999999999997,-8.866427840327532,7.33,0.15,-0.96,0.0,0.0,-7.173125541125542,-7.0716190476190475,-8.289696969696971,-8.069766233766233,-8.035930735930735,-24.11,-24.05,8.72,2.16,9,2017,0.0,24.062500000000004,-23.1
