,revenue,net_profit,eps,dps,gross_profit,ebit,ebitda,close_price,allowance_doubtful_accounts,expense,operating_profit,cash,account_receivable,inventory,current_asset,property_plant_equipment,total_asset,short_term_loan,account_payable,current_portion_long_term_debt,current_liability,non_current_liability,total_liability,paid_in_capital,total_equity,cash_flow_operation,cash_flow_investment,cash_flow_financing,depreciation,P/E,P/BV,D/E,EPS,DPS,DPR%,ROA%,ROAA%,ROE%,ROAE%,ROCE%,NPM%,NPMA%,CurrentRatio,QuickRatio,month,year,dividend,number_of_shares,return_old
2004-06-30,,,,,,,,,0.0,,,4.63,232.82,59.72,304.03,198.46,563.21,152.02,85.71,7.68,305.61,9.59,315.2,160.0,248.01,,,,,,0.0,1.27,0.41,0.0,0.0,,,,,,13.36,13.25,0.99,0.8,6,2004,,131.90243902439025,54.08
2004-09-30,269.46,18.320000000000007,0.12398895027624313,0.0,34.2,26.430000000000007,31.790000000000006,,0.0,243.02999999999997,15.720000000000013,14.19,328.2,79.91,429.39,215.46,706.69,42.75,147.02,5.18,245.57,0.79,246.36,210.0,460.33,-27.839999999999996,-34.13,71.54,5.360000000000001,0.0,0.0,0.54,0.49,0.0,0.0,10.364464088397794,0.0,15.921193370165751,0.0,21.235005524861887,10.91,10.68,1.75,1.42,9,2004,0.0,147.75510204081635,72.4
2004-12-31,315.96000000000004,8.259999999999991,0.05017852715100416,0.0,33.75999999999999,12.510000000000005,18.63000000000001,,3.5,303.45000000000005,15.279999999999987,4.45,261.03,55.9,328.71,246.73,692.72,30.41,143.79,4.48,223.91,0.22,224.14,210.0,468.59,44.699999999999996,-52.69,-1.7600000000000193,6.120000000000001,0.0,0.0,0.48,0.49,0.0,0.0,4.767984130919905,0.0,7.049571038928829,0.0,9.548256880733934,8.24,8.12,1.47,1.22,12,2004,0.0,164.6122448979592,80.66
2005-03-31,271.8,18.45,0.09,0.0,39.18,26.5,33.2,,0.0,245.3,22.75,23.15,311.95,67.0,411.14,282.75,809.17,115.17,148.73,3.38,359.69,0.24,359.93,210.0,449.24,-45.82,-19.15,83.67,6.7,0.0,0.0,0.8,0.09,0.0,0.0,9.12,0.0,16.44,0.0,23.6,6.88,6.79,1.14,0.96,3,2005,0.0,205.0,18.45
2005-06-30,233.52999999999997,8.34,0.04047032474804031,0.0,29.07,12.969999999999999,20.709999999999994,,0.0,220.55,10.060000000000002,7.53,289.4,81.72,385.3,288.34,800.82,128.27,157.06,2.17,343.24,0.0,343.24,210.0,457.58,18.92,-8.380000000000003,-26.160000000000004,7.739999999999999,0.0,0.0,0.75,0.13,0.0,0.0,4.1715565509518475,7.2099440089585665,7.284658454647256,9.451377379619261,10.746427771556553,5.37,5.3,1.12,0.88,6,2005,0.0,206.07692307692307,26.79
2005-09-30,333.38000000000005,19.990000000000002,0.09401026079521163,0.0,41.260000000000005,27.299999999999997,35.040000000000006,,0.0,306.1,23.82,16.16,392.16,48.22,466.56,351.21,951.15,108.52,210.64,2.02,471.29,2.29,473.58,210.0,477.57,35.54,-5.960000000000001,-20.949999999999996,7.74,0.0,0.0,0.99,0.22,0.0,0.0,8.409645147498932,13.776776400171014,16.75091919623771,17.058589140658402,23.776049593843528,5.65,5.58,0.99,0.89,9,2005,0.0,212.63636363636365,46.78
2005-12-31,259.90999999999985,20.480000000000004,0.09743681236990784,0.18000000000000002,51.989999999999995,29.92,40.08,4.04,0.0,229.9699999999999,26.029999999999994,17.98,395.58,49.48,475.53,355.82,945.68,106.9,189.4,23.66,403.67,43.96,447.63,210.0,498.05,-3.8200000000000003,-26.009999999999998,31.659999999999997,10.160000000000004,10.369797363281249,1.7,0.9,0.32,0.18,0.56,8.659696699375559,14.371929824561406,16.442462087421948,16.95400535236396,21.72840915848945,6.2,6.12,1.18,1.06,12,2005,37.83375,210.1875,67.26
2006-03-31,405.96,31.79,0.15,0.0,64.21,47.0,57.06,3.68,0.0,358.96,42.8,29.94,481.48,57.94,588.8,376.54,1082.75,109.09,307.18,23.15,549.96,34.46,584.41,210.0,498.34,44.17,-26.12,-6.09,10.06,6.1325,1.55,1.17,0.15,0.0,0.0,11.76,19.88,25.52,26.84,35.28,7.91,7.83,1.07,0.97,3,2006,0.0,211.93333333333334,31.79
2006-06-30,439.62000000000006,28.42,0.13688423849858827,0.15,60.16000000000001,40.620000000000005,52.14,3.18,0.0,399.00000000000006,39.760000000000005,41.72,481.29,82.72,616.7,385.16,1133.63,86.97,405.51,23.28,575.37,31.5,606.87,210.0,526.76,119.7,-22.74,-85.17999999999999,11.519999999999998,5.810201442646024,1.27,1.15,0.29,0.15,0.52,10.02559043348281,17.105809666168412,21.58050822122571,23.090954990865306,29.64251785417705,7.16,7.12,1.07,0.93,6,2006,31.143103448275866,207.62068965517244,60.21
2006-09-30,838.6999999999999,72.0,0.3430905377808033,0.1215985540245534,119.88,99.94,112.54,4.02,0.0,738.76,97.0,132.89,723.0,74.78,941.61,409.06,1493.17,149.51,629.93,27.1,887.63,31.98,919.61,210.0,573.56,82.82999999999998,-33.709999999999994,42.05,12.600000000000001,2.92881875,1.47,1.6,0.63,0.27,0.43,19.278420694349897,33.43771272974812,50.21102791014295,54.8073519400953,67.46358066712048,7.89,7.85,1.06,0.98,9,2006,25.518325123152707,209.85714285714286,132.21
2006-12-31,629.6200000000001,30.44999999999999,0.14414422722242712,0.0017760973810401915,75.27999999999997,43.80000000000001,55.839999999999975,7.35,0.0,585.8199999999999,41.02000000000001,57.84,770.4,116.25,955.73,425.8,1538.93,146.28,581.87,33.36,897.02,30.32,927.33,211.52,611.6,-108.13999999999999,-22.950000000000003,56.04,12.04,12.753719211822665,2.54,1.52,0.77,0.27,0.35,7.914828476576906,13.942677978605676,19.918111398008108,21.954850608631496,26.986794540759856,7.06,7.03,1.07,0.94,12,2006,0.375194805194802,211.24675324675323,162.66
2007-03-31,712.33,60.44,0.29,0.0,105.6,84.18,97.82,7.8,0.0,628.16,81.74,102.59,765.7,112.71,994.34,432.66,1602.89,93.45,588.01,32.59,905.15,25.7,930.85,211.52,672.04,85.79,-40.81,-0.22,13.64,6.725,2.45,1.39,0.29,0.0,0.0,15.08,25.08,35.96,41.32,48.24,8.51,8.48,1.1,0.97,3,2007,0.0,208.41379310344828,60.44
2007-06-30,401.41999999999996,-21.79,-0.10147994825355756,0.24,32.53,-15.720000000000013,-1.3799999999999955,9.0,30.0,417.13,10.27000000000001,5.03,628.16,66.74,717.1,454.51,1376.44,199.47,335.71,36.46,731.19,35.75,766.94,213.52,609.5,-136.49,-27.89,66.81,14.34,-22.17186782927949,3.15,1.26,0.18,0.24,1.33,-6.336858990944373,-12.290349288486418,-14.297397153945665,-15.334747736093144,-23.926716688227685,3.49,3.47,0.98,0.89,6,2007,51.53333333333333,214.72222222222223,38.65
2007-09-30,383.79999999999995,-31.619999999999997,-0.13493598862019912,0.020085348506401153,18.110000000000014,-30.049999999999997,-15.310000000000002,8.0,47.14,413.85000000000014,-14.219999999999999,7.72,506.85,64.38,591.26,475.35,1304.02,154.76,302.55,37.5,701.69,24.46,726.15,213.52,577.87,52.61,-31.83,-18.090000000000003,14.739999999999998,-14.822027988614805,2.96,1.26,0.03,0.24,8.0,-9.715391180654338,-49.47652916073968,-21.94958748221906,-21.94958748221906,-114.78554765291607,0.47,0.47,0.84,0.75,9,2007,4.7066666666666706,234.33333333333334,7.03
2007-12-31,364.48,15.7,0.0759788825340959,-0.032168939727232775,47.829999999999984,27.450000000000003,43.35000000000001,5.5,47.14,337.03,28.059999999999988,13.36,569.81,81.39,674.43,504.32,1422.18,201.2,328.91,34.82,800.99,20.09,821.08,215.0,601.1,-19.42,-49.05000000000001,74.12,15.899999999999999,18.097133757961785,1.97,1.37,0.11,0.24,2.18,4.420589529256489,12.29476462824461,10.443642762868455,10.360756709194897,29.28640563132424,1.23,1.22,0.84,0.74,12,2007,-6.647272727272735,206.63636363636363,22.73
2008-03-31,413.33,-3.94,-0.02,0.0,23.64,2.64,19.04,5.8,0.0,410.69,-0.49,28.56,543.16,147.6,742.16,518.89,1518.5,223.82,443.53,33.78,891.82,29.8,921.62,215.0,596.88,54.2,-56.1,17.38,16.4,-72.5,2.09,1.54,-0.02,0.0,0.0,-1.04,0.68,-2.64,-2.48,1.68,-0.96,-0.95,0.83,0.67,3,2008,0.0,197.0,-3.94
2008-06-30,367.37000000000006,-7.4,-0.0326278659611993,0.05,19.700000000000003,-0.7300000000000002,16.39,3.68,0.0,368.10999999999996,-3.45,25.97,583.13,150.25,789.08,509.76,1554.74,261.42,314.56,40.04,938.01,36.63,974.64,215.0,580.1,-107.72,10.340000000000003,93.2,17.120000000000005,-28.196756756756752,1.36,1.68,-0.05,0.05,-1.0,-1.9054673721340387,0.3393298059964727,-5.08994708994709,-4.985537918871252,0.8091710758377425,-1.46,-1.45,0.84,0.68,6,2008,11.34,226.79999999999998,-11.34
2008-09-30,431.6199999999999,4.1,0.01698895027624309,0.003011049723756913,28.549999999999997,11.959999999999999,29.729999999999997,3.0,0.35,419.6500000000001,3.52,82.94,513.36,122.73,747.04,530.6,1517.26,248.45,320.12,30.72,901.95,31.68,933.64,215.0,583.63,165.39000000000001,-51.9,-55.83,17.769999999999996,44.146341463414636,1.11,1.6,-0.03,0.05,-1.67,1.0872928176795578,-2.2198895027624306,2.808839779005525,2.831491712707182,-5.096685082872928,-0.6,-0.6,0.83,0.69,9,2008,0.7266666666666683,241.33333333333334,-7.24
2008-12-31,409.33000000000015,18.85,0.08118001722652886,-0.0019666953775481,52.34,26.17,44.81,2.38,0.35,383.16999999999985,29.14,30.44,581.03,94.05,741.5,514.27,1500.74,257.98,314.79,30.47,872.49,25.41,897.9,215.0,602.84,-41.64,-2.6300000000000097,-8.469999999999999,18.640000000000008,7.329389920424402,0.85,1.49,0.05,0.05,1.0,5.000689061154179,17.794659776055127,12.534194659776057,12.534194659776057,41.369336778639116,0.72,0.72,0.85,0.74,12,2008,-0.4566666666666688,232.2,11.61
2009-03-31,406.56,17.51,0.08,0.0,79.69,38.54,56.7,2.48,12.01,368.02,56.44,35.06,627.37,74.5,779.8,501.04,1506.33,214.43,307.98,32.21,842.74,43.82,886.56,215.0,619.77,12.14,-6.94,0.01,18.16,7.75,0.86,1.43,0.08,0.0,0.0,4.64,10.199999999999998,11.32,11.52,23.24,4.33,4.31,0.93,0.84,3,2009,0.0,218.87500000000003,17.51
2009-06-30,432.55,6.629999999999999,0.030211267605633797,0.0,28.620000000000005,15.310000000000002,33.92999999999999,3.18,12.01,417.24,12.650000000000006,72.95,639.61,74.72,846.51,498.07,1585.03,168.46,356.02,31.51,919.31,39.25,958.56,215.0,626.47,111.58,-18.939999999999998,-54.83,18.62,26.315512820512826,1.09,1.53,0.11,0.0,0.0,1.6698591549295774,3.7681690140845063,4.229577464788732,4.394366197183098,8.887605633802815,2.92,2.88,0.92,0.84,6,2009,0.0,219.45454545454547,24.14
2009-09-30,547.4899999999999,20.060000000000002,0.0953076923076923,0.0,42.53999999999999,30.29,55.56,5.15,17.79,517.2,33.58,42.59,771.34,62.71,920.7,474.41,1681.29,166.46,425.11,29.38,1001.7,32.9,1034.6,215.0,646.69,1.6599999999999966,-11.48,-20.699999999999996,25.269999999999996,13.50677966101695,1.71,1.6,0.21,0.0,0.0,4.774461538461539,9.548923076923078,12.399076923076922,13.052615384615386,22.47446153846154,3.24,3.19,0.92,0.86,9,2009,0.0,210.4761904761905,44.2
2009-12-31,440.32000000000016,7.309999999999995,0.034059405940594034,0.0,7.0800000000000125,11.659999999999997,29.97,4.92,19.5,428.6700000000001,0.28000000000000114,41.2,758.88,73.35,912.46,467.33,1640.12,196.97,417.82,34.24,937.1,49.0,986.1,215.0,654.02,-12.449999999999989,-10.420000000000002,21.47,18.310000000000002,36.11337209302328,1.62,1.51,0.24,0.0,0.0,1.7824422442244212,3.4627062706270606,4.47313531353135,4.6547854785478515,7.737161716171612,2.89,2.82,0.97,0.9,12,2009,0.0,214.625,51.51
2010-03-31,429.27,-21.55,-0.1,0.0,6.63,-15.72,6.24,4.5,0.0,445.0,-9.25,54.5,709.03,85.13,875.75,517.31,1648.74,112.88,452.92,51.86,907.54,109.08,1016.63,215.0,632.11,65.53,-37.32,-14.55,21.96,-11.25,1.53,1.61,-0.1,0.0,0.0,-5.24,-4.0,-13.640000000000002,-13.76,-8.48,-5.03,-5.02,0.96,0.87,3,2010,0.0,215.5,-21.55
2010-06-30,343.28999999999996,-20.389999999999997,-0.09723414401525989,0.05,8.190000000000001,-13.429999999999998,8.9,4.42,0.0,356.71000000000004,-7.030000000000001,69.75,585.3,84.82,758.31,559.99,1605.73,198.07,328.91,55.6,871.91,132.86,1004.78,215.0,600.96,-35.83,-50.9,101.96,22.33,-11.364320745463464,1.58,1.67,-0.2,0.05,-0.25,-5.075622317596566,-3.558769670958512,-13.573886504530282,-13.2821840724845,-7.720391034811636,-5.45,-5.43,0.87,0.77,6,2010,10.485,209.7,-41.94
2010-09-30,343.59000000000015,13.179999999999996,0.05957579972183587,0.002606050069541031,43.28,21.97,45.24,6.3,0.0,321.6199999999999,27.76,42.31,570.44,85.38,725.45,562.46,1569.7,233.98,267.48,51.98,821.07,134.39,955.46,215.0,614.24,-29.39,-20.03,21.909999999999997,23.270000000000003,26.43606980273142,2.21,1.56,-0.13,0.05,-0.38,3.3545757997218346,0.8065646731571624,8.578915159944364,8.358942976356046,1.7597774687065364,-2.59,-2.58,0.88,0.78,9,2010,0.5765384615384619,221.23076923076923,-28.76
2010-12-31,345.73,-30.12,-0.13811820652173915,-0.0007237667224080187,12.57,-20.57,2.519999999999996,5.05,8.92,366.3000000000002,-3.3499999999999996,23.87,535.66,78.43,667.53,559.17,1518.2,248.68,228.12,50.65,803.71,130.23,933.95,215.0,584.25,19.860000000000003,-18.33,-20.099999999999994,23.090000000000003,-9.13891102257636,1.86,1.6,-0.27,0.05,-0.19,-7.939239130434783,-3.601304347826087,-20.625652173913043,-19.45932065217391,-7.939239130434783,-4.05,-4.03,0.83,0.73,12,2010,-0.1578347578347561,218.07407407407408,-58.88
2011-03-31,412.82,7.21,0.03,0.0,42.51,15.43,40.49,4.46,0.0,397.39,13.99,12.88,667.56,86.08,804.04,571.15,1661.84,286.96,305.06,53.48,934.05,157.13,1091.18,215.0,570.66,-33.51,-18.51,40.93,25.06,37.1675,1.68,1.91,0.03,0.0,0.0,1.72,3.7199999999999998,5.04,4.8,8.48,1.75,1.75,0.86,0.77,3,2011,0.0,240.33333333333334,7.21
2011-06-30,379.64000000000004,2.3999999999999995,0.012486992715920913,0.0,35.300000000000004,11.370000000000001,34.43,3.9,0.0,368.27,9.700000000000001,9.3,690.22,91.46,856.64,554.76,1706.04,296.76,304.37,57.27,974.75,158.23,1132.98,215.0,573.06,8.029999999999998,-21.709999999999997,13.149999999999999,23.06,78.08125000000001,1.46,1.98,0.05,0.0,0.0,0.559417273673257,1.6183142559833503,1.6782518210197708,1.6382934443288237,3.656191467221644,1.22,1.21,0.88,0.79,6,2011,0.0,192.2,9.61
2011-09-30,467.6199999999999,2.34,0.011748953974895397,0.0,43.64,12.830000000000002,35.53999999999999,2.66,0.0,454.7900000000001,10.940000000000001,12.88,682.76,94.51,839.68,536.24,1681.78,300.76,347.13,57.87,962.82,144.19,1107.01,215.0,574.77,42.46,-16.620000000000005,-25.22,22.71,56.59652777777777,1.0,1.93,0.06,0.0,0.0,0.5561171548117154,1.9111631799163178,1.6291882845188286,1.5743598326359831,4.3157824267782425,0.95,0.95,0.87,0.77,9,2011,0.0,199.16666666666666,11.95
2011-12-31,316.52,-70.62,-0.32499403442986197,0.0,-33.7,-60.620000000000005,-38.67999999999999,3.08,0.0,377.1399999999999,-62.06,12.4,590.43,79.08,694.38,515.26,1540.43,311.4,304.23,58.44,900.37,130.1,1030.48,215.0,504.15,-7.76,5.950000000000003,1.3399999999999999,21.939999999999998,-2.369812730104786,1.31,2.04,-0.27,0.0,0.0,-18.34410772115221,-6.596175217317199,-56.043415715016195,-51.90275098005795,-15.79230271007329,-3.74,-3.72,0.77,0.68,12,2011,0.0,217.29629629629628,-58.67
2012-03-31,470.27,37.65,0.19,0.0,72.34,51.76,75.11,3.22,0.0,418.51,49.03,33.73,606.08,76.31,742.91,503.2,1576.36,276.22,358.57,59.12,909.79,115.82,1025.61,215.0,541.8,112.77,-16.79,-74.65,23.35,4.2375,1.28,1.89,0.19,0.0,0.0,9.56,12.8,27.8,27.08,31.08,8.05,8.01,0.82,0.73,3,2012,0.0,198.15789473684208,37.65
2012-06-30,343.15,20.450000000000003,0.0950344234079174,0.0,50.25999999999999,34.059999999999995,52.55,3.34,0.0,309.09000000000003,31.590000000000003,51.25,625.04,77.97,767.72,522.28,1627.87,315.99,311.37,73.35,929.33,124.43,1053.76,215.0,562.25,-40.8,-6.960000000000001,65.28,18.490000000000002,8.786026894865525,1.28,1.87,0.27,0.0,0.0,5.026265060240964,7.250774526678142,14.543786574870913,14.417074010327026,17.30330464716007,7.19,7.14,0.83,0.74,6,2012,0.0,215.1851851851852,58.1
2012-09-30,339.09000000000003,34.27,0.15953339828948793,0.0,57.55000000000001,45.05000000000001,71.22999999999999,5.35,0.0,294.04999999999995,34.459999999999994,11.39,601.81,73.13,707.07,523.28,1573.77,344.95,244.56,75.1,853.01,111.71,964.72,215.0,596.52,-25.869999999999997,-41.129999999999995,27.130000000000003,26.179999999999993,8.382570761599064,1.93,1.62,0.43,0.0,0.0,8.71126556241204,11.9316141604417,22.972809353686262,23.40317852116488,26.950014073833497,8.13,8.01,0.83,0.74,9,2012,0.0,214.8139534883721,92.37
2012-12-31,389.31999999999994,45.859999999999985,0.2123301743471026,0.0,85.32000000000002,64.32,85.98000000000002,5.85,0.0,325.0000000000001,61.33999999999999,16.97,563.95,77.94,666.06,512.01,1543.33,255.09,273.61,75.74,789.23,98.5,887.73,215.0,642.38,124.82,-18.930000000000007,-100.29,21.66000000000001,6.8873866114260816,1.96,1.38,0.64,0.0,0.0,11.890489763437747,16.800625045214495,28.5584084496853,31.99550314692902,34.34440570064385,9.08,8.97,0.84,0.75,12,2012,0.0,215.98437499999997,138.23
2013-03-31,338.51,45.24,0.21,0.0,65.67,60.98,84.22,9.95,0.0,277.53,42.22,20.58,590.17,69.62,685.09,503.36,1512.77,202.09,247.76,73.91,702.08,99.96,802.04,215.0,697.49,63.0,4.92,-64.31,23.24,11.845000000000002,3.07,1.15,0.21,0.0,0.0,11.96,15.8,25.959999999999997,29.199999999999996,30.08,14.15,13.36,0.98,0.88,3,2013,0.0,215.42857142857144,45.24
2013-06-30,300.73,33.21,0.12276481835564054,0.03,68.83999999999999,50.36000000000001,73.1,5.25,0.0,250.37,47.650000000000006,6.28,569.41,71.93,651.03,496.85,1445.78,141.76,190.24,65.18,609.7,97.5,707.2,268.73,724.73,51.05,-23.15,-42.2,22.74,10.689137308039747,1.95,0.98,0.29,0.03,0.1,9.194661567877628,12.259548757170172,18.321590822179733,20.64142256214149,22.554860420650094,12.7,12.27,1.07,0.95,6,2013,8.11551724137931,270.51724137931035,78.45
2013-09-30,371.04999999999995,37.14,0.1381624708019725,0.09980991077261785,65.97,51.84,73.78,5.05,0.0,319.21000000000004,50.06,31.26,577.29,75.34,687.17,504.47,1479.0,94.8,247.58,55.23,641.28,88.69,729.97,268.73,735.01,132.76,-14.77,-93.01,21.940000000000005,9.134535541195477,1.85,0.99,0.43,0.13,0.3,10.050516480664418,13.73913314300545,20.216703867116536,22.311632494160392,25.036324941603947,11.71,11.44,1.07,0.95,9,2013,26.83029671210906,268.8139534883721,115.59
2013-12-31,328.01,22.629999999999995,0.08349949356098972,0.0010579864254155183,48.880000000000024,33.43000000000001,55.91999999999999,4.52,0.0,294.58000000000004,25.689999999999998,18.67,562.02,72.18,655.42,529.58,1484.91,82.66,221.77,49.5,625.96,84.31,710.27,268.73,760.37,31.54000000000002,-24.07,-20.129999999999995,22.489999999999995,13.528824569155988,1.6,0.93,0.51,0.13,0.25,6.097100274924033,8.507124873390245,11.906045434814063,12.908039357545938,14.990614961655329,10.57,10.33,1.05,0.93,12,2013,0.2867350661194763,271.01960784313724,138.22
2014-03-31,330.29,24.05,0.09,0.0,54.01,34.93,59.24,4.52,0.0,295.37,25.78,36.46,550.41,79.78,670.38,534.63,1513.39,67.82,213.06,57.43,604.08,110.66,714.74,268.73,784.4,85.7,-51.32,-16.57,24.31,12.555,1.55,0.91,0.09,0.0,0.0,6.36,9.24,12.279999999999998,13.000000000000002,15.36,7.49,7.28,1.11,0.98,3,2014,0.0,267.22222222222223,24.05
2014-06-30,531.47,59.760000000000005,0.20678200692041523,0.1,103.15,83.69999999999999,107.72,5.2,0.0,447.75,71.27,27.81,759.14,100.1,892.28,517.17,1725.75,67.07,390.64,54.72,796.0,98.6,894.59,291.11,817.05,49.82000000000001,-8.170000000000002,-50.04,24.02,6.286451221552878,1.85,1.09,0.29,0.1,0.34,13.86152487769956,21.33419878296146,29.263219186254624,31.003040209998804,36.393633217993084,9.98,9.73,1.12,1.0,6,2014,28.900000000000002,289.0,83.81
2014-09-30,595.51,93.41,0.32152183726441713,0.1405247714704886,137.77,120.25,145.23999999999998,6.4,0.0,475.2800000000001,107.60000000000001,36.82,767.78,89.85,897.41,516.43,1759.13,33.95,434.42,52.42,788.58,86.73,875.3,291.11,870.42,111.85999999999999,-13.800000000000004,-89.75000000000001,24.989999999999995,4.975478535488706,2.14,1.01,0.61,0.24,0.39,21.23098295903397,31.09801376819772,42.925800699695294,46.552145356054616,51.88624534476921,12.45,12.16,1.14,1.02,9,2014,40.82590163934425,290.5245901639344,177.22
2014-12-31,446.01,33.25,0.1137454269016962,0.00147361058427393,94.06,44.54000000000002,68.19999999999999,8.5,0.0,401.4699999999998,62.59,26.83,644.47,99.24,880.89,516.29,1725.06,44.25,388.62,40.62,723.29,84.79,808.08,291.11,903.45,118.91000000000003,-116.7,-11.969999999999999,23.66000000000001,18.6891030075188,2.74,0.89,0.72,0.24,0.33,7.709412267781631,11.159690217133083,14.72371359338623,15.987551670071745,17.876989594716584,11.15,11.06,1.22,1.08,12,2014,0.4307650273224084,292.31944444444446,210.47
2015-03-31,484.69,27.64,0.09,0.0,66.6,38.99,63.82,10.0,0.0,445.7,35.05,82.36,580.16,91.8,863.73,524.36,1749.78,64.88,427.3,34.17,727.08,78.43,805.51,291.11,930.62,96.29,-47.25,7.34,24.83,27.777499999999996,3.13,0.87,0.09,0.0,0.0,6.32,9.56,11.88,12.88,15.24,5.75,5.7,1.19,1.06,3,2015,0.0,307.11111111111114,27.64
2015-06-30,440.00000000000006,49.269999999999996,0.16015472630347158,0.15,86.35,63.10999999999999,86.95000000000002,11.5,0.0,376.89000000000004,55.769999999999996,60.57,560.09,88.59,818.75,516.2,1702.48,39.72,386.52,34.89,659.4,93.27,752.67,305.67,936.27,34.17999999999999,26.92,-82.95,23.840000000000003,17.951390298355996,3.75,0.8,0.25,0.15,0.6,11.582389806267065,15.27235470029905,21.03792484722403,22.47291119490313,25.08663632817579,8.42,8.32,1.24,1.11,6,2015,46.145999999999994,307.64,76.91
2015-09-30,484.53999999999996,49.45,0.16045030072807853,0.10027018043684711,93.66000000000003,67.02000000000001,91.6,10.1,0.0,417.51999999999987,61.920000000000016,61.71,561.08,89.39,950.81,534.96,1846.25,0.0,439.65,32.15,639.93,238.23,878.16,305.67,954.31,134.6,-178.29000000000002,45.68,24.58,15.734311425682506,3.24,0.92,0.41,0.25,0.61,10.707122507122508,14.683159227603676,20.725482747704973,21.68035770813549,21.946470402025955,9.07,8.97,1.49,1.35,9,2015,30.902780487804883,308.1951219512195,126.36
2015-12-31,472.4200000000001,26.88000000000001,0.08770555990602978,-0.0013990488377867128,62.629999999999995,39.03999999999999,60.90999999999997,9.6,0.0,433.3900000000001,30.319999999999993,44.99,576.86,73.33,832.73,594.5,1807.44,4.98,423.92,29.73,582.19,232.07,814.26,305.67,981.02,33.99000000000001,13.539999999999992,-64.08000000000001,21.870000000000005,27.364285714285707,2.99,0.83,0.5,0.25,0.5,5.949945184025061,8.27238841033673,10.959686765857482,11.408739232576355,11.920939702427567,8.26,8.14,1.43,1.3,12,2015,-0.42878048780487177,306.48,153.24
2016-03-31,511.71,53.71,0.18,0.0,102.05,71.05,97.73,9.3,0.0,440.66,69.0,85.04,569.47,88.86,876.74,659.51,1914.7,7.95,517.52,27.27,641.73,227.87,869.6,305.67,1033.22,87.15,-21.38,-25.95,26.68,12.9175,2.75,0.84,0.18,0.0,0.0,11.24,15.519999999999998,20.8,21.88,22.32,10.54,10.5,1.37,1.23,3,2016,0.0,298.3888888888889,53.71
2016-06-30,470.69,35.580000000000005,0.11555829320192632,0.15,84.96,46.33,70.14999999999999,10.9,0.0,424.35999999999996,42.94,22.94,658.63,93.96,884.76,715.84,1977.73,80.86,549.64,25.91,721.22,221.77,942.99,305.67,1022.95,-35.21000000000001,-42.75,15.799999999999999,23.82,23.583551854974708,3.26,0.92,0.29,0.15,0.52,7.188522790906037,10.169129801769516,13.91481240900437,14.520497256131707,14.88709597939299,9.14,9.09,1.23,1.1,6,2016,46.184482758620696,307.89655172413796,89.29
2016-09-30,410.55000000000007,12.669999999999987,0.04100725774813649,0.11052099538696715,42.610000000000014,16.860000000000014,44.58000000000001,9.95,0.0,393.69000000000005,13.350000000000009,110.59,584.02,89.89,785.48,752.42,1942.25,150.56,469.14,25.79,711.82,215.76,927.57,305.67,1001.77,45.75,13.019999999999996,29.39,27.72,60.65694554064725,3.04,0.93,0.33,0.26,0.79,2.6095527657905038,3.5241388779913656,5.060047077285205,5.179340918007057,5.422899176147504,7.37,7.32,1.1,0.98,9,2016,34.14763845350051,308.96969696969694,101.96
2016-12-31,485.14999999999986,54.11,0.17681873518293076,-0.0025064510679939614,95.69999999999999,68.66,97.52000000000001,11.4,0.0,416.49,62.989999999999995,39.44,611.59,77.27,737.59,741.05,1884.21,16.03,413.44,54.82,545.12,270.82,815.95,305.67,1055.49,40.80000000000001,-64.2,-47.42,28.86,16.116080669007577,3.3,0.77,0.51,0.26,0.51,11.482816684820913,15.241081565963993,20.510973281219965,21.259852630230025,21.010226180560004,8.38,8.31,1.35,1.21,12,2016,-0.7670231729055246,306.01960784313724,156.07
2017-03-31,552.58,60.68,0.2,0.0,89.73,70.73,100.47,12.0,0.0,481.85,58.48,57.29,717.75,74.66,854.96,755.38,2010.05,5.71,505.74,53.78,624.47,256.45,880.92,305.67,1115.94,81.97,-39.55,-24.33,29.74,15.0,3.29,0.79,0.2,0.0,0.0,12.08,14.4,21.76,22.6,20.4,11.23,10.98,1.37,1.25,3,2017,0.0,303.4,60.68
2017-06-30,356.77,38.13999999999999,0.12350536328678403,0.15,66.35000000000001,51.64,79.46000000000001,15.0,0.0,305.12,32.98,102.3,595.28,62.11,766.12,740.56,1904.29,43.75,363.48,55.86,517.91,265.65,783.56,305.67,1108.06,41.92,-0.23000000000000398,3.4899999999999984,27.820000000000004,30.366292606187734,4.14,0.71,0.32,0.15,0.47,8.012410443230115,9.726047358834244,13.77084800647642,14.3111839708561,13.631904472778789,11.25,10.87,1.48,1.36,6,2017,46.321875,308.8125,98.82
2017-09-30,420.76999999999987,45.120000000000005,0.14732805335556484,0.148747525010421,70.05999999999997,62.650000000000006,90.90999999999997,16.7,0.0,358.1299999999999,38.250000000000014,78.74,569.48,86.93,789.86,801.26,2003.15,79.16,387.88,202.87,772.41,110.9,883.31,305.67,1107.2,112.46,-110.47,-25.27,28.25999999999999,28.336592420212767,4.61,0.8,0.47,0.3,0.64,9.01522300958733,11.76116715298041,16.300125052105045,17.1151313047103,18.84545227177991,11.29,10.82,1.02,0.91,9,2017,45.55472074468084,306.25531914893617,143.94
