,revenue,net_profit,eps,dps,gross_profit,ebit,ebitda,close_price,expense,operating_profit,cash,account_receivable,inventory,current_asset,property_plant_equipment,total_asset,short_term_loan,account_payable,current_portion_long_term_debt,current_liability,non_current_liability,total_liability,paid_in_capital,total_equity,cash_flow_operation,cash_flow_investment,cash_flow_financing,depreciation,P/E,P/BV,D/E,EPS,DPS,DPR%,ROA%,ROAA%,ROE%,ROAE%,ROCE%,NPM%,NPMA%,TIE,CurrentRatio,QuickRatio,month,year,dividend,number_of_shares,return_old
2000-03-31,1010.45,37.16,1.38,0.0,336.07,37.49,54.3,2.9,972.96,-103.61,103.1,2657.86,859.11,4087.17,700.92,4867.99,209.81,169.35,870.05,1467.3,1384.25,2851.55,270.0,2016.45,-86.22,-7.09,460.96,16.81,0.525,0.39,1.41,1.38,0.0,0.0,3.04,0.0,7.36,0.0,4.4,4.27,3.68,0.0,2.79,2.2,3,2000,0.0,26.92753623188406,37.16
2000-06-30,1007.97,35.22,1.3040840011052777,0.0,325.17,36.279999999999994,50.99000000000001,2.08,971.69,-106.10000000000001,53.18,2662.75,763.23,3505.09,700.03,4282.31,181.38,123.37,493.22,1031.74,1198.9,2230.64,270.0,2051.67,111.27,-9.830000000000002,-591.3,14.71,0.3956033503691085,0.27,1.09,2.68,0.0,0.0,3.2894059132357003,0.0,6.870770931196462,0.0,4.418314451505942,4.17,3.59,0.0,3.4,2.66,6,2000,0.0,27.007462686567163,72.38
2000-09-30,888.1399999999999,28.42,1.0516527777777778,1.0,299.58000000000004,28.900000000000006,44.019999999999996,2.1,859.2399999999998,-109.67999999999998,72.74,2549.87,753.24,3515.84,696.81,4288.36,39.61,123.7,583.64,1010.14,1225.14,2235.27,270.0,2053.08,186.26,-9.489999999999998,-47.22,15.120000000000001,0.496551724137931,0.28,1.09,3.73,1.0,0.27,2.650277777777778,0.0,5.53738888888889,0.0,3.5299444444444448,4.06,3.47,0.0,3.48,2.73,9,2000,27.024128686327078,27.024128686327078,100.8
2000-12-31,926.7600000000002,32.61999999999999,1.2077859391395591,-0.000593582000118316,295.09000000000003,200.82999999999998,216.62,2.13,725.94,56.68000000000001,124.39,2482.52,716.12,3423.22,689.35,4186.66,149.91,115.84,589.26,1136.79,965.04,2101.84,270.0,2084.82,176.71999999999997,-5.419999999999998,-149.64,15.79,0.43968884120171686,0.28,1.01,4.94,1.0,0.2,3.1197061909758648,0.0,6.258971668415529,0.0,9.730745015739767,4.08,3.48,0.0,3.01,2.38,12,2000,-0.016031520335179295,27.0080971659919,133.42
2001-03-31,987.6,61.8,2.29,1.9,481.66,91.52,107.82,2.35,896.08,91.12,38.9,2444.16,777.0,3360.23,684.03,4115.19,26.42,197.43,594.99,1119.9,849.14,1969.04,270.0,2146.14,157.52,-47.96,-235.15,16.3,0.2575,0.3,0.92,2.29,1.9,0.83,6.0,8.16,11.52,11.88,12.24,6.26,6.26,0.0,3.0,2.31,3,2001,51.27510917030567,26.986899563318776,61.8
2001-06-30,1060.69,50.150000000000006,1.8590665475658779,-0.0007744801855161148,463.8999999999999,43.530000000000015,58.34,3.95,1017.16,80.69999999999999,52.22,2490.77,698.67,3298.52,678.22,4044.58,128.76,130.66,695.18,1233.2,666.38,1899.59,270.0,2145.0,5.639999999999986,34.08,-26.400000000000006,14.809999999999999,0.5301719840478564,0.5,0.89,4.15,1.9,0.46,4.9634836980795,5.805663242518983,9.353568557391693,9.568593121929434,8.600982581509603,5.5,5.47,0.0,2.67,2.11,6,2001,-0.020892302835790133,26.97590361445783,111.95
2001-09-30,884.4099999999999,21.999999999999986,0.8146323254945871,1.2021208237204137,32.49000000000001,98.94,113.34,3.2,785.47,-348.99,149.45,2363.94,698.66,3264.25,675.95,4005.35,129.4,115.89,589.65,1089.38,781.38,1870.76,270.0,2134.59,127.91,-8.76,-21.909999999999968,14.399999999999999,0.9894034090909096,0.4,0.88,4.96,3.1,0.63,2.194251586412839,3.705263157894734,4.125718551698393,4.204553938036579,5.268831653602088,5.31,4.57,0.0,3.0,2.36,9,2001,32.46453313253012,27.006048387096772,133.95
2001-12-31,927.8800000000001,33.79000000000002,1.2509592226064155,0.0005995141290094463,290.60000000000014,67.78999999999996,81.88,4.15,860.0799999999999,-71.60000000000002,57.53,2348.33,711.64,3229.7,703.04,3995.89,38.44,270.87,513.92,1082.43,717.84,1800.27,270.0,2195.62,216.35000000000002,-12.11,-236.18,14.090000000000003,0.8315019236460488,0.51,0.82,6.21,3.1,0.5,3.384237510432815,5.946588768331946,6.156089185644452,6.31724335280792,8.347785859067608,5.07,4.34,0.0,2.98,2.33,12,2001,0.01619363929147255,27.011272141706925,167.74
2002-03-31,1034.55,44.28,1.64,0.0,449.5,84.46,100.02,4.6,950.09,78.3,51.74,2392.0,757.46,3262.08,704.84,4026.29,52.62,341.56,520.04,1188.05,598.33,1786.38,270.0,2239.9,62.22,-13.28,-104.73,15.56,0.7,0.55,0.8,1.64,0.0,0.0,4.4,8.28,7.92,8.08,11.92,4.31,4.28,0.0,2.75,2.11,3,2002,0.0,27.000000000000004,44.28
2002-06-30,1046.57,50.45,1.869307505542067,2.35,466.40999999999997,86.89,99.77,5.45,959.67,84.16000000000001,52.32,2448.58,799.99,3356.0,717.5,4130.15,226.64,298.97,491.38,1290.45,612.8,1903.25,270.0,2226.9,-76.85,-22.53,89.96000000000001,12.88,0.7276090188305253,0.66,0.85,3.51,2.35,0.67,4.8783067665998106,8.925810197403147,9.053626095217988,9.224047292304444,12.84549773039164,4.57,4.55,0.0,2.6,1.98,6,2002,63.42321937321938,26.98860398860399,94.73
2002-09-30,886.3000000000002,22.200000000000003,0.8220815872744378,1.4013936552977,408.4599999999999,38.870000000000005,53.16,5.35,847.4300000000001,36.400000000000006,33.66,2339.37,657.7,3081.97,712.26,3848.9,60.38,178.39,478.04,939.97,697.62,1637.6,270.0,2211.3,116.19999999999999,-5.669999999999995,-129.17999999999998,14.289999999999996,1.632806306306306,0.65,0.74,4.33,3.75,0.87,2.3086633028307535,4.062943641494911,4.017377918412726,4.085726503036004,5.490669631403404,3.96,3.94,0.0,3.28,2.58,9,2002,37.844101642946896,27.00461893764434,116.93
2002-12-31,1056.85,80.06,2.9668409563937255,-0.0027358922687128278,366.5100000000002,119.26000000000002,134.65000000000003,5.2,937.5900000000001,8.72999999999999,48.83,2347.01,499.57,2950.43,553.96,3558.74,131.89,211.46,322.47,884.6,520.48,1405.08,270.0,2153.66,191.26,97.9,-271.61,15.39,0.4367440044966275,0.65,0.65,7.3,3.75,0.51,9.006191177217119,14.175809939590843,14.874846438905529,14.728536473932687,20.02820853850449,5.05,4.9,0.0,3.34,2.77,12,2002,-0.07382786548133424,26.984931506849318,196.99
2003-03-31,1213.13,73.28,2.71,0.0,515.15,118.55,133.46,4.03,1094.58,106.22,31.28,2640.61,484.37,3170.74,561.19,3784.3,211.45,362.14,306.05,1134.87,422.48,1557.35,270.0,2226.95,-0.37,-20.12,-39.46,14.91,0.3725,0.49,0.7,2.71,0.0,0.0,7.76,12.16,13.16,13.119999999999997,17.88,6.1,6.04,0.0,2.79,2.37,3,2003,0.0,27.04059040590406,73.28
2003-06-30,1132.4699999999998,51.400000000000006,1.9046198267564967,2.6999999999999997,479.36,74.48,90.38999999999999,6.15,1058.0,73.36000000000001,79.88,2782.08,527.09,3404.84,553.95,4011.68,476.3,258.48,356.05,1331.76,474.48,1806.23,270.0,2205.45,-202.96,-9.23,260.8,15.91,0.8065389105058366,0.75,0.82,4.62,2.7,0.58,5.128456849534809,7.816361886429259,9.316971446904075,9.28399101700353,11.872954764196344,5.35,5.32,0.0,2.56,2.16,6,2003,72.86493506493507,26.98701298701299,124.68
2003-09-30,1111.06,50.359999999999985,1.8643327239488114,1.6025321113986555,469.0999999999999,89.91,104.73999999999998,8.85,1021.1500000000001,86.09,114.01,3019.98,441.78,3593.71,542.07,4186.58,559.62,188.26,383.37,1361.15,614.23,1975.37,270.0,2211.21,-170.94999999999996,0.860000000000003,204.22,14.829999999999998,1.190452740270056,1.08,0.89,6.48,4.3,0.66,4.810438756855574,8.1017915904936,9.1145155393053,9.1145155393053,11.519734917733086,5.09,5.06,0.0,2.64,2.32,9,2003,43.288151354818,27.01234567901234,175.04
2003-12-31,1119.3500000000004,65.04000000000002,2.408387204265246,-0.0010702193918896094,493.72,88.20999999999998,103.10000000000002,7.2,1031.1299999999997,78.49000000000001,127.52,3243.43,407.84,3787.21,543.74,4387.29,510.21,218.23,383.64,1363.53,747.52,2111.04,270.0,2276.25,-40.57000000000005,-22.030000000000005,76.11000000000001,14.89,0.747481549815498,0.85,0.93,8.89,4.3,0.48,5.9275041652782425,10.121186271242921,11.432389203598804,11.746644451849386,13.296247917360883,5.28,5.25,0.0,2.78,2.48,12,2003,-0.02890194281269487,27.00562429696288,240.08
2004-03-31,1102.63,77.87,2.88,3.3999999999999995,479.68,119.07,134.5,7.05,983.56,96.6,119.58,3456.4,599.31,4200.69,529.29,4785.05,789.75,302.06,350.31,1744.25,691.19,2435.44,270.0,2349.61,-192.6,-5.21,189.88,15.43,0.6125,0.81,1.04,2.88,3.4,1.18,6.519999999999999,11.12,13.24,13.6,15.68,7.21,7.06,0.0,2.41,2.06,3,2004,91.92986111111111,27.038194444444446,77.87
2004-06-30,1050.4299999999998,51.0,0.18995887328315356,3.057590336514834,506.48999999999995,96.16,111.72,6.8,954.27,116.41,115.99,3612.61,549.7,4314.17,472.56,4839.6,486.33,211.86,600.34,1560.54,1002.0,2562.54,270.0,2277.06,-207.83,38.38,165.86,15.559999999999999,8.951411274509804,0.81,1.13,0.48,3.4,7.08,4.2107550244432375,7.693334367967719,8.959726856522076,9.102196011484441,10.384418406145727,5.99,5.99,0.0,2.76,2.41,6,2004,820.8993055555555,268.4791666666667,128.87
2004-09-30,1045.1799999999998,39.859999999999985,0.14646595152018013,0.2058004899346093,489.86,87.83000000000001,103.60999999999999,6.8,957.3499999999999,84.56,151.52,3682.07,477.56,4387.13,474.24,4912.56,404.29,232.36,654.5,1537.83,1101.02,2638.85,270.0,2273.71,23.20999999999998,-15.71,28.019999999999982,15.780000000000005,11.609182764676373,0.81,1.16,0.62,3.56,5.74,3.2411497658981796,6.293311207254192,7.011466840514429,7.105961002785513,8.48557577194334,5.28,5.28,0.0,2.85,2.54,9,2004,56.00760752688166,272.14516129032256,168.73
2004-12-31,1087.4000000000005,15.460000000000008,0.0570758455942234,-0.016790305942846796,426.28999999999996,27.779999999999973,43.629999999999995,6.3,1059.6200000000003,18.889999999999986,153.99,3833.8,704.47,4754.93,475.41,5280.37,517.37,374.83,723.82,1799.67,1191.53,2991.2,270.0,2289.17,-217.38,-35.730000000000004,255.59000000000003,15.849999999999994,27.580844113842158,0.74,1.31,0.68,3.56,5.24,1.171733536022586,2.296463434496988,2.7027091590205785,2.7094239643846048,3.189532547912483,4.31,4.3,0.0,2.64,2.25,12,2004,-4.5479506641366925,270.8676470588235,184.19
2005-03-31,1531.26,41.91,0.15999999999999998,0.19,534.2,76.05,92.51,5.4,1455.22,75.18,181.8,4396.6,817.19,5480.97,472.65,6005.17,905.99,457.22,838.59,2461.76,1212.33,3674.09,270.0,2331.08,-472.0,-16.92,516.73,16.46,8.4375,0.63,1.58,0.16,0.19,1.19,2.8,5.64,7.2,7.160000000000001,8.6,2.74,2.74,0.0,2.23,1.89,3,2005,49.768125,261.9375,41.91
2005-06-30,1568.8100000000002,43.61,0.16318054256314313,0.0037768942937324813,580.79,109.56000000000002,126.40999999999998,4.62,1459.24,108.44999999999999,175.81,4958.54,727.91,5976.94,468.08,6494.14,1508.76,264.65,766.09,2820.31,1350.45,4170.75,270.0,2323.39,-609.74,-10.229999999999997,613.97,16.85,7.079275395551479,0.54,1.8,0.32,0.19,0.59,2.6924789522918617,6.690402245088868,7.506304957904584,7.587895229186156,10.30077174929841,2.76,2.76,0.0,2.12,1.86,6,2005,1.0093750000000057,267.25,85.52
2005-09-30,1083.23,34.67,0.12980697229386803,0.09988538979948415,565.81,87.27999999999997,104.07000000000002,4.16,995.9499999999998,81.75,259.8,4967.18,743.21,6055.56,460.45,6562.71,1281.34,246.72,932.65,2723.34,1508.31,4231.65,270.0,2331.06,26.940000000000055,-7.539999999999999,64.59999999999991,16.79,8.008044418805882,0.48,1.82,0.45,0.29,0.64,2.1115267493135867,5.492277227722773,5.953813129212081,6.023043514435477,8.20380064897246,2.88,2.87,0.0,2.22,1.95,9,2005,26.67827777777778,267.0888888888889,120.19
2005-12-31,732.2600000000002,-32.230000000000004,-0.12091746248294682,-0.0005912536001213445,389.0899999999999,-20.939999999999998,-3.230000000000018,4.1,753.1999999999998,-33.099999999999994,209.49,4706.07,754.32,5743.03,451.33,6240.1,1392.88,147.61,906.84,2637.78,1303.79,3941.57,270.0,2298.53,190.04999999999995,-6.840000000000003,-233.51999999999998,17.71,-8.473962147067947,0.48,1.71,0.33,0.29,0.88,-2.0665893587994546,-6.404961346066395,-5.613501591632562,-5.613501591632562,-10.245006821282404,1.8,1.79,0.0,2.18,1.89,12,2005,-0.15759595959598016,266.5454545454545,87.96
2006-03-31,1188.15,-162.31,-0.5999999999999999,0.0,208.54,-124.47,-108.4,4.04,1312.62,-210.4,140.16,0.0,906.65,5316.9,445.91,5806.4,891.65,187.77,927.61,2207.65,1462.53,3670.18,270.0,2136.22,305.49,-9.29,-365.54,16.07,-1.6825,0.51,1.72,-0.6,0.0,0.0,-11.199999999999998,-8.44,-30.4,-29.08,-13.84,-19.14,-13.66,0.0,2.41,2.0,3,2006,0.0,270.5166666666667,-162.31
2006-06-30,905.1999999999998,-134.29000000000002,-0.4980411328388403,0.0,803.3100000000001,-93.91,-78.51999999999998,3.5,999.1199999999999,326.32,164.84,3850.37,972.19,5066.58,436.02,5544.67,690.56,255.67,981.63,2097.88,1444.86,3542.74,270.0,2001.93,231.47000000000003,-3.9700000000000006,-202.8,15.39,-1.755879067689329,0.47,1.77,-1.1,0.0,0.0,-9.689163857046529,-6.574142953472691,-26.839889413351315,-24.829614295347273,-11.482111935266353,-14.36,-14.17,0.0,2.42,1.95,6,2006,0.0,269.6363636363636,-296.6
2006-09-30,825.5999999999999,-713.15,-2.6414270859123543,0.0,525.34,-672.35,-656.97,2.86,1497.9500000000003,112.24,144.72,3230.97,677.8,4131.43,430.05,4600.66,763.18,201.89,877.5,2028.1,1283.77,3311.87,270.0,1288.79,225.93999999999994,-6.1899999999999995,-239.88,15.380000000000003,-0.2690212437776064,0.6,2.57,-3.74,0.0,0.0,-62.00997276553602,-45.087889081455806,-221.34311463233473,-157.60985788561524,-97.80342857142855,-34.95,-34.59,0.0,2.04,1.7,9,2006,0.0,269.9866310160428,-1009.75
2006-12-31,894.1700000000001,-223.28999999999996,-0.8275768020502172,0.0,300.6099999999999,-185.04999999999995,-170.18000000000006,2.18,1079.2099999999996,-126.81,200.15,2770.29,547.36,3600.59,420.11,4057.52,755.03,174.57,746.79,1830.06,1161.96,2992.03,270.0,1065.5,348.2600000000001,0.46999999999999886,-293.28999999999996,14.869999999999997,-0.6626575305656323,0.55,2.81,-4.57,0.0,0.0,-22.013180756504248,-15.131798157399595,-83.82248361772528,-53.102542983196,-34.98639784597417,-32.67,-32.34,0.0,1.97,1.67,12,2006,0.0,269.8118161925602,-1233.04
2007-03-31,755.32,-196.49,-0.7300000000000001,0.0,335.05,-163.16,-149.08,1.95,918.47,-166.6,141.17,2405.84,425.55,3045.17,489.14,3570.88,614.95,192.64,736.7,1672.04,945.42,2617.46,270.0,953.43,365.82,3.17,-427.97,14.08,-0.6675,0.55,2.75,-0.73,0.0,0.0,-22.0,-13.92,-82.44,-50.879999999999995,-34.36,-26.13,-26.01,0.0,1.82,1.57,3,2007,0.0,269.16438356164383,-196.49
2007-06-30,697.6899999999999,-116.57,-0.43193381460422914,0.0,269.66,-89.28,-75.75999999999999,1.82,786.98,-99.31000000000003,125.58,2149.68,357.9,2715.63,479.9,3229.86,698.39,183.76,551.18,1558.89,836.26,2395.15,270.0,834.72,189.7,0.22999999999999998,-205.51999999999998,13.520000000000001,-1.054096680106374,0.59,2.87,-1.16,0.0,0.0,-14.432547115568898,-8.564204944739028,-55.85351050916757,-32.871652718328754,-22.50524116782725,-21.75,-21.55,0.0,1.74,1.51,6,2007,0.0,269.8793103448276,-313.06
2007-09-30,530.1600000000001,-105.05000000000001,-0.3894369902657196,0.0,219.57999999999993,-79.69,-66.42999999999998,1.67,609.8500000000001,-91.73999999999995,116.74,1866.01,258.96,2333.28,452.44,2817.04,725.95,117.93,373.88,1361.05,729.95,2091.0,270.0,726.04,217.53999999999996,20.67,-247.04999999999995,13.259999999999998,-1.0746282722513087,0.62,2.88,-1.55,0.0,0.0,-14.914180478821363,-9.004788213627995,-57.877874243620106,-41.70744540910287,-22.924019994738227,-21.36,-21.08,0.0,1.71,1.52,9,2007,0.0,269.7483870967742,-418.11
2007-12-31,530.9699999999998,-82.11000000000001,-0.3036733837111671,0.0,-335.27,-60.829999999999984,-48.110000000000014,1.66,591.7999999999997,-446.22,102.26,0.0,230.55,1411.54,420.18,2492.18,653.2,71.96,257.24,1144.2,723.53,1867.73,270.0,624.45,186.5,28.75,-229.73000000000002,12.719999999999999,-1.3707161125319691,0.72,2.99,-1.85,0.0,0.0,-13.177783375314863,-7.879093198992445,-52.599513014273725,-38.870193115029394,-19.13963056255248,-26.68,-19.9,0.0,1.23,1.03,12,2007,0.0,270.3891891891892,-500.22
2008-03-31,599.39,10.46,0.04,0.0,292.78,29.76,41.74,1.9,569.64,25.47,96.86,925.96,249.82,1400.19,414.44,2433.85,607.89,201.5,540.55,1457.2,341.74,1798.94,270.0,634.91,147.77,-3.99,-149.18,11.98,11.875,0.81,2.83,0.04,0.0,0.0,1.72,3.96,6.6,5.28,12.2,1.76,1.75,0.0,0.96,0.79,3,2008,0.0,261.5,10.46
2008-06-30,615.34,12.89,0.049683083511777304,0.0,311.43000000000006,30.37,41.49,2.36,584.9599999999999,15.660000000000004,97.48,925.8,261.88,1418.08,409.76,2395.11,654.0,199.07,482.22,1431.16,315.96,1747.11,270.0,648.0,52.98999999999998,-2.8099999999999996,-49.56999999999999,11.120000000000001,11.874262994569433,0.98,2.7,0.09,0.0,0.0,2.1418929336188435,4.725413276231263,7.949293361884369,6.955631691648822,13.778775160599574,1.95,1.92,0.0,0.99,0.81,6,2008,0.0,259.44444444444446,23.35
2008-09-30,571.48,-38.55,-0.15217105263157893,0.0,261.24,-20.190000000000005,-8.61,1.9,591.6600000000001,-36.31,97.4,588.35,198.27,1011.57,398.59,2268.32,672.02,155.52,423.94,1344.57,320.52,1665.1,270.0,603.22,51.06,7.97,-59.110000000000014,11.579999999999998,-3.1218158236057074,0.85,2.76,-0.06,0.0,0.0,-6.796973684210527,15.927236842105264,-25.564736842105265,-23.23144736842105,43.82526315789474,-0.87,-0.85,0.0,0.75,0.6,9,2008,0.0,253.33333333333334,-15.2
2008-12-31,569.1500000000001,-66.39999999999999,-0.2441176470588235,0.0,215.63999999999987,-46.269999999999996,-34.260000000000005,1.08,615.4300000000001,-109.1,281.19,954.5,222.19,1578.46,284.52,2261.77,742.01,198.03,427.28,1471.06,280.82,1751.88,270.0,509.9,62.50999999999999,107.21,14.080000000000013,12.009999999999998,-1.1060240963855423,0.57,3.44,-0.3,0.0,0.0,-11.750196078431372,-0.8788235294117647,-52.07843137254902,-46.83803921568627,-2.603921568627451,-3.61,-3.46,0.0,1.07,0.92,12,2008,0.0,272.0,-81.6
2009-03-31,492.58,16.67,0.06,0.0,156.37,34.71,44.15,1.04,457.87,-108.29,175.36,0.0,217.17,1443.0,268.57,2068.93,744.7,131.85,77.3,1064.61,488.62,1553.23,270.0,515.71,47.88,15.42,-169.14,9.44,4.3325,0.54,3.01,0.06,0.0,0.0,3.24,6.16,12.92,11.6,13.84,4.9,3.38,0.0,1.36,1.15,3,2009,0.0,277.83333333333337,16.67
2009-06-30,476.18,12.639999999999997,0.04743773456158307,0.0,168.64,29.54,38.050000000000004,1.02,446.64,-89.92999999999999,254.61,0.0,198.18,1479.54,256.57,2048.67,750.16,114.62,77.32,1030.18,491.14,1521.32,270.0,527.35,80.57,8.020000000000001,-9.340000000000003,8.51,5.373886471518988,0.52,2.88,0.11,0.0,0.0,2.4667621972023195,4.985274650290003,9.59104742408734,8.607792562265438,10.884803821221423,4.25,3.03,1.77,1.44,1.24,6,2009,0.0,266.45454545454544,29.31
2009-09-30,451.9200000000001,6.040000000000003,0.022212164073550224,0.0,510.39,26.370000000000005,33.89,1.22,425.54999999999995,264.63,305.61,875.12,197.43,1492.68,252.39,2022.2,798.66,101.68,17.79,1001.92,486.9,1488.82,270.0,533.38,81.89000000000001,-0.38000000000000256,-30.51000000000002,7.52,13.724461920529796,0.62,2.79,0.13,0.0,0.0,1.1960396039603964,2.884164073550213,4.531281471004245,4.251066478076381,6.0690466760961845,2.58,2.49,0.0,1.49,1.29,9,2009,0.0,271.9230769230769,35.35
2009-12-31,454.26,1.1799999999999997,0.004522310429783739,0.0,241.69999999999993,15.469999999999999,23.150000000000006,1.27,438.78999999999996,14.590000000000003,283.63,836.54,200.83,1427.69,248.3,1936.67,8.38,170.04,46.5,290.36,1111.74,1402.1,270.0,534.57,135.49999999999997,0.10000000000000142,-157.57,7.68,70.19641949152545,0.64,2.62,0.14,0.0,0.0,0.24420476320832185,0.6525047905830821,0.882496578154941,0.9031699972625237,0.8321051190802079,2.01,1.95,1.49,4.92,4.23,12,2009,0.0,260.9285714285714,36.53
2010-03-31,546.9,11.1,0.04,0.0,182.8,26.6,33.44,1.92,520.29,-73.58,203.66,0.0,224.05,1359.77,243.67,1924.39,5.38,123.34,57.78,282.2,1096.52,1378.72,270.0,545.67,-50.59,-1.87,-27.52,6.84,12.0,0.95,2.53,0.04,0.0,0.0,2.32,5.32,8.12,8.36,6.48,2.53,2.03,2.05,4.82,4.02,3,2010,0.0,277.5,11.1
2010-06-30,567.84,25.78,0.09786334056399132,0.0,408.58,38.65,45.69,2.76,529.2,144.86,155.76,814.21,234.17,1306.64,246.78,1922.25,4.46,129.39,69.0,280.89,1069.91,1350.8,270.0,571.45,-11.919999999999995,-8.379999999999999,-27.599999999999998,7.040000000000001,7.049115593483322,1.3,2.36,0.14,0.0,0.0,5.368503253796095,9.199154013015184,18.03481561822126,18.76180043383948,11.128459869848156,3.34,3.31,2.32,4.65,3.82,6,2010,0.0,263.42857142857144,36.88
2010-09-30,491.1500000000001,13.93,0.052090139736272384,0.0,-61.25,27.650000000000006,34.96000000000001,3.48,463.5,-301.15999999999997,228.28,0.0,219.06,1339.45,244.65,1954.57,2.51,137.5,79.75,318.39,1050.8,1369.19,270.0,585.38,102.36,-1.9600000000000009,-27.869999999999997,7.3100000000000005,16.705656855707108,1.61,2.34,0.19,0.0,0.0,2.851249753985436,5.121283211966148,9.5187876402283,9.957441448533752,6.228884077937413,4.02,3.16,2.21,4.21,3.52,9,2010,0.0,267.42105263157896,50.81
2010-12-31,572.05,38.56,0.1423833501174891,0.0,609.83,97.16,104.38,3.6,474.8900000000001,347.99,189.31,794.82,234.89,1318.21,310.0,2135.96,2.85,96.84,91.14,276.96,1011.3,1288.26,270.0,847.69,-10.68,-2.9799999999999986,-25.30000000000001,7.219999999999999,6.321490534232366,1.15,1.52,0.33,0.0,0.0,7.214089739286114,16.10226250419604,18.190551639252543,22.31535414568647,17.638276826675618,4.3,4.1,3.38,4.76,3.91,12,2010,0.0,270.8181818181818,89.37
2011-03-31,585.6,25.37,0.09,0.0,293.24,41.42,48.29,4.22,544.18,33.87,212.39,840.77,267.25,1422.53,308.55,2242.11,3.89,193.54,91.14,377.93,991.12,1369.05,270.0,873.06,59.47,-1.51,-34.88,6.87,11.7225,1.31,1.57,0.09,0.0,0.0,4.52,7.96,11.64,14.32,8.88,4.39,4.33,0.0,3.76,3.06,3,2011,0.0,281.8888888888889,25.37
2011-06-30,612.3100000000001,43.3,0.15763797873889615,0.1,333.64,61.89999999999999,67.97,4.08,550.41,57.830000000000005,166.07,871.85,231.97,1370.5,307.47,2207.86,2.36,151.52,91.14,346.39,972.1,1318.49,270.0,889.37,21.89,-1.7300000000000002,-66.49000000000001,6.069999999999999,6.470521939953811,1.24,1.48,0.25,0.1,0.4,7.844065822047473,12.611038299111692,19.47144313382845,23.708752002329984,13.998252512013979,5.79,5.73,3.65,3.96,3.29,6,2011,27.468000000000004,274.68,68.67
2011-09-30,612.3899999999999,31.17,0.1155138221153846,-0.001794471153846148,340.49,48.98000000000002,54.969999999999985,4.42,563.4100000000001,48.43999999999998,164.41,881.26,223.46,1376.23,306.54,2232.89,2.83,158.26,91.14,361.78,950.59,1312.37,270.0,920.53,36.620000000000005,-1.9500000000000002,-36.31999999999999,5.99,9.569201154956689,1.3,1.43,0.37,0.1,0.27,5.582127403846154,9.07876201923077,13.549459134615384,16.5590625,10.165216346153846,5.55,5.52,3.6,3.8,3.19,9,2011,-0.4842162162162147,269.83783783783787,99.84
2011-12-31,587.55,42.620000000000005,0.15856099957882916,-0.0003889190327488984,-186.01,49.41,55.34,5.75,538.1399999999999,-468.9,140.96,0.0,261.62,1399.53,308.03,2229.48,6.14,140.5,91.14,372.72,875.82,1248.54,270.0,980.94,16.309999999999988,-4.31,-35.44999999999999,5.93,9.066699906147347,1.58,1.27,0.53,0.1,0.19,7.646828583462024,11.057385932893444,17.375892180261125,18.64438017689176,12.99601853151762,7.63,5.94,3.46,3.75,3.05,12,2011,-0.10453850076492088,268.79245283018867,142.46
2012-03-31,730.21,55.98,0.21,0.2,389.6,67.9,73.54,9.45,662.31,65.99,148.16,957.1,269.04,1468.42,308.26,2346.01,58.76,190.25,113.93,474.36,834.74,1309.1,270.0,1036.91,-4.56,-4.91,16.67,5.64,11.25,2.46,1.26,0.21,0.2,0.95,9.56,11.84,21.6,23.44,14.52,7.69,7.67,5.16,3.1,2.53,3,2012,53.31428571428572,266.57142857142856,55.98
2012-06-30,765.19,67.80000000000001,0.2519631604459525,0.0018696766151928567,416.75,97.35999999999999,102.96999999999998,10.6,667.8400000000001,93.71,148.07,1020.5,287.19,1556.23,311.35,2470.7,103.31,199.18,150.0,574.16,845.82,1419.98,270.0,1050.72,-16.98,-5.76,22.65,5.61,10.515823008849555,2.72,1.35,0.46,0.2,0.43,10.976829859428019,15.468347067377607,25.809791565681053,27.956955889481343,19.08347067377606,8.31,8.28,6.69,2.71,2.21,6,2012,0.5031055900621126,269.0869565217391,123.78
2012-09-30,727.9699999999998,58.05000000000001,0.21390034647747902,0.0016958028162951844,-54.23000000000002,89.79000000000002,96.18,17.6,638.1699999999998,-368.02,165.55,0.0,258.28,1603.45,312.45,2497.83,50.65,181.3,150.0,537.36,851.7,1389.06,270.0,1108.77,85.62,-5.909999999999998,-62.230000000000004,6.390000000000001,20.571378552971574,4.29,1.25,0.67,0.2,0.3,9.29668371555849,13.766243194192379,20.943078699884506,22.884144530605518,16.613991090579113,10.33,8.18,7.44,2.98,2.5,9,2012,0.46022063595067664,271.3880597014925,181.83
2012-12-31,740.6800000000003,44.389999999999986,0.16482892759260892,-0.001543603703698816,857.9599999999999,79.62,86.44,18.1,661.0600000000002,539.2,193.64,1120.2,196.65,1803.84,361.35,2710.08,15.0,175.63,150.0,660.28,857.07,1517.35,270.0,1192.73,76.82000000000001,-1.860000000000003,-46.870000000000005,6.82,27.455738905158828,4.1,1.27,0.84,0.2,0.24,6.5539121209442115,10.635390327999291,14.889546459199005,16.33376182477234,12.81741136946335,7.67,7.63,7.36,2.73,2.43,12,2012,-0.4157071783937454,269.3095238095238,226.22
2013-03-31,928.02,89.28,0.32999999999999996,0.3,468.27,117.53,124.04,24.3,810.49,112.26,147.2,1231.8,286.85,1956.38,366.8,2957.98,69.11,317.4,150.0,816.46,859.51,1675.97,270.0,1282.01,-83.96,-7.28,44.8,6.51,18.41,5.12,1.31,0.33,0.3,0.91,12.08,17.72,27.84,30.8,21.96,9.68,9.62,12.62,2.4,2.04,3,2013,81.16363636363637,270.54545454545456,89.28
2013-06-30,1069.96,106.60999999999999,0.39729082648425135,-0.0024628850143170113,162.52999999999997,144.92999999999998,151.31,22.9,925.03,-223.65,173.38,14.76,320.1,2143.13,361.64,3232.79,275.42,266.74,150.0,890.74,1034.42,1925.17,270.0,1307.62,-260.49,2.45,284.22999999999996,6.380000000000001,14.410161570209176,4.73,1.47,0.73,0.3,0.41,13.192232375312674,20.027811526877326,32.610501812241566,36.158907550155696,24.40345295829292,12.06,9.8,12.87,2.41,2.05,6,2013,-0.6608966376089853,268.3424657534246,195.89
2013-09-30,838.54,81.32,0.3021521590130226,0.0008844489094613407,255.94000000000005,116.44,122.88999999999999,21.3,722.0999999999999,-89.89,181.67,14.02,324.78,2206.54,362.3,3281.43,308.54,197.29,150.0,859.03,1033.46,1892.49,270.0,1388.94,-3.180000000000007,-5.75,17.210000000000036,6.449999999999999,17.62390186915888,4.14,1.36,1.03,0.3,0.29,9.915284441398217,15.38335846470185,23.421192597669634,26.04962302947224,18.352076764907473,12.29,9.77,10.44,2.57,2.19,9,2013,0.23803697300172644,269.13592233009706,277.21
2013-12-31,802.94,43.360000000000014,0.16095829304052162,0.00027911447782186444,203.03999999999996,60.410000000000025,66.96999999999997,18.4,742.5300000000002,-145.49999999999997,201.63,17.43,326.99,2232.15,360.72,3256.35,224.98,186.63,150.0,786.58,1037.48,1824.05,270.0,1432.3,124.44999999999999,-5.499999999999998,-98.99000000000001,6.559999999999999,28.574793588560876,3.47,1.27,1.19,0.3,0.25,5.323796986617589,7.96946439155255,12.108391926880248,13.212105936300969,9.62503540568363,11.23,8.81,8.49,2.84,2.42,12,2013,0.07518968752550848,269.38655462184875,320.57
2014-03-31,949.79,102.79,0.38,0.45,306.28,138.01,144.67,16.7,811.78,-72.94,211.65,24.64,394.2,2370.78,360.58,3462.5,122.04,279.7,183.36,824.27,1103.15,1927.42,270.0,1535.09,31.21,-3.21,-17.98,6.66,10.9875,2.94,1.26,0.38,0.45,1.18,11.88,17.2,26.8,29.199999999999996,20.92,13.91,10.82,9.18,2.88,2.4,3,2014,121.72500000000001,270.5,102.79
2014-06-30,901.6700000000001,66.87999999999998,0.2483314669652855,-0.0019758943832145328,269.74,93.95000000000002,100.53,20.5,807.71,-116.65,199.89,36.58,297.43,2243.43,360.67,3384.95,286.42,164.29,316.72,982.85,921.63,1904.48,270.0,1480.47,23.159999999999997,-3.4299999999999997,-31.49,6.58,20.637940340909093,3.74,1.29,0.63,0.45,0.71,7.899305711086224,11.052721164613658,18.069070548712205,19.188533034714442,15.230996640537512,11.87,9.16,7.46,2.28,1.98,6,2014,-0.5321428571428726,269.3174603174603,169.67
2014-09-30,847.6100000000001,46.890000000000015,0.17321758404137427,0.0022982743152673134,234.0,73.24999999999997,80.03000000000003,17.8,774.3599999999999,-143.77,231.91,44.98,270.11,2266.41,351.75,3390.63,41.55,265.97,341.74,885.61,977.67,1863.27,270.0,1527.36,204.43,3.1599999999999997,-175.57,6.779999999999999,25.69023245894646,3.15,1.22,0.8,0.45,0.56,5.5343018101219075,7.924704469892873,12.281126708533435,12.861405615072039,10.548950868119693,10.51,8.02,6.77,2.56,2.25,9,2014,0.6221428571428618,270.7,216.56
2014-12-31,741.04,24.870000000000005,0.09167999005923044,0.0009449944083171041,176.97000000000003,45.55000000000001,52.14999999999998,12.7,695.5,-150.47999999999996,289.77,55.47,296.42,2272.19,386.57,3355.65,29.1,211.79,350.08,819.09,958.58,1777.67,270.0,1577.98,104.19,-2.9499999999999997,-43.380000000000024,6.600000000000001,34.63214817048652,2.17,1.13,0.89,0.45,0.51,2.962602824835357,4.371796379903078,6.3042869568819135,6.609200182247443,5.698580955142278,9.27,7.02,5.91,2.77,2.41,12,2014,0.2563483146067398,271.2696629213483,241.43
2015-03-31,868.69,47.99,0.18,0.53,270.16,72.14,78.71,12.4,796.56,-119.36,390.21,38.33,316.8,2366.05,383.64,3466.36,16.68,263.38,350.08,901.8,938.59,1840.39,270.0,1625.97,152.89,-1.48,-50.98,6.57,17.2225,2.06,1.13,0.18,0.53,2.94,5.52,8.32,11.8,12.16,11.24,7.09,5.52,5.33,2.62,2.27,3,2015,141.3038888888889,266.61111111111114,47.99
2015-06-30,987.25,55.449999999999996,0.2037026295436968,0.010902186989773948,317.23999999999995,80.67,86.98,13.8,906.5700000000002,-112.71,241.89,38.68,317.41,2216.74,383.76,3448.85,286.94,238.57,300.08,1089.69,820.84,1910.53,270.0,1538.32,-64.60999999999999,-22.77,-60.93,6.3100000000000005,16.938416591523897,2.42,1.24,0.38,0.53,1.39,6.432714617169373,9.584744779582365,14.409280742459394,14.6880317092034,13.894663573085849,7.03,5.57,5.74,2.03,1.74,6,2015,2.967690058479519,272.2105263157895,103.44
2015-09-30,796.6700000000001,10.570000000000007,0.0389386895886326,-0.0014802487316439622,221.98000000000002,25.97999999999999,32.72999999999999,12.8,770.69,-163.18,273.23,14.9,348.92,2221.52,384.0,3486.59,261.33,251.86,620.08,1459.94,477.76,1937.7,270.0,1548.9,96.69999999999999,-1.8000000000000007,-63.56,6.749999999999998,82.190747398297,2.23,1.25,0.42,0.53,1.26,1.2126620471888439,1.928392246294186,2.729416717831771,2.747958950969215,3.270849925445139,5.49,4.3,4.52,1.52,1.28,9,2015,-0.40181704260649553,271.45238095238096,114.01
2015-12-31,741.9499999999998,29.14,0.10788822913028293,-0.002664853716547816,160.31000000000006,41.32000000000002,47.98000000000002,8.85,700.6299999999997,-143.21000000000004,272.45,18.98,319.47,2095.19,383.73,3341.59,245.32,167.73,620.08,1308.47,455.08,1763.56,270.0,1578.04,57.16,-5.25,-52.69,6.66,20.509651681537406,1.51,1.12,0.53,0.53,1.0,3.4849933636046106,5.349627663290255,7.385254628012574,7.385254628012574,8.818336011177086,5.43,4.22,4.3,1.6,1.36,12,2015,-0.7197619047619241,270.0943396226415,143.15
2016-03-31,716.59,53.02,0.19999999999999998,0.3,201.4,75.41,81.81,8.6,641.18,-100.96,311.14,16.56,335.4,2060.28,381.03,3300.01,105.27,212.62,620.0,1238.79,430.17,1668.96,270.0,1631.05,214.39,0.1,-175.81,6.4,10.75,1.42,1.02,0.2,0.3,1.5,6.44,8.92,13.0,13.04,14.64,9.81,7.4,7.02,1.66,1.39,3,2016,79.53,265.1,53.02
2016-06-30,730.33,28.240000000000002,0.10425793748461729,0.0063869062269259315,525.4,38.06,42.56,9.95,692.2800000000001,189.45,297.69,210.94,291.47,1935.85,378.93,3176.14,155.01,426.15,91.58,694.05,903.79,1597.84,270.0,1578.3,79.08000000000004,-5.369999999999999,-87.14999999999998,4.5,23.861492563739375,1.7,1.01,0.3,0.3,1.0,3.55867093280827,4.76806300762983,7.159045040610386,7.24245139059808,6.352783657396014,5.71,5.62,5.25,2.79,2.37,6,2016,1.730000000000004,270.8666666666667,81.26
2016-09-30,554.55,5.140000000000001,0.01903703703703704,-0.000962962962962982,-194.89999999999998,11.239999999999995,18.900000000000006,10.5,543.3,-479.83,220.92,16.97,345.44,1929.05,374.99,3076.24,12.69,226.46,183.16,703.74,789.06,1492.81,270.0,1583.44,94.91999999999996,3.2299999999999995,-174.93,7.659999999999998,137.8785992217899,1.79,0.94,0.32,0.3,0.94,0.668675925925926,0.9042592592592592,1.299277777777778,1.3135555555555556,1.2516851851851851,5.82,4.32,4.27,2.74,2.25,9,2016,-0.2600000000000051,270.0,86.4
2016-12-31,544.1600000000001,33.41,0.12269760454052248,0.0025290042567398343,154.89,42.47000000000001,48.17999999999998,11.5,501.6899999999998,-97.16000000000003,189.86,11.48,300.5,2081.58,376.32,3145.17,100.43,235.36,158.14,765.21,753.79,1519.0,270.0,1626.17,-79.89999999999998,-6.22,55.06999999999999,5.710000000000001,23.43485034420832,1.91,0.93,0.44,0.3,0.68,4.249798848176279,5.744478758033553,8.220739504215006,8.343437108755529,7.830338035222434,6.34,4.71,4.54,2.72,2.33,12,2016,0.6886363636363626,272.29545454545456,119.81
2017-03-31,632.83,-19.96,-0.07,0.25,170.07,-22.66,-16.93,13.1,655.5,-193.87,194.42,12.31,284.77,2224.97,382.12,3261.88,222.84,264.42,133.2,904.62,751.06,1655.68,270.0,1606.2,-73.72,-9.2,87.49,5.73,-46.785,2.2,1.03,-0.07,0.25,-3.57,-2.44,-2.7599999999999993,-4.96,-4.92,-3.8400000000000003,-4.32,-3.15,-2.27,2.46,2.14,3,2017,71.28571428571428,285.1428571428571,-19.96
2017-06-30,575.43,8.040000000000001,0.026979865771812085,0.01078619367209974,-206.37,16.86,23.3,11.8,558.56,-168.75,209.23,12.14,258.37,2279.41,421.94,3345.15,446.65,187.05,116.6,1025.86,743.77,1769.64,270.0,1575.52,-107.91999999999999,-8.170000000000002,130.89999999999998,6.4399999999999995,109.3407960199005,2.02,1.12,-0.04,0.25,-6.25,0.9712751677852349,0.48563758389261746,2.0504697986577187,2.0504697986577187,0.6744966442953021,-1.4,-0.99,-0.31,2.22,1.97,6,2017,3.2142857142857224,298.0,-11.92
2017-09-30,585.3599999999999,1.9100000000000001,0.007632367632367633,-0.047702297702297704,491.18,6.02,12.899999999999999,13.6,579.3400000000001,-198.29999999999995,167.15,12.8,308.89,2172.42,421.68,3357.83,629.32,145.67,8.26,1036.57,743.84,1780.41,270.0,1577.43,-97.67000000000002,-8.489999999999998,64.07,6.880000000000001,445.47120418848164,2.33,1.13,-0.04,0.25,-6.25,0.22897102897102897,-0.007632367632367633,0.4808391608391609,0.4808391608391609,-0.007632367632367633,-0.81,-0.56,0.01,2.1,1.8,9,2017,-11.9375,250.25,-10.01
