,revenue,net_profit,eps,dps,gross_profit,ebit,ebitda,close_price,allowance_doubtful_accounts,expense,operating_profit,cash,account_receivable,inventory,current_asset,property_plant_equipment,total_asset,short_term_loan,account_payable,current_portion_long_term_debt,current_liability,non_current_liability,total_liability,paid_in_capital,total_equity,cash_flow_operation,cash_flow_investment,cash_flow_financing,depreciation,P/E,P/BV,D/E,EPS,DPS,DPR%,ROA%,ROAA%,ROE%,ROAE%,ROCE%,NPM%,NPMA%,TIE,CurrentRatio,QuickRatio,month,year,dividend,number_of_shares,return_old
2000-03-31,121.04,-13.61,-0.15,0.0,37.0,3.9,12.36,2.8,0.0,117.14,8.96,24.22,31.03,11.33,87.34,544.64,633.75,220.68,27.3,14.79,545.55,374.37,919.92,900.0,-286.16,0.53,-4.42,10.91,8.46,-4.6675,-8.81,-3.21,-0.15,0.0,0.0,-8.6,0.0,19.04,0.0,17.68,-11.55,-11.24,0.0,0.16,0.14,3,2000,0.0,90.73333333333333,-13.61
2000-06-30,144.35999999999996,173.91000000000003,1.9528259513412354,0.0,49.629999999999995,3.86,18.69,3.2,0.0,140.5,0.10999999999999943,19.52,53.81,45.95,141.91,582.31,726.03,139.84,33.07,31.64,411.36,472.08,883.44,900.0,-157.42,8.9,-6.119999999999999,-9.49,14.829999999999998,0.41017480305905346,-18.3,-5.61,1.8,0.0,0.0,95.81866001247661,0.0,-441.90281472239553,0.0,10.718844666250781,61.93,60.4,0.0,0.34,0.23,6,2000,0.0,89.05555555555556,160.3
2000-09-30,154.21000000000004,6.829999999999984,0.07682881589182056,0.0,52.93000000000001,18.759999999999998,28.540000000000003,3.2,0.0,135.46000000000004,6.09,16.41,62.09,47.05,151.22,578.17,731.34,104.1,40.76,35.63,385.21,497.42,882.63,900.0,-151.29,21.69,-2.7200000000000006,-21.369999999999997,9.780000000000001,10.39974377745244,-19.04,-5.83,1.88,0.0,0.0,3.7351881768682977,0.0,-18.058041045892377,0.0,1.252146233470948,40.94,39.83,0.0,0.39,0.27,9,2000,0.0,88.89893617021276,167.13
2000-12-31,258.69999999999993,72.14000000000001,0.8019910561290594,0.0,42.599999999999994,80.22,87.72999999999999,3.2,0.0,178.47000000000003,-14.61,19.4,60.3,41.09,137.44,564.99,704.4,102.23,36.16,38.34,301.63,474.09,775.72,900.0,-71.32,18.09,-0.009999999999999787,-16.110000000000003,7.509999999999998,0.9950235652897144,-40.38,-10.88,2.66,0.0,0.0,40.96787394993105,0.0,-404.60147281314005,0.0,31.959042086345974,43.61,35.27,0.0,0.46,0.32,12,2000,0.0,89.95112781954887,239.27
2001-03-31,151.93,4.86,0.05,0.0,42.42,17.29,26.92,3.2,0.0,134.64,10.23,17.96,63.18,41.68,144.23,558.05,704.26,98.74,31.63,64.74,327.17,441.04,768.21,900.0,-63.96,6.92,-3.17,-5.19,9.63,16.0,-45.03,-12.01,0.05,0.0,0.0,2.7600000000000002,10.320000000000002,-30.4,-11.12,18.36,3.36,3.2,0.0,0.44,0.31,3,2001,0.0,97.2,4.86
2001-06-30,185.34999999999997,44.44,0.49578093306288035,0.0,50.379999999999995,26.490000000000002,36.21,3.2,0.0,158.86,19.419999999999998,29.05,65.42,42.36,162.39,552.96,717.32,59.64,35.27,87.18,289.62,445.21,734.83,900.0,-17.51,29.97,-4.65,-14.219999999999999,9.72,1.6141201620162016,-164.48,-41.97,0.55,0.0,0.0,24.771018255578095,21.88647464503043,-1015.1790669371198,-203.252154158215,36.92215821501014,15.29,14.62,0.0,0.56,0.41,6,2001,0.0,89.63636363636363,49.3
2001-09-30,157.49,16.040000000000006,0.17920416284052654,0.0,51.81000000000002,24.989999999999995,34.949999999999996,3.0,0.0,132.5,17.230000000000004,29.56,62.68,43.85,162.75,547.06,712.24,49.48,32.32,88.72,281.85,431.12,712.97,900.0,-0.72,22.549999999999997,-4.15,-17.900000000000002,9.959999999999997,4.185589152119699,-3750.0,-990.24,0.73,0.0,0.0,9.004395469850017,9.35789409243955,-8911.111111111115,-84.4174349556168,15.691411080501995,13.84,13.21,0.0,0.58,0.42,9,2001,0.0,89.5068493150685,65.34
2001-12-31,152.07000000000005,27.39,0.30423487544483985,0.0,63.25999999999999,24.370000000000005,31.950000000000003,2.64,0.0,127.70000000000005,41.169999999999995,45.26,46.28,13.8,132.96,511.16,646.12,28.17,27.83,36.02,200.2,416.82,617.01,900.0,29.11,42.94,-7.9399999999999995,-17.21,7.580000000000002,2.1667469879518073,81.62,21.2,1.03,0.0,0.0,16.95444839857651,16.292811387900354,376.36512455516015,-519.1133096085409,24.681423487544485,14.53,14.34,0.0,0.66,0.6,12,2001,0.0,90.02912621359224,92.73
2002-03-31,168.07,15.3,0.17,0.0,52.09,20.88,30.41,2.8,0.0,147.19,20.5,22.08,48.63,11.12,128.8,504.38,643.11,28.73,23.17,35.82,192.12,404.28,596.4,900.0,46.7,12.04,-25.68,-9.54,9.53,4.1175,53.96,12.77,0.17,0.0,0.0,9.52,12.4,131.04,-709.16,18.52,9.15,9.1,0.0,0.67,0.61,3,2002,0.0,90.0,15.3
2002-06-30,192.13,55.89,0.6202149178255374,0.0,55.89,50.58,60.150000000000006,3.1,0.0,141.55,34.67,54.8,41.99,11.14,143.81,460.12,618.59,5.73,20.78,63.1,138.61,375.28,513.89,900.0,104.7,40.9,14.79,-22.950000000000003,9.570000000000002,1.2482769726247986,26.65,4.91,0.79,0.0,0.0,36.14518331226296,33.60151706700379,213.51094816687734,512.8156763590392,46.75949431099874,20.7,19.76,0.0,1.04,0.96,6,2002,0.0,90.1139240506329,71.19
2002-09-30,195.14000000000004,20.89,0.2314052997393571,0.0,67.05999999999999,25.28,35.28999999999999,3.66,0.0,169.86,23.959999999999994,52.71,51.32,11.66,166.36,457.93,638.26,5.68,21.74,68.63,142.86,358.91,501.77,900.0,136.49,25.820000000000007,-13.57,-14.329999999999998,10.009999999999998,3.9560459550023928,24.13,3.68,1.02,0.0,0.0,13.09481754995656,13.004070373588185,61.218045178105996,123.08947002606429,17.722923544743704,17.13,16.58,0.0,1.16,1.08,9,2002,0.0,90.27450980392156,92.08
2002-12-31,189.52999999999997,11.0,0.12165308498253782,0.0,64.87,14.790000000000006,25.039999999999992,3.66,0.0,174.74,22.03,63.32,56.8,14.06,144.32,465.85,664.84,5.59,30.71,62.14,183.46,334.89,518.36,900.0,146.49,36.8,-13.229999999999997,-12.96,10.25,7.520154545454545,22.49,3.54,1.14,0.0,0.0,6.616220411331005,7.265036864571207,30.037640667442766,50.11253395421033,9.890182382615444,14.21,13.84,0.0,0.79,0.71,12,2002,0.0,90.42105263157896,103.08
2003-03-31,183.66,22.34,0.25,0.0,56.0,9.7,20.3,4.0,0.6,173.95,9.61,25.27,61.0,13.38,108.58,473.17,665.24,6.09,32.02,97.52,204.5,276.15,480.66,900.0,184.58,6.54,-27.13,-17.46,10.6,4.0,19.5,2.6,0.25,0.0,0.0,13.44,5.920000000000001,48.4,77.28,8.44,12.47,12.16,0.0,0.53,0.47,3,2003,0.0,89.36,22.34
2003-06-30,199.35999999999999,25.44,0.2821933863541231,0.0,69.46,29.59,40.64,7.15,1.87,169.79000000000002,26.64,47.4,54.11,13.62,122.12,463.59,680.74,5.38,35.92,107.93,227.83,246.64,474.47,900.0,206.26,43.36,-11.190000000000001,-10.04,11.049999999999999,6.334042845911949,31.2,2.3,0.53,0.0,0.0,14.950925073252407,12.885056508999583,49.32527417329427,65.44756802009209,18.486329007953117,12.78,12.47,0.0,0.54,0.48,6,2003,0.0,90.15094339622641,47.78
2003-09-30,216.14,32.06,0.35738226452905814,0.0,68.49,35.550000000000004,48.84,12.8,0.0,180.58000000000004,22.58,45.72,58.84,13.42,179.19,484.27,712.29,5.27,36.73,80.23,165.3,294.66,459.96,900.0,252.33,30.6,-27.71,-4.560000000000002,13.29,8.952738615096694,45.65,1.82,0.89,0.0,0.0,18.005641282565133,17.79683366733467,50.82056112224449,65.96714428857716,21.972985971943885,13.78,13.33,0.0,1.08,1.0,9,2003,0.0,89.70786516853933,79.84
2003-12-31,189.06000000000006,17.39999999999999,0.18967503085150136,0.0,52.880000000000024,-1.1500000000000057,21.560000000000002,12.3,0.0,190.20999999999992,4.770000000000003,268.99,55.48,16.33,402.22,541.66,996.37,4.51,39.1,106.63,192.75,406.19,598.94,1000.0,397.44,16.97,-12.709999999999994,218.99,22.71,16.206666666666674,30.95,1.51,1.06,0.0,0.0,6.985767174002465,6.348745372274781,17.514520773344294,25.588235294117638,6.563471822295349,12.6,12.34,0.0,2.09,2.0,12,2003,0.0,91.73584905660377,97.24
2004-03-31,203.38,8.29,0.08,0.0,66.58,13.49,26.05,8.5,0.0,189.89,15.3,87.57,66.43,13.49,229.65,636.2,917.94,4.45,35.78,18.45,106.56,405.65,512.22,1000.0,405.72,17.36,-105.69,-93.09,12.56,26.5625,20.95,1.26,0.08,0.0,0.0,3.5999999999999996,6.8,8.16,11.24,6.64,4.11,4.08,0.0,2.16,2.03,3,2004,0.0,103.62499999999999,8.29
2004-06-30,206.37,21.01,0.20794880546075084,0.0,57.84,26.04,38.980000000000004,8.0,4.58,180.33000000000004,15.25,101.54,54.31,13.09,224.13,637.84,921.39,4.4,34.9,18.55,105.1,399.91,505.01,1000.0,416.39,37.94,-19.260000000000005,-4.709999999999994,12.94,9.619074250356974,19.21,1.21,0.29,0.0,0.0,9.121064846416383,14.140518771331058,20.192546075085325,26.99032081911263,13.88237542662116,7.44,7.15,0.0,2.13,2.01,6,2004,0.0,101.0344827586207,29.3
2004-09-30,236.44000000000005,39.260000000000005,0.39511960326721124,0.0,73.07000000000001,44.47,57.209999999999994,8.6,4.58,191.97000000000003,27.599999999999998,129.53,62.54,15.58,256.3,637.69,954.75,4.34,43.14,18.68,118.06,397.89,515.95,1000.0,438.79,37.510000000000005,-4.799999999999997,-4.719999999999999,12.740000000000002,5.439745287824758,19.6,1.18,0.69,0.0,0.0,16.446137689614936,23.08872812135356,35.778366394399065,45.444480746791136,22.99710618436406,11.23,10.61,0.0,2.17,2.04,9,2004,0.0,99.36231884057972,68.56
2004-12-31,233.30999999999995,28.049999999999997,0.281632336197081,0.0,67.53999999999996,39.5,52.58,7.35,4.44,193.79999999999995,19.419999999999995,150.49,59.44,15.73,245.65,656.77,951.85,0.0,40.03,18.84,110.09,395.76,505.85,1000.0,446.0,27.480000000000004,2.3700000000000045,-8.89,13.079999999999998,6.526771836007131,16.48,1.13,0.97,0.0,0.0,11.787910154228339,14.72617741434634,25.155284132077423,26.606997205258253,17.037304626850222,11.76,10.98,0.0,2.23,2.09,12,2004,0.0,99.5979381443299,96.61
2005-03-31,225.75,17.93,0.18,0.0,73.78,30.18,42.15,7.05,0.0,195.56,24.82,168.91,63.33,15.91,255.15,666.66,970.59,0.0,40.01,19.18,119.5,393.68,513.17,1000.0,457.41,31.55,-8.46,-4.67,11.97,9.7925,15.41,1.12,0.18,0.0,0.0,7.4,12.8,15.679999999999998,16.6,14.2,8.25,7.94,0.0,2.14,2.0,3,2005,0.0,99.61111111111111,17.93
2005-06-30,217.32999999999998,4.219999999999999,0.04191422121896162,0.0,60.49000000000001,11.89,24.4,7.2,0.0,205.45,10.96,154.55,51.92,15.67,226.35,698.87,973.65,0.0,42.71,42.13,145.66,368.85,514.5,1000.0,459.15,32.85000000000001,-42.44,-4.76,12.51,42.94843009478674,15.68,1.12,0.22,0.0,0.0,1.7299142212189613,3.3836207674943566,3.673209932279909,3.8561083521444686,3.871349887133182,5.14,5.0,0.0,1.55,1.45,6,2005,0.0,100.68181818181817,22.15
2005-09-30,227.12000000000006,10.04,0.09980739360049705,0.0,71.92999999999998,20.83,33.400000000000006,7.45,0.0,206.29999999999995,20.25,110.15,61.59,14.95,191.25,777.8,1016.08,0.0,41.11,49.65,172.4,374.5,546.9,1000.0,469.18,34.28,-91.07,12.379999999999999,12.569999999999997,18.659940239043827,15.88,1.17,0.32,0.0,0.0,3.9548679714196955,7.959639639639639,8.558484001242622,8.84543025784405,9.30703945324635,4.9,4.8,0.0,1.11,1.02,9,2005,0.0,100.59374999999999,32.19
2005-12-31,309.87,87.77,0.8779926642214071,0.0,75.97000000000003,92.07999999999998,104.36999999999999,8.15,0.0,217.7700000000001,21.510000000000005,74.19,74.2,21.88,181.85,853.98,1088.14,0.0,50.21,72.65,222.29,308.88,531.18,1000.0,556.96,15.409999999999997,-73.22999999999999,21.85,12.290000000000006,2.3200649424632562,14.63,0.95,1.2,0.0,0.0,32.25159719906635,44.45569523174391,63.03987329109703,70.00528176058687,52.38689563187729,13.4,12.24,0.0,0.82,0.72,12,2005,0.0,99.96666666666667,119.96
2006-03-31,237.32,13.27,0.13,0.0,71.13,23.81,40.71,9.2,0.0,213.51,21.17,59.81,71.31,21.71,162.39,867.71,1081.33,17.13,41.07,72.75,209.24,301.87,511.1,1000.0,570.23,6.12,-30.71,2.94,16.9,17.6925,16.13,0.9,0.13,0.0,0.0,4.92,9.28,9.32,10.32,10.92,5.65,5.59,0.0,0.78,0.67,3,2006,0.0,102.07692307692307,13.27
2006-06-30,236.69,16.39,0.1657788267026298,0.0,73.18,21.09,38.4,9.2,0.0,215.60000000000002,19.019999999999996,55.47,87.26,23.48,174.86,871.25,1093.88,11.66,37.78,63.61,188.46,318.8,507.26,1000.0,586.62,7.739999999999999,-19.28,7.200000000000001,17.310000000000002,13.875414887126297,15.68,0.86,0.3,0.0,0.0,5.990141604855023,9.59306810519218,11.184544841537424,12.532879298718813,10.963506405933918,6.32,6.26,0.0,0.93,0.8,6,2006,0.0,98.86666666666667,29.66
2006-09-30,274.37,23.849999999999998,0.24068398430199964,0.0,89.53,38.64000000000001,56.290000000000006,8.9,0.0,235.74,34.47,56.49,93.54,23.3,182.64,879.18,1108.08,12.91,47.86,64.57,202.31,295.3,497.61,1000.0,610.47,46.92,-24.199999999999996,-21.700000000000003,17.65,9.243656184486374,14.58,0.82,0.54,0.0,0.0,8.611138105027097,14.030984862642496,15.635544757989159,17.667987292094935,16.437824705662493,7.24,7.15,0.0,0.9,0.79,9,2006,0.0,99.09259259259258,53.51
2006-12-31,262.04999999999995,14.57,0.14552878965922444,0.0,80.47999999999999,27.209999999999994,45.69,10.2,0.0,234.82999999999993,24.36,68.88,97.85,24.19,196.91,896.39,1137.97,11.87,46.21,65.55,214.53,298.4,512.93,1000.0,625.04,44.67999999999999,-31.58,-0.6999999999999993,18.480000000000004,17.522306108442002,16.32,0.82,0.68,0.0,0.0,5.119189189189189,8.517714453584018,9.322403055229143,9.861715628672151,10.264059929494712,6.82,6.74,0.0,0.92,0.81,12,2006,0.0,100.11764705882352,68.08
2007-03-31,254.17,15.33,0.15,0.0,78.43,28.95,47.49,9.9,2.1,225.22,27.82,56.2,103.5,22.44,188.63,895.42,1128.85,12.18,41.31,65.6,205.64,282.83,488.48,1000.0,640.37,20.09,-16.9,-15.87,18.54,16.5,15.46,0.76,0.15,0.0,0.0,5.44,10.48,9.56,10.12,12.56,6.11,6.03,0.0,0.92,0.81,3,2007,0.0,102.2,15.33
2007-06-30,245.69000000000003,9.08,0.08927488734125358,0.0,69.12,19.66,38.779999999999994,10.6,4.04,226.03,18.54,49.8,88.35,25.7,169.91,898.87,1113.18,9.29,44.84,65.7,195.05,268.68,463.72,1000.0,649.45,32.69,-20.0,-19.090000000000003,19.119999999999997,29.685839757709253,16.32,0.71,0.24,0.0,0.0,3.2585333879557554,6.54682507169193,5.5945596067185575,5.877263416632528,7.871069233920524,4.95,4.88,0.0,0.87,0.74,6,2007,0.0,101.70833333333334,24.41
2007-09-30,288.33000000000004,30.319999999999997,0.30469577928010233,0.0,100.75999999999999,48.75,69.2,9.95,4.06,239.58000000000004,45.25,51.94,108.34,23.03,189.36,903.61,1137.61,10.33,47.16,63.64,204.97,252.87,457.84,1000.0,679.77,44.42,-25.46,-16.83,20.450000000000003,8.163470481530343,14.64,0.67,0.55,0.0,0.0,10.658812351543942,19.21245386442536,17.838552896035083,18.791419696692856,23.13471953224922,7.03,6.94,0.0,0.92,0.81,9,2007,0.0,99.5090909090909,54.73
2007-12-31,280.78999999999996,18.92000000000001,0.19009911744738636,0.0,91.02999999999997,33.86,53.81999999999999,10.5,0.0,246.93999999999994,26.92,63.6,109.68,27.93,205.64,901.66,1152.31,3.28,53.93,64.98,213.83,239.78,453.61,1000.0,698.7,49.07000000000001,-14.099999999999994,-23.300000000000004,19.959999999999994,13.809374999999992,15.03,0.65,0.74,0.0,0.0,6.566126272912426,11.775869653767826,10.830511880515958,11.43677393075357,14.365327902240331,6.97,6.89,0.0,0.96,0.83,12,2007,0.0,99.52702702702703,73.65
2008-03-31,288.08,22.05,0.22,0.0,92.99,36.31,55.85,9.4,4.07,251.77,35.94,66.55,113.01,25.85,212.77,896.97,1156.34,2.91,46.66,65.42,210.1,225.49,435.59,1000.0,720.74,33.77,-14.2,-16.62,19.54,10.6825,13.04,0.6,0.22,0.0,0.0,7.64,12.72,12.24,12.96,15.36,7.77,7.65,0.0,1.01,0.89,3,2008,0.0,100.22727272727273,22.05
2008-06-30,281.86000000000007,17.040000000000003,0.17000767459708366,0.0,84.56000000000002,25.25,45.01,10.5,8.31,256.61,26.620000000000005,72.18,93.93,27.41,215.77,906.04,1152.06,2.28,50.24,66.32,202.45,211.92,414.37,1000.0,737.69,55.82999999999999,-23.669999999999998,-26.529999999999998,19.759999999999998,15.438714788732394,14.23,0.56,0.39,0.0,0.0,5.911036070606294,9.485556408288566,9.241442824251727,9.834290099769763,11.298971603990791,6.95,6.86,0.0,1.07,0.93,6,2008,0.0,100.23076923076924,39.09
2008-09-30,317.17999999999995,29.08,0.29007481296758103,0.0,101.0,43.709999999999994,64.26,10.0,11.68,273.47,43.78999999999999,66.47,101.58,26.85,218.11,918.96,1167.27,1.55,55.92,66.4,205.21,195.29,400.5,1000.0,766.76,49.03999999999999,-32.71,-22.03000000000001,20.550000000000004,8.620879470426411,13.04,0.52,0.68,0.0,0.0,9.964922986651018,15.578723778788323,15.16920639577527,16.09062050755464,18.66716737567845,7.78,7.68,0.0,1.06,0.93,9,2008,0.0,100.25,68.17
2008-12-31,312.4699999999999,31.760000000000005,0.31782247573301314,0.5,102.25999999999999,47.89,68.72,9.35,11.68,264.59000000000003,45.20000000000002,90.64,96.76,32.01,249.54,911.86,1200.37,2.29,57.35,66.9,221.78,180.07,401.85,650.0,798.53,68.30000000000001,-23.950000000000003,-20.189999999999998,20.830000000000005,7.3547347292191425,7.61,0.5,1.0,0.5,0.5,10.577131992394678,16.55219453617532,15.903836685679979,16.9717202041429,19.895686980886623,8.42,8.33,0.0,1.13,0.98,12,2008,49.965,99.93,99.93
2009-03-31,288.56,19.05,0.19,0.0,85.77,28.18,47.77,9.75,0.92,260.37,35.04,61.3,99.41,32.23,212.51,908.83,1153.68,22.41,47.37,66.8,221.72,164.38,386.1,650.0,767.58,15.07,6.02,-50.42,19.59,12.83,8.26,0.5,0.19,0.0,0.0,6.6000000000000005,9.76,9.92,10.24,12.08,6.68,6.6,0.0,0.96,0.81,3,2009,0.0,100.26315789473685,19.05
2009-06-30,289.3,12.629999999999999,0.12757575757575756,0.1,78.71,20.369999999999997,40.089999999999996,9.6,2.38,268.95000000000005,24.83,46.31,90.57,29.14,186.02,909.39,1133.56,19.77,52.56,64.1,213.04,150.31,363.35,650.0,770.2,43.29,-25.45,-32.83,19.720000000000002,18.812351543942995,8.1,0.47,0.32,0.1,0.31,4.4492045454545455,6.777462121212121,6.554204545454546,6.697727272727271,8.404053030303029,5.54,5.48,6.71,0.87,0.74,6,2009,9.9,99.0,31.68
2009-09-30,345.69999999999993,41.800000000000004,0.4152694610778443,0.0016467065868263674,119.08000000000001,59.61,79.71,10.0,5.37,286.0799999999999,64.97,53.66,119.71,32.21,220.94,914.99,1190.07,25.24,62.98,61.9,240.04,138.02,378.06,650.0,812.01,59.55,-37.38,-14.819999999999993,20.099999999999994,6.02078947368421,8.0,0.47,0.73,0.1,0.14,14.039520958083832,20.888622754491017,20.59281437125749,21.184431137724555,25.89461077844312,8.06,7.96,10.17,0.92,0.79,9,2009,0.16575342465753629,100.65753424657535,73.48
2009-12-31,324.1100000000001,41.78,0.4204823876453236,-0.0013037825143392397,96.93,55.900000000000006,76.48000000000002,10.0,2.7,268.2199999999999,46.66,67.0,104.99,41.92,227.29,1012.11,1269.41,19.46,63.13,70.32,252.02,148.06,400.07,650.0,869.34,74.28,-45.019999999999996,-15.930000000000007,20.58,5.945076591670656,7.48,0.46,1.16,0.1,0.09,13.165448551101857,19.26969286829776,19.226194690265487,20.038160680201283,23.387520388686447,9.43,9.24,11.68,0.9,0.74,12,2009,-0.12954652810581102,99.36206896551725,115.26
2010-03-31,317.17,25.02,0.26,0.5,96.82,37.36,58.4,10.4,0.63,279.81,43.04,33.72,118.7,35.54,202.54,986.75,1262.01,25.52,54.02,67.82,236.16,169.25,405.41,650.0,856.6,21.74,-36.61,-18.4,21.04,10.0,7.89,0.47,0.26,0.5,1.92,7.919999999999999,12.36,11.68,12.32,14.560000000000002,7.97,7.89,10.15,0.86,0.71,3,2010,48.11538461538461,96.23076923076923,25.02
2010-06-30,304.02000000000004,17.220000000000002,0.17937500000000003,-0.0012019230769230542,87.41,26.650000000000006,48.35,10.1,0.23,277.36999999999995,29.550000000000004,11.07,133.25,36.66,192.62,992.49,1276.12,59.26,64.48,68.75,291.78,158.06,449.83,650.0,826.29,46.85000000000001,-14.990000000000002,-35.02,21.700000000000003,14.073867595818813,7.95,0.54,0.44,0.5,1.14,5.397556818181818,8.658920454545456,8.332784090909092,8.62630681818182,10.599431818181818,6.88,6.8,8.5,0.66,0.53,6,2010,-0.1153846153846132,96.0,42.24
2010-09-30,381.65999999999997,49.57999999999999,0.523770420387715,-0.0070790677412328595,136.46,70.36,92.44999999999999,12.7,0.54,311.30000000000007,71.31,44.14,76.73,40.07,239.72,1036.62,1367.72,49.43,74.81,71.68,296.29,157.73,454.02,650.0,913.7,77.50999999999999,-63.21999999999999,18.78,22.089999999999996,6.06052743041549,9.03,0.5,0.97,0.5,0.52,14.492781529078632,22.70031801350468,21.70677412328469,22.98110215639294,27.084870398605965,9.29,9.16,11.55,0.81,0.67,9,2010,-0.6701030927835063,94.65979381443299,91.82
2010-12-31,362.39,50.370000000000005,0.5313664814684578,0.0007043718909576053,92.80000000000001,53.47999999999999,76.07,14.0,0.87,308.9100000000001,31.269999999999982,59.38,74.43,42.57,236.09,1149.87,1465.89,39.34,63.6,79.02,285.87,163.25,449.13,650.0,1016.76,59.900000000000006,13.099999999999994,-57.75,22.590000000000003,6.58443865396069,8.95,0.44,1.5,0.5,0.33,13.744679653984107,19.469267881004292,19.809342429144106,21.36801744145158,22.55827835994093,10.78,10.42,11.78,0.83,0.68,12,2010,0.0667697594501746,94.79333333333334,142.19
2011-03-31,335.51,20.75,0.22,0.5,101.3,35.05,58.18,15.0,0.0,300.46,39.17,37.93,79.56,40.2,233.75,1152.17,1464.88,33.84,57.76,80.4,272.24,171.89,444.12,650.0,1020.75,19.35,-23.88,-16.92,23.13,17.045,9.55,0.44,0.22,0.5,2.27,5.68,10.28,8.12,8.84,11.76,6.26,6.18,7.59,0.86,0.71,3,2011,47.15909090909091,94.31818181818181,20.75
2011-06-30,350.43000000000006,24.39,0.2593531236154187,-0.0014701736013210897,102.67,35.55,59.300000000000004,15.0,0.0,314.88000000000005,36.34,21.61,77.83,40.04,189.05,1171.12,1430.62,21.4,63.48,82.54,275.92,156.56,432.48,650.0,998.15,82.37,-24.44,-74.25,23.750000000000004,14.459050840508405,9.77,0.43,0.48,0.5,1.04,6.829632255206026,11.281860877270713,9.76896765618077,10.698316349136022,13.20539654408507,6.69,6.58,7.66,0.69,0.54,6,2011,-0.1382575757575708,94.04166666666667,45.14
2011-09-30,408.79999999999995,40.42999999999999,0.4299555919130536,-4.6258423902540514e-05,127.85999999999999,61.16,86.05999999999999,14.7,0.0,347.64,65.89999999999999,16.58,92.84,44.35,220.01,1236.62,1526.63,19.24,79.33,81.22,307.99,180.07,488.06,650.0,1038.57,58.620000000000005,-76.08000000000001,12.430000000000007,24.9,8.545359262923572,9.2,0.47,0.91,0.5,0.55,10.602421409372443,17.198223676522144,15.572897043356315,16.574551828912,20.42997779595653,7.93,7.82,9.66,0.71,0.57,9,2011,-0.004349816849824606,94.03296703296702,85.57
2011-12-31,365.46000000000004,25.75,0.2729518505210205,0.0016218958906706654,116.00999999999999,43.670000000000016,70.13000000000002,14.0,0.0,321.78,46.70000000000002,16.85,95.87,57.56,225.19,1291.42,1586.26,24.74,83.3,100.03,327.71,194.23,521.94,650.0,1064.32,64.41,-82.25,18.099999999999994,26.459999999999994,12.818011650485435,8.55,0.49,1.18,0.5,0.42,6.495328781890047,10.640495867768596,9.67822493711822,9.900287459575997,12.89813151275602,7.74,7.62,9.38,0.69,0.51,12,2011,0.15300800894021904,94.33898305084746,111.32
2012-03-31,372.84,30.0,0.32,0.6,113.94,44.55,72.22,14.2,0.0,328.29,49.02,16.86,96.06,51.63,244.84,1312.99,1629.14,52.82,61.04,99.93,337.68,197.15,534.82,650.0,1094.32,26.48,-45.97,19.5,27.67,11.095,8.43,0.49,0.32,0.6,1.88,7.36,11.52,10.96,11.36,13.8,8.13,8.05,8.14,0.73,0.57,3,2012,56.25,93.75,30.0
2012-06-30,368.4800000000001,24.299999999999997,0.2595580110497237,-0.0008287292817679925,108.08000000000001,36.91,64.34,17.5,0.0,331.57,40.82999999999999,26.07,85.93,49.61,229.77,1345.18,1645.02,81.15,56.26,99.3,374.35,211.48,585.82,650.0,1059.19,85.7,-53.59,-22.9,27.43,16.85422839506173,10.74,0.55,0.58,0.6,1.03,5.907182320441988,9.487292817679556,9.182983425414363,9.451491712707183,11.474254143646409,7.41,7.32,7.31,0.61,0.48,6,2012,-0.07758620689655515,93.62068965517241,54.3
2012-09-30,422.86,40.519999999999996,0.43160936511284537,0.0016648604615641808,134.46,57.41000000000001,86.53,19.8,0.0,365.44999999999993,62.56,20.77,100.42,49.05,266.17,1359.46,1712.87,93.76,71.58,96.63,392.86,220.3,613.16,650.0,1099.71,42.72,-59.639999999999986,11.620000000000001,29.119999999999997,11.46638696939783,11.7,0.56,1.01,0.6,0.59,9.469765872178865,14.64907825353301,14.734545454545454,15.161881459607676,17.982299093018348,8.23,8.14,8.01,0.68,0.55,9,2012,0.15629907818367883,93.88118811881188,94.82
2012-12-31,407.81999999999994,25.690000000000012,0.2728669819931957,0.001703157619720158,119.10999999999996,39.74000000000001,70.38000000000002,26.0,0.0,368.08000000000015,41.50999999999999,12.81,91.74,46.55,285.65,1395.91,1767.28,131.23,67.72,94.95,426.57,207.03,633.6,650.0,1133.68,32.93000000000001,-56.620000000000005,15.74,30.64,23.81819871545347,14.91,0.56,1.28,0.6,0.47,5.815477553729983,9.081354244461044,9.06430005808647,9.354221226454241,11.358088125466772,7.76,7.67,7.5,0.67,0.56,12,2012,0.16034962871287206,94.1484375,120.51
2013-03-31,395.66,31.8,0.33,0.75,119.11,44.56,74.71,28.0,0.0,351.11,48.33,81.6,98.04,38.99,340.83,1453.97,1897.33,102.71,63.41,75.9,361.24,234.06,595.3,650.0,1302.02,61.97,-86.91,93.73,30.15,21.2125,13.98,0.46,0.33,0.75,2.27,6.72,10.12,9.76,10.6,11.6,8.16,8.04,7.53,0.94,0.84,3,2013,72.27272727272727,96.36363636363636,31.8
2013-06-30,393.62999999999994,28.540000000000003,0.2979814385150812,-0.004587639738451637,115.48,40.41,71.81000000000002,26.0,0.0,353.19999999999993,41.36,17.86,92.66,39.79,307.07,1544.34,1952.59,129.66,64.93,81.42,412.17,281.38,693.55,650.0,1259.04,47.2,-115.16,4.219999999999999,31.4,21.813523125437985,13.42,0.55,0.63,0.75,1.19,5.846112031819689,8.929983427245608,9.062419622141201,9.85703679151475,10.443539940338084,7.77,7.64,7.21,0.75,0.65,6,2013,-0.43939393939392346,95.77777777777779,60.34
2013-09-30,462.9000000000001,51.03,0.522350722815839,0.014703241447427365,157.33,73.19999999999999,105.89999999999998,35.0,0.0,389.71000000000004,77.39000000000001,16.49,111.92,44.32,321.52,1570.3,2040.07,143.64,72.65,86.33,438.85,291.16,730.0,650.0,1310.06,38.44000000000001,-53.31,13.509999999999991,32.7,16.750240054869685,17.37,0.56,1.14,0.75,0.66,10.007140163419233,15.450584538026398,15.578881206788184,16.935160276555624,18.10815839094909,9.01,8.89,6.67,0.73,0.63,9,2013,1.4364035087719174,97.69298245614036,111.37
2013-12-31,453.6099999999999,37.31,0.3764124293785311,0.010797650906928401,138.96999999999997,51.59,85.47999999999999,37.0,0.0,402.02,22.629999999999995,30.07,110.63,45.08,296.8,1575.14,2025.7,76.12,75.06,88.8,393.92,284.4,678.32,650.0,1347.38,182.77999999999997,-85.91000000000003,-83.31,33.889999999999986,24.577429643527203,17.85,0.5,1.5,0.75,0.5,7.367645951035781,11.10165725047081,11.071544256120527,12.035160075329566,12.898399246704333,8.82,8.72,6.93,0.75,0.64,12,2013,1.0702631578947432,99.12,148.68
2014-03-31,476.04,40.62,0.41,0.8,148.63,55.34,88.14,48.75,0.0,420.71,49.93,18.59,120.24,44.19,338.7,1614.12,2126.21,143.25,79.54,95.09,471.64,266.58,738.21,650.0,1388.0,6.09,-58.33,40.77,32.8,29.725,22.83,0.53,0.41,0.8,1.95,7.640000000000001,11.0,11.72,12.08,13.36,8.63,8.53,7.72,0.72,0.62,3,2014,79.25853658536586,99.07317073170732,40.62
2014-06-30,438.36999999999995,19.370000000000005,0.19373228871478584,0.007282514565435759,119.19999999999999,28.78,62.39999999999999,79.0,0.0,409.59,23.07,17.15,100.49,44.72,364.62,1685.01,2211.07,164.4,69.44,122.53,562.48,321.22,883.7,650.0,1327.37,64.09,-73.27,7.729999999999997,33.620000000000005,101.9473838409912,38.69,0.67,0.6,0.8,1.33,3.5000966827804643,5.217856309384899,5.837799633272213,5.992785464244042,6.586897816302718,6.64,6.56,5.65,0.65,0.57,6,2014,0.7281300813008187,99.98333333333333,59.99
2014-09-30,488.47000000000014,50.199999999999996,0.5011344042109085,0.0015125389478776673,140.62,67.63999999999999,103.42000000000002,73.5,0.0,420.81999999999994,63.30000000000001,16.37,113.0,50.56,367.92,1812.15,2389.66,148.98,83.89,163.63,605.46,406.63,1012.09,650.0,1377.57,109.09,-185.64000000000001,75.77,35.78,36.667807768924305,34.68,0.73,1.1,0.8,0.73,8.400834921499229,12.482802432162627,14.578455395226428,14.942916780107085,15.507831926672111,7.94,7.85,6.37,0.61,0.52,9,2014,0.1515151515151274,100.17272727272726,110.19
2014-12-31,476.52,47.879999999999995,0.46950085405200226,0.014182439310547173,131.39000000000004,57.379999999999995,93.33000000000001,69.0,0.0,419.1400000000001,54.72999999999999,171.6,120.78,57.54,532.58,2067.55,2786.78,81.38,90.27,190.12,558.13,503.2,1061.33,780.0,1725.45,31.19999999999999,-218.88,342.92,35.95,36.74434210526316,31.19,0.62,1.55,0.8,0.52,6.86985765799962,10.52893528183716,11.098394382235718,12.467519453406716,11.364949705826534,8.49,8.41,5.98,0.95,0.85,12,2014,1.446334310850446,101.98064516129031,158.07
2015-03-31,469.52,24.75,0.21,0.85,131.1,33.75,69.07,68.0,0.0,435.77,31.36,102.59,111.84,53.53,452.25,2247.18,2866.75,102.78,83.27,132.33,506.83,627.66,1134.5,780.0,1732.25,54.19,-181.22,58.01,35.32,80.9525,30.62,0.65,0.21,0.85,4.05,3.4400000000000004,5.4,5.72,6.359999999999999,5.72,5.33,5.27,3.08,0.89,0.79,3,2015,100.17857142857143,117.85714285714286,24.75
2015-06-30,475.21000000000004,28.270000000000003,0.23460580912863074,0.01864256075874329,134.85999999999999,36.59,72.44,69.25,0.0,438.63,33.18000000000001,24.35,108.49,57.17,400.54,2394.03,2962.77,132.3,81.88,127.38,526.05,778.2,1304.24,780.0,1658.52,26.42,-157.60999999999999,52.96,35.85,73.79570038910504,32.57,0.79,0.44,0.85,1.93,3.817676348547718,5.801161825726142,6.824896265560167,7.57136929460581,6.163734439834025,5.67,5.61,3.02,0.76,0.65,6,2015,2.2464285714285666,120.5,53.02
2015-09-30,529.46,39.10999999999999,0.32687181157060674,-0.006043091284055243,159.31,61.579999999999984,103.71000000000001,67.25,0.0,467.87,57.78999999999999,21.93,123.56,60.36,420.24,2609.0,3197.72,176.6,85.73,217.97,671.49,828.6,1500.09,780.0,1697.63,80.58,-112.30000000000001,29.30000000000001,42.129999999999995,51.43591281002302,30.9,0.88,0.77,0.85,1.1,4.890341908173233,8.014727016172799,9.220332139368283,10.17123195484641,8.863744708563983,6.3,6.25,3.4,0.63,0.54,9,2015,-0.7230519480519604,119.64935064935064,92.13
2015-12-31,552.4299999999998,23.39,0.19437673130193908,0.004831456632010759,144.64,44.96000000000001,95.79999999999998,69.0,0.0,507.47,32.64,21.29,138.14,62.84,384.88,2893.86,3456.31,136.65,95.15,241.9,705.72,836.79,1542.51,780.0,1913.8,172.17000000000002,-81.70000000000005,-91.11000000000001,50.83999999999999,88.75136383069686,28.12,0.81,0.96,0.85,0.89,2.705076177285319,4.592150277008311,4.891814404432133,5.142884349030471,5.207676592797784,5.76,5.7,3.27,0.55,0.46,12,2015,0.5813852813852947,120.33333333333333,115.52
2016-03-31,559.07,30.41,0.25,0.65,155.37,52.67,107.12,68.25,0.0,506.4,45.13,27.74,156.47,65.37,439.34,2965.35,3578.62,44.3,95.93,265.09,664.21,970.2,1634.41,780.0,1944.21,76.76,-115.52,45.2,54.45,68.25,27.38,0.84,0.25,0.65,2.6,3.4,6.52,6.24,6.6,7.24,5.51,5.44,3.43,0.66,0.56,3,2016,79.066,121.64,30.41
2016-06-30,541.32,14.319999999999997,0.11845293986139055,-0.004022356360384508,133.02999999999997,33.8,93.38999999999999,68.0,0.0,507.53,27.949999999999996,13.66,139.53,68.74,476.22,2941.8,3590.65,196.93,93.78,266.99,793.25,916.87,1710.11,780.0,1880.53,15.429999999999993,-21.690000000000012,-7.800000000000004,59.59,143.51395600558664,28.2,0.91,0.37,0.65,1.76,1.6007154035323048,3.380710932260228,3.047762128325508,3.239847976749384,3.956968477531857,4.11,4.06,2.71,0.6,0.51,6,2016,-0.4862702702702677,120.89189189189189,44.73
2016-09-30,657.8499999999999,48.23,0.39949548192771084,-0.0008863155323999418,193.28000000000003,76.78,137.57,50.0,0.0,581.0500000000001,70.33999999999999,27.26,150.51,67.4,483.07,2913.31,3567.87,145.86,118.58,270.46,778.52,860.6,1639.12,780.0,1928.76,172.31,-23.25,-135.47,60.790000000000006,31.291843251088533,20.22,0.85,0.77,0.65,0.84,5.416536144578313,10.023704819277109,10.002951807228916,10.646295180722891,12.140512048192772,5.35,5.29,3.35,0.62,0.53,9,2016,-0.10700245700246569,120.72727272727272,92.96
2016-12-31,770.9100000000001,96.75000000000001,0.7802830636234254,0.017122066695099195,189.99999999999994,139.67000000000002,206.84999999999997,52.5,0.0,631.2599999999998,65.29000000000002,56.86,208.48,91.81,574.5,4267.41,5286.6,54.42,150.39,320.23,751.16,1059.49,1810.65,981.56,3410.74,148.45,-77.16,-57.95000000000002,67.17999999999998,16.81899250645995,15.11,0.53,1.53,0.65,0.42,7.3234410415897955,14.136893152706765,11.342153813715672,14.544884297085025,13.626904222233936,7.79,7.5,4.47,0.76,0.64,12,2016,2.1230243612596524,123.99346405228758,189.71
2017-03-31,751.29,21.81,0.14,0.55,191.41,44.81,121.65,50.0,0.0,706.48,36.67,29.44,190.45,97.75,556.02,4270.31,5266.65,116.79,144.44,322.51,775.32,993.73,1769.04,981.56,3432.55,64.78,-55.95,-36.24,76.84,89.285,14.3,0.52,0.14,0.55,3.93,1.6399999999999997,4.04,2.56,3.2400000000000007,4.0,2.93,2.9,2.55,0.72,0.59,3,2017,85.68214285714285,155.78571428571425,21.81
2017-06-30,742.9300000000001,17.599999999999998,0.11611266176097437,-0.015271685939029217,180.97,39.78,116.31,48.25,0.0,703.1600000000001,34.099999999999994,23.42,193.83,94.23,572.96,4244.32,5256.51,225.73,143.05,322.25,905.33,919.31,1824.63,981.56,3367.09,92.71000000000001,-34.00999999999999,-64.72999999999999,76.53,103.88789488636365,14.07,0.54,0.26,0.55,2.12,1.3397614818573966,3.4119259071301697,2.0900279116975384,2.6795229637147933,3.4655163664044655,2.66,2.64,2.38,0.63,0.53,6,2017,-2.3148351648351593,151.57692307692307,39.41
2017-09-30,866.2900000000002,72.8,0.48009981285090453,0.00021114256922119198,262.01,117.50999999999999,196.41,50.75,0.0,748.7699999999998,111.02,40.92,221.43,99.9,599.55,4243.51,5278.83,41.47,160.81,269.54,664.58,1109.2,1773.78,981.56,3439.9,193.51999999999998,-82.77,-93.24000000000001,78.9,26.426379807692307,14.48,0.52,0.74,0.55,0.74,5.527635683094198,11.859762944479101,8.460137242669994,10.847660636306925,11.366687461010606,4.79,4.75,3.3,0.9,0.75,9,2017,0.03201663201663507,151.63513513513513,112.21
