,revenue,net_profit,eps,dps,gross_profit,ebit,ebitda,close_price,expense,operating_profit,cash,account_receivable,inventory,current_asset,property_plant_equipment,total_asset,short_term_loan,account_payable,current_portion_long_term_debt,current_liability,non_current_liability,total_liability,paid_in_capital,total_equity,cash_flow_operation,cash_flow_investment,cash_flow_financing,depreciation,P/E,P/BV,D/E,EPS,DPS,DPR%,ROA%,ROAA%,ROE%,ROAE%,ROCE%,NPM%,NPMA%,CurrentRatio,QuickRatio,month,year,dividend,number_of_shares,return_old
1997-03-31,381.92,5.49,0.18,0.0,125.68,20.14,20.14,8.75,361.78,12.5,279.16,42.28,45.47,388.67,563.78,1121.68,255.52,98.41,26.02,469.63,67.12,536.75,300.0,565.87,,,,,12.1525,0.93,0.95,0.18,0.0,0.0,1.96,0.0,3.88,0.0,12.36,1.48,1.44,0.83,0.73,3,1997,0.0,30.500000000000004,5.49
1997-06-30,382.78000000000003,7.76,0.2576905660377358,1.6,132.43,26.119999999999997,26.119999999999997,7.5,356.6600000000001,19.49,179.81,64.54,55.77,341.87,558.03,1074.44,233.55,130.79,25.84,461.48,66.03,527.51,300.0,527.0,,,,,7.278108891752578,0.85,1.0,0.44,1.6,3.64,2.8814490566037736,0.0,5.880030188679245,0.0,17.686943396226415,1.78,1.73,0.74,0.62,6,1997,48.18181818181819,30.113636363636363,13.25
1997-09-30,478.97,8.850000000000001,0.2963348416289593,-0.013327848621966249,163.51,32.300000000000004,32.300000000000004,4.85,446.66999999999985,56.38000000000001,160.08,151.53,51.19,404.32,556.24,1126.43,288.3,110.96,36.55,525.9,84.21,610.1,300.0,490.02,,,,,4.08912429378531,0.59,1.25,0.74,1.6,2.16,3.1395475113122173,0.0,7.224162895927602,0.0,20.9516742081448,1.84,1.78,0.77,0.67,9,1997,-0.39803439803439744,29.864864864864867,22.1
1997-12-31,422.40999999999985,-28.970000000000002,-0.9698835516739448,0.0002517801644438863,110.35000000000002,52.22,52.22,4.35,370.18000000000006,13.319999999999993,281.28,115.19,58.22,551.74,566.76,1275.03,330.1,116.65,48.03,591.39,125.6,716.99,300.0,526.98,,,,,-1.121088194684156,0.5,1.36,-0.23,1.6,-6.96,-9.108471615720525,0.0,-21.92780203784571,0.0,322.6760407569141,-0.42,-0.41,0.93,0.83,12,1997,0.007520564042302169,29.869565217391305,-6.87
1998-03-31,371.22,-0.62,-0.02,0.0,117.93,15.41,15.41,5.63,355.81,9.2,239.43,79.59,52.31,445.13,543.63,1132.44,226.83,98.42,44.86,488.48,100.24,588.72,300.0,517.34,,,,,-70.3125,0.65,1.14,-0.02,0.0,0.0,-0.20000000000000004,5.48,-0.48,-0.44,9.56,-0.17,-0.17,0.91,0.8,3,1998,0.0,31.0,-0.62
1998-06-30,388.86,4.73,0.16111922141119223,0.4,133.25,29.430000000000003,29.430000000000003,4.8,359.43,20.240000000000002,219.06,73.2,49.31,375.67,576.06,1094.39,254.47,93.88,56.91,485.58,65.76,551.35,300.0,511.76,,,,,7.448831923890063,0.56,1.08,0.14,0.4,2.86,1.749294403892944,19.01206812652068,3.682725060827251,3.63669099756691,33.92710462287105,0.56,0.54,0.77,0.67,6,1998,11.742857142857144,29.357142857142858,4.11
1998-09-30,422.12,3.21,0.10524590163934425,0.014988290398126524,149.43,22.36,22.36,3.55,399.76,9.559999999999999,246.24,101.17,62.26,425.62,556.09,1114.3,255.84,109.0,52.64,522.31,55.63,577.94,300.0,511.8,,,,,8.431682242990654,0.42,1.13,0.24,0.4,1.67,1.157704918032787,10.524590163934427,2.5083606557377047,2.560983606557377,19.90901639344262,0.63,0.62,0.81,0.7,9,1998,0.45714285714285907,30.500000000000004,7.32
1998-12-31,437.47,11.21,0.37507825148407986,-0.008202914193200243,140.46000000000004,28.439999999999998,28.439999999999998,4.15,409.03,21.159999999999997,211.42,85.11,56.67,359.65,541.39,1051.75,219.04,112.65,25.87,464.08,44.87,508.95,300.0,520.65,,,,,2.7646231043710974,0.48,0.98,0.62,0.4,0.65,4.258953049109552,19.891246627091203,8.614700485698867,8.566303291958986,39.37111710739342,1.17,1.14,0.77,0.65,12,1998,-0.2451612903225815,29.88709677419355,18.53
1999-03-31,370.03,11.99,0.4,0.0,122.66,27.92,27.92,4.5,342.1,18.35,170.81,57.24,46.96,288.82,536.28,969.9,169.87,81.9,16.81,381.64,27.49,409.13,300.0,533.28,,,,,2.8124999999999996,0.51,0.77,0.4,0.0,0.0,4.96,10.64,9.0,9.12,19.0,3.33,3.24,0.76,0.63,3,1999,0.0,29.974999999999998,11.99
1999-06-30,382.56000000000006,21.85,0.7296247044917257,0.5,138.91,41.09,93.71,6.5,341.48,35.379999999999995,146.69,50.99,50.12,261.65,532.63,936.37,183.39,85.87,1.93,353.58,15.88,369.46,300.0,537.57,,,,,2.2263157894736842,0.73,0.69,1.13,0.5,0.44,9.32369976359338,17.562647754137117,16.24544917257683,16.65868794326241,30.57966903073286,4.59,4.5,0.74,0.6,6,1999,14.973451327433631,29.946902654867262,33.84
1999-09-30,485.4699999999999,45.129999999999995,1.5029998733696337,0.0013273775971831467,180.59000000000003,72.3,99.16,7.0,413.16999999999996,63.4,211.84,75.54,47.98,352.1,532.4,1022.57,163.32,95.93,2.93,381.16,17.24,398.4,300.0,590.22,115.1,-22.150000000000006,-26.689999999999998,26.860000000000007,1.1636394859295371,0.71,0.68,2.63,0.5,0.19,17.647390148157527,30.24287197670001,30.58576168165126,32.757396479675826,50.35906800050652,6.51,6.38,0.92,0.8,9,1999,0.03985665735724453,30.02661596958175,78.97
1999-12-31,507.6100000000001,42.18000000000001,1.4065802723896,-0.0006501383289734822,188.36999999999995,62.870000000000005,90.01000000000002,8.25,444.74,53.58000000000001,256.4,73.65,63.09,407.79,526.2,1073.25,127.26,138.86,3.2,402.52,14.36,416.88,300.0,625.89,96.12000000000003,-21.069999999999993,-28.480000000000018,27.14,1.4648293029871975,0.79,0.67,4.04,0.5,0.12,15.723060668592653,26.766804787453573,26.961776310359063,29.42677342137846,42.39237969459349,7.08,6.94,1.01,0.86,12,1999,-0.019496103602756776,29.987623762376238,121.15
2000-03-31,435.38,34.05,1.13,2.2500000000000004,161.89,54.1,81.7,8.0,381.29,47.22,183.28,52.33,55.47,306.9,505.82,958.28,40.54,92.95,3.72,254.47,12.73,267.2,300.0,658.44,26.67,-11.55,-88.35,27.6,1.77,0.73,0.41,1.13,2.25,1.99,14.2,22.44,20.68,22.84,30.76,7.95,7.82,1.21,0.99,3,2000,67.79867256637169,30.13274336283186,34.05
2000-06-30,448.74,23.270000000000003,0.7753960223307746,-0.009167212173236568,149.61,38.71999999999999,60.219999999999985,8.75,410.0199999999999,32.42,196.49,56.56,61.79,329.88,507.39,985.02,103.73,110.68,4.37,326.37,8.3,334.68,300.0,613.86,39.31999999999999,-22.31,-4.88000000000001,21.5,2.820429737859905,0.86,0.55,1.91,2.25,1.18,9.450900209351014,15.686545708304259,15.166908583391487,16.173705512909983,22.880272156315424,6.59,6.48,1.01,0.82,6,2000,-0.27511235694760217,30.010471204188484,57.32
2000-09-30,532.87,49.02,1.6318487869099116,0.0021778903389009746,198.74,81.67000000000002,107.35000000000002,9.25,451.19000000000005,75.08999999999999,228.58,87.64,63.4,396.55,531.35,1063.76,124.97,110.83,4.5,353.51,5.11,358.61,300.0,666.08,54.760000000000005,-50.870000000000005,7.530000000000001,25.68,1.4154804161566705,0.83,0.54,3.54,2.25,0.64,18.438969343614822,30.848395711867596,29.447034041752868,31.21717509873989,45.30454767726161,7.65,7.5,1.12,0.94,9,2000,0.06542284142336996,30.039548022598872,106.34
2000-12-31,538.48,47.28,1.575794818383023,-0.002672784926044764,192.01,77.29999999999998,95.79999999999998,9.88,461.18000000000006,79.82000000000002,298.95,61.61,79.89,473.32,556.56,1147.78,69.02,139.9,11.24,366.34,28.67,395.01,300.0,715.09,145.32,-43.60000000000001,-20.47,18.5,1.56771679357022,0.83,0.55,5.12,2.25,0.44,16.47198021091004,27.908803541205575,26.443806795990106,28.20426506965239,39.665710193985156,8.03,7.86,1.29,1.07,12,2000,-0.08019398834746028,30.00390625,153.62
2001-03-31,504.79,45.76,1.53,3.0,181.09,69.06,94.36,9.5,435.73,63.96,245.62,53.9,63.14,396.2,582.25,1093.06,45.02,111.66,0.0,292.1,1.54,293.63,300.0,759.55,56.57,-46.63,-52.96,25.3,1.5525,0.75,0.39,1.53,3.0,1.96,16.76,26.92,24.080000000000002,25.8,34.48,9.22,9.07,1.36,1.14,3,2001,89.72549019607843,29.90849673202614,45.76
2001-06-30,504.44,11.800000000000004,0.39360667129951366,0.007071904508850304,154.34,23.409999999999997,48.80999999999999,16.75,481.03,22.979999999999997,187.09,55.65,69.15,343.33,704.7,1135.15,15.34,110.06,45.0,276.32,136.1,412.42,300.0,681.06,-0.5300000000000011,-118.05000000000001,51.32,25.400000000000002,10.633966101694913,1.48,0.61,1.92,3.0,1.56,4.157470465601114,7.150521195274499,6.929117442668521,7.28992355802641,8.831549687282838,5.8,5.7,1.24,0.99,6,2001,0.21200980392157476,29.979166666666668,57.56
2001-09-30,576.8399999999999,61.17999999999999,2.040363820111167,0.0005684689236987947,210.12999999999994,91.37,117.38000000000002,19.75,485.47,84.06,237.84,79.88,65.96,411.6,728.74,1242.23,1.48,123.63,60.0,332.58,120.72,453.31,300.0,743.39,107.69,-44.22,-13.86,26.00999999999999,2.4211858450474013,1.59,0.61,3.96,3.0,0.76,19.702907192184604,32.85191847734546,32.9137476840155,34.7274044130032,41.652275560047165,7.62,7.49,1.24,1.04,9,2001,0.017045454545453254,29.984848484848484,118.74
2001-12-31,605.3700000000001,53.19000000000001,0.8878921654161579,1.4984031556183017,212.62,80.82000000000002,98.92000000000002,18.2,524.54,64.38999999999999,280.36,86.62,65.92,465.16,766.42,1315.68,17.29,135.87,60.0,375.46,105.51,480.97,300.0,794.96,106.96000000000001,-63.369999999999976,0.8100000000000005,18.10000000000001,5.123313592780597,1.37,0.61,2.87,3.0,1.05,16.173868434828133,26.593453149537606,26.766700401326126,28.177428023032633,34.83507241319142,8.03,7.85,1.24,1.06,12,2001,89.76322458029777,59.90592334494774,171.93
2002-03-31,524.03,40.06,0.67,1.8,190.02,57.61,84.52,20.9,466.42,45.02,256.0,65.58,57.54,443.53,786.47,1312.89,11.76,108.18,60.0,348.16,90.14,438.3,300.0,833.53,77.35,-36.53,-20.55,26.91,7.7975,1.5,0.53,0.67,1.8,2.69,12.2,19.16,19.24,20.12,23.88,7.83,7.64,1.27,1.11,3,2002,107.62388059701492,59.7910447761194,40.06
2002-06-30,541.8399999999999,37.81,0.5923744702709645,0.11384186042945697,177.92,55.459999999999994,82.63000000000001,20.3,486.37999999999994,48.839999999999996,209.54,73.51,62.9,397.52,611.91,1300.48,5.6,114.72,50.0,288.52,0.0,288.52,350.0,968.14,14.840000000000003,-51.980000000000004,-10.419999999999998,27.169999999999998,8.567553557259984,1.47,0.3,1.22,1.8,1.48,11.633846153846156,18.02372158726082,15.615379478618207,18.33447540773083,21.694501091562863,7.44,7.31,1.38,1.16,6,2002,7.266283337411323,63.82786885245902,77.87
2002-09-30,640.3500000000001,64.06,0.9704009018530262,0.059607887979874576,230.29000000000002,91.91,115.65,21.0,548.44,79.45,207.0,86.29,61.94,485.1,645.02,1420.22,6.42,148.37,35.0,335.72,0.0,335.72,350.0,1036.07,134.01,-78.39,-14.100000000000001,23.739999999999995,5.411552060568217,1.42,0.32,2.15,1.8,0.84,18.03591629676601,27.803114211230888,24.73393926583527,28.796082575917705,34.12200380469245,8.48,8.32,1.44,1.26,9,2002,3.934952344643534,66.0139534883721,141.93
2002-12-31,656.6200000000001,61.06,0.9114330755209615,0.026316063226851687,240.01,82.22,123.18,23.8,574.3999999999999,75.80000000000001,221.36,103.52,84.26,543.81,663.13,1498.71,0.75,166.38,20.0,352.97,0.0,352.97,350.0,1098.88,91.82,-58.609999999999985,-20.589999999999996,40.96000000000001,6.524203652145431,1.52,0.32,3.03,1.8,0.59,16.29149022119316,24.55755652987832,22.22332528695995,25.79686487019065,30.164524360805952,8.73,8.59,1.54,1.3,12,2002,1.7630025328114272,66.993399339934,202.99
2003-03-31,584.39,38.31,0.55,0.0,208.37,54.3,86.72,25.0,530.09,51.23,282.04,55.6,65.69,498.84,684.45,1471.6,0.05,119.07,5.0,287.63,0.0,287.63,350.0,1135.81,93.47,-56.15,-15.87,32.42,11.3625,1.54,0.25,0.55,0.0,0.0,10.4,15.600000000000001,13.48,15.56,18.36,6.67,6.56,1.73,1.51,3,2003,0.0,69.65454545454546,38.31
2003-06-30,591.2099999999999,32.06,0.4601477902515277,1.8999999999999997,186.32999999999998,45.019999999999996,76.84,27.25,546.1899999999999,40.50000000000001,200.59,49.71,73.35,392.75,691.15,1370.64,30.06,137.1,0.0,276.32,0.0,276.32,352.59,1045.5,20.83,-4.950000000000003,-98.61999999999999,31.819999999999993,14.804917342482845,1.84,0.26,1.01,1.9,1.88,9.348745203922126,13.558414096916302,12.264533181753588,12.738348728151202,16.547096774193548,6.08,5.99,1.42,1.16,6,2003,132.37920792079206,69.67326732673267,70.37
2003-09-30,678.4300000000001,47.50999999999999,0.6771021377672207,0.013360457185861393,237.35999999999996,67.51000000000002,100.48000000000002,28.0,610.9200000000001,66.71,255.34,69.85,60.91,443.16,689.88,1429.71,0.46,136.17,0.0,281.76,0.0,281.76,355.2,1099.53,95.83,-18.779999999999994,-19.440000000000012,32.97,10.34024205430436,1.81,0.26,1.68,1.9,1.13,13.300220563284695,18.87825246012894,17.28222599253478,17.798113335595517,23.42450967085171,6.46,6.36,1.57,1.36,9,2003,0.9374587458746078,70.16666666666667,117.88
2003-12-31,737.8300000000002,58.28,0.8270890099909174,0.008017332727823127,274.08000000000004,77.70999999999998,110.94999999999999,26.25,660.1099999999999,69.0,355.65,82.55,85.9,567.08,734.42,1599.82,4.12,199.3,0.0,373.35,0.0,373.35,358.88,1174.99,148.95,-76.68,15.650000000000006,33.239999999999995,7.934454358270419,1.6,0.32,2.5,1.9,0.76,14.57,20.882343324250684,19.836902815622164,20.498574023614896,26.38744777475023,6.91,6.8,1.52,1.29,12,2003,0.5649333333333288,70.464,176.16
2004-03-31,677.98,45.33,0.63,1.9,254.44,65.87,102.4,24.7,612.11,59.8,405.04,52.96,76.03,578.15,731.46,1603.56,1.48,144.94,0.0,323.32,0.0,323.32,360.02,1225.97,75.96,-26.79,0.02,36.53,9.8025,1.45,0.26,0.63,1.9,3.02,11.32,17.12,14.799999999999999,15.36,20.6,6.8,6.69,1.79,1.55,3,2004,136.7095238095238,71.95238095238095,45.33
2004-06-30,700.02,32.45,0.45475057855489853,-0.01583158848522719,313.42,50.19,87.34,25.5,649.84,44.18000000000001,285.66,53.59,90.54,474.06,771.3,1535.94,33.77,170.6,0.0,351.69,0.0,351.69,360.42,1127.46,48.84,-69.74000000000001,-102.45,37.150000000000006,14.015979969183359,1.63,0.31,1.09,1.9,1.74,8.444175880689123,13.3337876060684,11.514785291848805,11.94867575212137,16.35433273335048,5.74,5.64,1.35,1.09,6,2004,-1.1297072957623584,71.35779816513761,77.78
2004-09-30,833.0700000000002,66.9,0.929423555432679,0.5164263810294409,350.05999999999995,97.05000000000001,136.2,24.6,736.01,90.82000000000001,327.94,84.21,101.76,575.24,818.42,1679.05,50.08,201.41,0.0,431.21,5.48,436.69,366.54,1181.61,120.67999999999999,-80.0,2.2900000000000063,39.14999999999999,6.617650224215247,1.53,0.37,2.01,2.4,1.19,15.943544373790434,25.358003870611007,22.639093171136302,23.452916781863422,31.59115288913464,6.65,6.54,1.33,1.1,9,2004,37.17242229220872,71.98009950248758,144.68
2004-12-31,832.73,38.54999999999998,0.532290018010151,0.01467464837032915,339.06000000000006,46.889999999999986,109.88,24.2,785.8499999999999,1062.18,320.06,94.4,116.34,586.25,884.83,1748.89,40.34,213.51,0.0,444.4,0.0,444.4,374.27,1248.31,80.9,-104.51000000000002,18.14,62.989999999999995,11.371667315175102,1.45,0.36,2.53,2.4,0.95,8.819603776674121,13.069508268296671,12.354177809310697,12.72446651749167,16.772395350106418,6.12,6.02,1.32,1.06,12,2004,1.062780956875656,72.42292490118577,183.23
2005-03-31,768.95,38.34,0.51,1.5,320.53,57.29,101.19,23.0,711.66,50.7,262.82,55.44,99.96,476.53,898.68,1653.57,2.2,157.97,0.0,309.84,0.0,309.84,374.46,1286.3,39.09,-57.8,-37.48,43.9,11.275,1.34,0.24,0.51,1.5,2.94,9.28,14.08,11.92,12.2,17.04,5.06,4.99,1.54,1.22,3,2005,112.76470588235296,75.1764705882353,38.34
2005-06-30,812.25,41.72,0.5575868098925806,-0.007097617962998556,325.85,62.77,108.36000000000001,22.9,749.4800000000001,53.230000000000004,263.21,63.24,123.21,528.82,937.77,1753.14,102.0,187.19,0.0,437.68,0.0,437.68,384.49,1253.34,81.96,-105.57000000000001,23.599999999999994,45.589999999999996,10.26656279961649,1.41,0.35,1.07,1.5,1.4,9.525875593305022,15.216387709218084,13.319550337247064,14.028258805895579,19.030906819885086,5.15,5.06,1.21,0.93,6,2005,-0.5310610225398733,74.82242990654206,80.06
2005-09-30,892.3500000000001,55.349999999999994,0.7316778672180784,0.5163708418945024,374.84000000000003,79.88999999999999,127.69999999999999,22.6,812.4599999999998,72.31,222.52,81.14,111.47,504.58,978.26,1765.9,83.35,189.44,0.0,436.45,0.0,436.45,384.77,1267.62,108.45,-92.18,-56.089999999999996,47.81000000000002,7.724608401084011,1.37,0.34,1.79,2.0,1.12,12.540713388966841,18.982748689166232,17.462166752824754,18.083479802082564,24.59091647588804,5.56,5.47,1.16,0.9,9,2005,39.062444525661775,75.64804469273743,135.41
2005-12-31,941.56,68.19,0.897589390962672,0.008479766438739395,407.05999999999995,95.93,147.61,22.3,845.6300000000001,86.09999999999997,442.2,100.59,120.67,755.6,1022.59,2084.54,54.22,227.85,0.0,509.96,1.89,511.85,434.77,1512.87,184.87,-88.82,150.88,51.67999999999998,6.210412083883267,1.28,0.34,2.68,2.0,0.75,13.08872888015717,20.68474656188605,18.032168958742634,19.760363457760313,25.172693516699407,6.06,5.96,1.48,1.25,12,2005,0.6442091219878137,75.97014925373134,203.6
2006-03-31,823.28,50.49,0.58,1.6,357.02,74.87,126.34,22.5,748.42,64.66,337.04,59.84,105.07,627.77,1040.72,1970.88,1.88,162.34,0.0,340.47,2.02,342.48,436.85,1566.4,54.78,-112.75,-44.64,51.47,9.6975,1.25,0.22,0.58,1.6,2.76,10.24,16.52,12.880000000000003,14.159999999999998,18.36,6.24,6.13,1.84,1.54,3,2006,139.2827586206897,87.05172413793105,50.49
2006-06-30,856.81,25.160000000000004,0.2893483146067416,-0.0017977528089889547,347.83000000000004,43.519999999999996,97.62,23.3,813.2800000000001,31.450000000000003,297.89,67.78,120.62,559.68,1044.58,1900.52,4.78,199.53,0.0,368.38,1.58,369.96,439.04,1463.07,74.35999999999999,11.069999999999993,-123.58,54.099999999999994,20.130236486486485,1.4,0.25,0.87,1.6,1.84,5.294741573033708,8.620584269662922,6.877842696629213,7.409977528089889,10.283505617977529,4.59,4.5,1.52,1.19,6,2006,-0.15632183908047637,86.95402298850576,75.65
2006-09-30,974.8799999999999,63.81999999999999,0.7321431132143114,0.4539413576355144,405.62,90.29,151.23999999999998,24.2,884.6000000000001,74.04,275.63,125.11,157.9,644.02,1069.26,2021.84,3.41,239.86,0.0,427.12,2.32,429.44,445.11,1508.6,70.65,-81.91999999999999,-24.0,60.95000000000002,8.266143450329052,1.43,0.28,1.6,2.05,1.28,12.62946870294687,20.170542769054276,16.91250591525059,18.395095719509573,23.959383379938334,5.36,5.25,1.51,1.14,9,2006,39.56950071839074,87.16874999999999,139.47
2006-12-31,1145.0300000000002,87.32,0.9933665505533754,0.01712589289651229,474.6399999999999,125.12,189.59999999999997,32.25,1019.8999999999996,88.87999999999997,608.0,164.6,135.26,1001.72,1090.45,2398.46,3.31,247.26,0.0,504.99,2.32,507.31,502.3,1801.43,221.48,-95.85,205.79,64.47999999999999,8.116339326614751,1.8,0.28,2.58,2.05,0.79,14.56937607478284,22.932136337581024,19.389899025530223,21.084012522597998,27.152019048458925,6.12,5.97,1.98,1.72,12,2006,1.5054190891472956,87.90310077519379,226.79
2007-03-31,924.73,28.8,0.29,1.5499999999999998,379.13,50.07,112.34,31.75,874.66,39.98,279.06,87.68,112.35,896.34,1085.1,2312.92,5.29,148.1,0.0,368.82,2.32,371.14,502.3,1849.05,28.46,-375.66,23.76,62.27,27.37,1.72,0.2,0.29,1.55,5.34,5.0,9.36,6.24,6.76,10.32,3.16,3.11,2.43,2.13,3,2007,153.93103448275863,99.31034482758622,28.8
2007-06-30,910.8199999999999,7.059999999999999,0.06890686001115448,0.047605631094101576,365.66999999999996,21.520000000000003,85.57999999999998,31.5,889.3000000000001,15.18,192.37,87.5,127.2,745.77,1142.68,2197.87,5.25,171.78,0.0,355.53,2.32,357.85,523.43,1755.98,80.49000000000001,-24.609999999999957,-101.47,64.06,114.2847025495751,1.88,0.2,0.35,1.55,4.43,1.2836363636363632,2.748399330730619,1.6065142219743445,1.7561405465699942,3.0634021193530394,1.98,1.95,2.1,1.74,6,2007,4.877536945812807,102.45714285714286,35.86
2007-09-30,1101.1699999999998,83.33,0.8040062085745447,0.2677417808301272,471.28,118.25,185.69000000000003,30.5,982.9200000000001,110.93,308.31,116.24,153.34,923.91,1149.23,2355.82,5.2,241.57,0.0,452.45,1.95,454.4,523.43,1815.2,189.36,-54.58000000000004,-26.220000000000013,67.44000000000001,9.483135725429017,1.76,0.25,1.15,1.8,1.57,14.150509270911988,24.246030707274098,18.373289705512207,20.051215706015604,27.88153704169813,4.11,4.06,2.04,1.7,9,2007,27.74968944099379,103.64347826086957,119.19
2007-12-31,1140.0600000000004,62.58000000000001,0.6024921604225121,0.003900772835236066,480.18000000000006,97.80999999999997,164.92999999999995,31.0,1042.25,1530.17,312.35,135.77,170.39,1100.0,1138.0,2517.51,4.66,258.15,0.0,554.85,1.98,556.83,523.43,1873.1,174.66000000000003,-163.93999999999994,-0.7799999999999869,67.11999999999998,12.860125838926173,1.73,0.3,1.75,1.8,1.03,9.942842053144085,16.112361775870607,13.35811189965341,13.619765637894044,20.188651592672063,4.53,4.46,1.98,1.68,12,2007,0.4051677018633484,103.86857142857143,181.77
2008-03-31,1003.54,42.09,0.4,0.0,423.55,63.59,129.6,31.25,939.95,52.33,218.36,88.56,144.61,1028.98,1101.02,2405.56,3.62,178.21,0.0,408.14,2.19,410.33,523.43,1909.52,58.83,-143.78,-1.04,66.01,19.5325,1.71,0.21,0.4,0.0,0.0,7.0,10.8,8.8,8.96,12.72,4.26,4.19,2.52,2.17,3,2008,0.0,105.22500000000001,42.09
2008-06-30,1015.6700000000001,39.7,0.3786037412886661,1.25,410.98999999999995,59.86999999999999,125.34,28.75,955.8,54.43000000000001,325.36,88.9,156.19,946.94,1077.7,2306.16,3.77,189.18,0.0,382.82,2.19,385.02,523.43,1826.36,73.95,48.980000000000004,-130.71,65.46999999999998,18.98475692695214,1.65,0.21,0.78,1.25,1.6,6.892529649101356,10.639735909035336,8.69817826140115,8.872918449688227,12.464800097811468,4.1,4.05,2.47,2.07,6,2008,131.07371794871796,104.85897435897436,81.79
2008-09-30,1219.8600000000001,97.52999999999999,0.9300485166183359,0.5000777509909228,534.81,135.5,200.88,27.5,1084.3600000000001,120.55999999999999,377.3,121.65,147.58,1055.15,1047.91,2390.01,0.0,219.34,0.0,438.78,2.2,440.97,523.43,1859.98,192.72,-66.21,-56.110000000000014,65.38000000000002,7.391227314672408,1.55,0.24,1.71,1.75,1.02,16.316640642426943,23.73527325451706,20.97232210573277,21.2333883560116,28.869576176667408,5.61,5.54,2.4,2.07,9,2008,52.440901934322966,104.86549707602339,179.32
2008-12-31,1197.5499999999997,45.83000000000001,0.4376393515434156,-0.0024158683035220415,491.3700000000001,62.74000000000001,128.14000000000004,22.2,1134.81,52.73000000000002,416.52,152.02,175.79,1212.74,1021.32,2521.82,0.0,250.3,0.0,554.27,1.66,555.93,523.43,1884.09,156.67000000000002,-95.18,0.0,65.39999999999998,12.687101789221032,1.23,0.3,2.15,1.75,0.81,7.2709198312236305,10.397496779924497,9.729842327337332,9.762410837219633,13.31237841439041,5.14,5.07,2.19,1.87,12,2008,-0.25299197606418034,104.72093023255815,225.15
2009-03-31,1050.62,43.99,0.43,1.65,424.77,62.4,124.89,25.0,988.22,59.55,392.85,98.35,133.37,1144.21,1003.04,2432.94,0.0,0.0,204.74,426.93,1.66,428.59,523.43,1922.86,54.26,-72.93,0.0,62.49,14.535,1.36,0.22,0.43,1.65,3.84,7.24,10.32,9.16,9.2,12.44,4.23,4.19,2.68,2.37,3,2009,168.79883720930232,102.30232558139535,43.99
2009-06-30,1064.7400000000002,39.87,0.3803481993799189,0.039708206922944515,423.03999999999996,58.88,122.14999999999999,28.75,1005.8599999999999,28.260000000000005,433.64,97.58,144.78,1050.53,987.79,2327.44,0.0,230.39,0.0,433.24,1.66,434.89,523.43,1802.55,80.21000000000001,123.17000000000002,-172.73,63.27,18.89847253574116,1.67,0.24,0.8,1.65,2.06,6.84626758883854,9.94610541378488,8.843095635583115,8.786043405676127,12.171142380157406,4.03,3.96,2.42,2.09,6,2009,4.162412790697658,104.82499999999999,83.86
2009-09-30,1226.56,86.77,0.828899372912149,0.4977299566313079,532.3900000000001,116.85,180.20000000000002,30.5,1109.71,110.62,518.07,134.94,149.51,1181.77,977.56,2452.5,0.0,271.94,0.0,536.0,1.66,537.66,523.43,1833.87,193.64000000000001,-50.27,-52.35000000000002,63.35000000000001,9.198130978448773,1.74,0.29,1.63,2.15,1.32,14.157397878450448,19.995290394420678,18.917212682412238,18.79516614897732,25.283973509933773,5.17,5.11,2.2,1.93,9,2009,52.1028604294479,104.68098159509204,170.63
2009-12-31,1421.7799999999997,122.41000000000003,1.1696287196287196,-0.0004897256430998542,678.5800000000002,174.61,246.53999999999996,31.0,1247.17,189.26,475.11,163.73,206.55,1461.84,997.22,2754.05,3.54,362.84,0.0,692.42,17.61,710.03,523.43,1955.37,251.73000000000002,-300.42,13.969999999999999,71.93,6.625179315415407,1.66,0.36,2.8,2.15,0.77,17.77835653835654,26.14955637455638,25.046763581763585,25.49790608790609,33.45138138138139,6.23,6.15,2.11,1.81,12,2009,-0.0512532865907076,104.65714285714287,293.04
2010-03-31,1210.18,63.83,0.61,2.0,528.52,96.85,161.07,36.0,1113.33,90.19,397.57,110.33,141.38,1366.14,977.97,2647.42,3.05,244.92,0.0,536.34,17.9,554.24,523.43,2007.95,92.6,-156.38,-1.81,64.22,14.755,1.88,0.28,0.61,2.0,3.28,9.64,15.24,12.72,13.0,18.36,5.33,5.27,2.55,2.28,3,2010,209.27868852459017,104.63934426229508,63.83
2010-06-30,1173.5199999999998,66.64999999999999,0.6436158798283261,-0.020931541546471803,531.0699999999999,96.88,161.01,40.0,1076.6399999999999,86.0,464.33,108.34,187.98,1023.77,1051.32,2378.98,3.02,287.13,10.92,599.69,80.32,680.01,523.43,1613.81,161.24,282.06,-386.25,64.13,15.539159789947488,2.59,0.42,1.26,2.0,1.59,11.196873083997549,16.815741876149602,16.52969037400368,15.610239117106067,22.25072041692213,5.54,5.47,1.71,1.39,6,2010,-2.16757741347908,103.55555555555554,130.48
2010-09-30,1462.5900000000001,130.19000000000003,1.2835704147005795,1.2080482773025072,640.4300000000001,186.18000000000004,251.57,53.0,1276.4100000000003,169.26999999999998,607.9,148.12,175.61,1115.35,1063.53,2485.27,2.92,324.63,19.68,707.17,77.06,784.23,523.43,1619.69,259.4699999999999,7.9199999999999875,-110.71999999999997,65.39000000000001,10.321482832782854,3.43,0.48,2.57,3.25,1.26,20.956659377757322,30.745756703878474,32.14419917903864,30.16640196416926,42.69245099167531,6.85,6.78,1.58,1.33,9,2010,122.52993947254652,101.42801556420234,260.67
2010-12-31,1493.4700000000003,121.20999999999998,1.2029587828637267,-0.021550177312407943,673.81,175.43,243.05000000000007,70.0,1318.04,210.83999999999997,742.2,182.56,203.25,1383.04,1065.21,2746.36,3.75,351.28,22.11,850.74,81.84,932.57,523.43,1737.7,286.59000000000003,-136.2,-13.480000000000018,67.62,14.547734510353934,4.22,0.54,3.79,3.25,0.86,17.64762752697182,25.63349638629936,27.90610453545616,26.255606996962392,37.19967529066722,7.23,7.15,1.63,1.39,12,2010,-2.171393591573178,100.7598944591029,381.88
2011-03-31,1339.58,85.33,0.87,2.0,576.22,135.38,201.3,70.0,1204.2,127.66,695.88,113.21,164.83,1311.54,1058.85,2693.13,3.08,269.16,23.93,693.69,128.74,822.44,523.43,1792.76,102.55,-140.02,-2.64,65.92,20.115,4.09,0.46,0.87,2.0,2.3,12.68,20.28,19.04,17.96,27.08,6.46,6.37,1.89,1.65,3,2011,196.16091954022988,98.08045977011494,85.33
2011-06-30,1340.48,51.3,0.5218985581497474,0.004364501493672609,564.25,86.15,155.78999999999996,73.0,1254.34,91.58000000000001,467.04,117.57,204.22,1148.13,1122.15,2596.0,3.19,313.2,29.27,720.69,149.28,869.97,523.43,1649.2,90.83,-129.62999999999997,-180.14000000000001,69.64,34.96982261208577,4.63,0.53,1.39,2.0,1.44,7.89981702407963,13.381629217594963,12.435453414330674,12.570621386225572,17.737041645319476,5.15,5.1,1.59,1.31,6,2011,0.4290085173240925,98.29496402877699,136.63
2011-09-30,1635.3300000000004,156.72000000000003,1.5973846940514747,1.246236969858236,742.9200000000001,233.47,297.89000000000004,70.0,1401.8400000000001,233.76999999999998,536.97,144.07,240.4,1250.55,1128.31,2732.48,0.0,373.01,28.16,811.25,167.37,978.62,523.43,1680.3,241.42000000000002,-70.85000000000002,-104.48999999999998,64.41999999999999,10.954765664880039,4.36,0.58,2.99,3.25,1.09,22.951052326572356,37.26874791205046,37.31148730185785,37.99531753877621,50.60343753195841,6.86,6.8,1.54,1.25,9,2011,122.2687675946199,98.11036789297658,293.35
2011-12-31,1625.83,160.45999999999998,1.637094378704744,-0.003158284016581987,749.0599999999997,244.15999999999997,307.9,76.5,1381.6800000000003,236.78999999999996,672.79,192.19,239.51,1529.99,1162.08,3039.21,1.58,382.0,32.68,957.7,171.24,1128.94,523.43,1841.07,306.71,-166.43,-2.0200000000000387,63.74000000000004,11.68038950517263,4.35,0.61,4.63,3.25,0.7,21.116042396597695,34.184510698309865,34.86339216852868,35.86757100989401,47.507559551354085,7.72,7.64,1.6,1.35,12,2011,-0.30955958305941067,98.01511879049676,453.81
2012-03-31,1516.89,168.88,1.72,2.75,706.9,225.8,289.06,87.0,1291.09,211.22,497.22,114.89,194.18,1539.43,1161.15,3063.88,0.0,289.88,29.61,793.95,185.31,979.26,523.43,2009.91,175.57,-357.48,5.79,63.26,12.645,4.53,0.49,1.72,2.75,1.6,22.04,31.36,33.6,35.52,39.8,11.33,11.13,1.94,1.69,3,2012,270.01162790697674,98.18604651162791,168.88
2012-06-30,1501.97,118.54000000000002,1.2084134715746992,-0.0025366006799871286,672.41,159.31,225.07,135.0,1342.66,141.69000000000003,384.97,170.1,234.55,1346.67,1181.2,2893.54,0.19,602.6,30.89,780.49,192.05,972.54,523.43,1852.4,109.11000000000001,58.25,-276.23,65.76000000000002,27.932161295765138,7.63,0.53,2.93,2.75,0.94,16.38163245424814,23.14544847261847,25.603518196367688,27.08825829796118,30.074235613388076,9.7,9.52,1.73,1.42,6,2012,-0.24882927216447115,98.09556313993174,287.42
2012-09-30,1783.6199999999994,228.35999999999996,2.3288487339563377,1.4989194601979283,816.9500000000003,300.71000000000004,365.62,165.0,1482.9099999999999,270.1499999999999,417.2,191.0,236.87,1506.71,1167.86,3043.76,1.74,469.78,38.05,859.64,181.39,1041.02,523.43,1936.32,293.92,-111.78999999999996,-146.26999999999998,64.91,17.71328012786828,8.92,0.54,5.26,4.25,0.81,30.018240335026555,42.06095622164488,47.17911047345767,50.50856721858156,55.6090115940905,10.96,10.74,1.75,1.48,9,2012,146.9795968024501,98.05703422053232,515.78
2012-12-31,1850.6900000000005,192.02999999999997,1.958797699947726,-0.0009714401563052316,865.6299999999997,250.9799999999999,317.53999999999996,172.5,1599.71,239.6400000000001,443.46,223.32,270.79,1822.48,1222.47,3448.16,0.0,398.19,38.54,1073.28,182.1,1255.38,523.43,2126.83,366.14,-319.83000000000004,-17.439999999999998,66.56,22.014243737957614,8.49,0.59,7.22,4.25,0.59,22.2792890747517,31.340763199163614,36.115671719811814,38.720167276529004,42.81139571353894,10.84,10.64,1.7,1.45,12,2012,-0.0952347724424385,98.03462603878116,707.81
2013-03-31,1637.7,136.24,1.39,4.5,723.64,169.92,234.74,190.0,1467.78,154.38,381.19,141.39,233.13,1680.18,1278.85,3380.25,0.0,305.05,36.59,883.45,180.05,1063.5,523.43,2253.07,95.1,-156.3,-8.32,64.82,34.1725,8.83,0.47,1.39,4.5,3.24,16.12,21.080000000000002,24.2,25.56,27.24,8.51,8.32,1.9,1.64,3,2013,441.0647482014389,98.01438848920864,136.24
2013-06-30,1610.49,108.70999999999998,1.1095121453357828,-0.0015793856035814055,708.6999999999999,140.07000000000002,208.81,153.5,1470.4199999999998,131.84000000000003,362.82,129.8,268.28,1208.1,1353.27,2991.35,0.55,366.22,24.14,831.32,151.7,983.02,523.43,1927.28,106.22,360.4,-489.07,68.74000000000001,34.58727347990066,8.34,0.51,2.5,4.5,1.8,14.539047152480094,18.710812818942635,22.563038987548477,23.00684384568279,25.47439885690957,7.66,7.54,1.45,1.13,6,2013,-0.1547482014389061,97.97999999999999,244.95
2013-09-30,1926.94,220.32,2.244539299761429,1.2581707395705717,898.0699999999999,282.87,359.73999999999995,132.0,1644.0600000000004,270.1,576.29,154.1,266.76,1313.5,1415.46,3182.62,0.08,398.75,25.84,913.02,151.49,1064.51,523.43,2032.38,336.44,5.0,-116.27999999999997,76.87,14.703351375272332,6.8,0.52,4.74,5.75,1.21,27.69212199368109,36.06415887549165,43.35654394222709,44.41725449738861,49.47457089431943,9.12,8.99,1.44,1.15,9,2013,123.49981012658225,98.15822784810126,465.27
2013-12-31,1928.0900000000001,160.75,1.638262355835277,-0.0021079016766150202,865.5300000000002,209.14,288.3299999999999,135.0,1718.96,192.7199999999999,546.86,232.96,317.95,1594.9,1489.9,3539.15,2.06,424.22,26.17,1086.39,161.55,1247.94,490.41,2202.7,282.11,-317.24,7.6200000000000045,79.19,20.60121804043546,6.01,0.57,6.38,5.75,0.9,18.169818855627618,23.58276093415546,29.190856522155844,29.704418389188845,33.58694610395834,8.94,8.81,1.47,1.18,12,2013,-0.20683207015588323,98.12225705329153,626.02
2014-03-31,1681.62,109.24,1.11,4.25,755.56,134.92,219.04,139.0,1546.71,118.5,404.25,116.88,282.76,1410.06,1565.71,3427.24,0.0,325.34,28.53,820.78,206.28,1027.07,490.41,2311.5,79.59,-232.01,9.28,84.12,31.3075,5.9,0.44,1.11,4.25,3.83,12.76,15.839999999999998,18.92,19.16,20.72,6.6,6.5,1.72,1.37,3,2014,418.26126126126115,98.4144144144144,109.24
2014-06-30,1696.6,73.41000000000001,0.14870900629619493,3.4027146637466923,735.52,89.08000000000001,177.54,29.0,1607.5099999999998,83.99000000000001,409.15,126.09,317.76,1157.8,1560.88,3170.9,2.24,456.67,26.99,908.21,202.52,1110.73,490.41,1971.78,180.03,236.56,-421.13,88.46000000000001,48.75394019888298,7.21,0.56,0.37,4.25,11.49,9.26015001368738,11.687724062414455,14.88697727894881,15.063820421571311,15.915882836025188,5.49,5.41,1.27,0.92,6,2014,1679.7454954954956,493.64864864864865,182.65
2014-09-30,1948.4600000000005,131.30999999999997,0.2676723149445789,0.07326307706610877,878.5999999999999,169.72000000000003,258.04,26.5,1778.7500000000005,165.7,389.17,165.16,305.61,1199.28,1551.34,3221.96,0.0,407.98,24.08,891.99,200.85,1092.84,490.41,2045.92,211.57999999999998,-178.19,-57.31,88.31999999999996,24.752653263270126,6.35,0.53,0.64,4.35,6.8,16.29455217225124,20.560579691680466,25.67981271499554,25.76346031341572,28.272888266021145,5.97,5.89,1.34,1.0,9,2014,35.94011824324298,490.56249999999994,313.96
2014-12-31,2025.7599999999993,183.78000000000003,0.372921203841363,0.019855057359263982,950.3800000000001,238.97000000000003,337.55999999999995,27.0,1786.7799999999997,233.11999999999995,570.4,263.52,328.83,1544.73,1605.78,3625.1,0.91,541.93,21.65,1123.77,182.64,1306.41,490.41,2234.72,395.09999999999997,-191.3,-13.129999999999995,98.59000000000003,18.098528403525954,5.93,0.58,1.01,4.35,4.31,20.27805199501748,26.082330534013746,32.89091172097883,33.127218226383256,37.351197010487404,6.86,6.77,1.37,1.08,12,2014,9.784808168316886,492.81188118811883,497.74
2015-03-31,1770.66,120.43,0.25,0.7,821.37,154.16,240.87,26.5,1616.51,152.5,489.24,141.36,275.36,1427.59,1557.36,3463.14,0.0,361.97,19.87,856.25,180.71,1036.96,490.41,2346.3,160.6,-243.9,-9.06,86.71,26.5,5.54,0.44,0.25,0.7,2.8,13.92,17.88,20.52,20.68,23.64,6.88,6.8,1.67,1.35,3,2015,337.204,481.72,120.43
2015-06-30,1753.24,125.79999999999998,0.25545221946960156,0.015266214514884403,810.87,153.26000000000002,241.62,26.5,1599.97,135.7,472.94,190.24,297.83,1203.71,1577.16,3284.71,0.0,740.17,20.6,874.52,184.32,1058.83,490.41,2140.4,189.57000000000002,151.39,-345.82,88.36,25.934399841017488,6.07,0.49,0.5,0.7,1.4,15.327133168176095,19.455241034804853,23.501604191203345,24.482540713966614,26.07656256345693,7.08,6.99,1.38,1.04,6,2015,7.517999999999972,492.46,246.23
2015-09-30,2065.68,191.65,0.38953252032520325,0.1993455284552846,967.47,245.47999999999996,342.76,27.0,1820.2000000000003,237.32,630.52,183.64,296.06,1328.64,1561.94,3485.86,0.0,451.07,19.95,966.2,184.86,1151.06,490.41,2239.74,332.94,-74.55999999999999,-102.69,97.28000000000003,17.330132011479257,5.91,0.51,0.89,0.9,1.01,21.98889193386316,28.869174202977984,34.226340549922355,35.76696355165799,38.41053256599982,7.93,7.83,1.38,1.07,9,2015,98.07800000000003,492.0,437.88
2015-12-31,2049.6499999999996,168.25,0.3414242819197202,0.0014402850873575718,954.54,211.94000000000005,307.45000000000005,28.0,1837.71,205.14999999999998,650.97,333.5,324.04,1635.38,1579.71,3806.7,0.0,907.88,16.3,1103.63,203.95,1307.58,490.41,2409.63,260.41999999999996,-243.40000000000003,-6.3700000000000045,95.50999999999999,20.49854205052006,5.7,0.54,1.23,0.9,0.73,17.676340059063236,22.850444624090542,27.924620130995,28.979426855625036,31.422137165294576,8.03,7.93,1.48,1.19,12,2015,0.7097560975610122,492.7886178861789,606.13
2016-03-31,1807.66,88.1,0.18,0.9,820.55,116.17,209.76,28.5,1691.48,110.08,625.2,129.34,281.21,1572.63,1565.67,3689.97,0.0,379.6,12.65,897.41,207.42,1104.83,490.41,2493.95,175.16,-202.49,-6.41,93.59,39.5825,5.6,0.44,0.18,0.9,5.0,9.56,12.999999999999998,14.120000000000001,14.56,16.64,4.95,4.87,1.75,1.44,3,2016,440.5,489.44444444444446,88.1
2016-06-30,1937.8,136.45000000000002,0.27952349142729904,-0.002382542863504681,817.1400000000001,185.49,281.40000000000003,27.0,1752.33,110.94000000000001,461.77,179.21,298.4,1234.58,1552.75,3383.34,0.0,440.15,8.25,898.5,213.98,1112.47,490.41,2181.01,91.77000000000001,192.0,-448.28999999999996,95.91,24.150027482594357,6.07,0.51,0.46,0.9,1.96,16.13944333110666,21.997283455800495,25.03558227566244,25.254339790692498,29.507958138499227,6.21,6.0,1.37,1.04,6,2016,-1.1630434782608177,488.1521739130435,224.55
2016-09-30,2131.1400000000003,120.99000000000001,0.2451033165480118,0.1099847497678492,936.5999999999999,156.07,253.00999999999993,26.5,1975.06,159.96,502.22,179.7,308.85,1327.65,1579.48,3565.24,7.99,495.09,14.1,997.35,234.04,1231.39,490.41,2248.92,209.26999999999998,-149.32,-20.420000000000016,96.94,27.0314579717332,5.78,0.55,0.7,1.0,1.43,13.571720784858481,18.179663135961103,21.513068241014064,21.56909185622504,24.972526480291716,6.02,5.88,1.33,1.02,9,2016,54.29161490683231,493.6285714285715,345.54
2016-12-31,2055.4299999999994,91.96999999999997,0.18708898082329542,-0.004158598823863811,901.6199999999999,99.23000000000002,205.04000000000008,25.5,1956.1900000000005,94.25,551.89,264.34,311.74,1447.4,1673.94,3713.71,7.9,470.31,14.03,1043.95,249.15,1293.1,490.41,2331.34,229.43,-181.92000000000002,1.3999999999999773,105.81,34.0726908230945,5.36,0.55,0.89,1.0,1.12,9.90520536673447,12.45297890333935,15.782742337318,15.52207903819341,17.540117483028954,5.63,5.52,1.39,1.09,12,2016,-2.044301765650175,491.5842696629213,437.51
2017-03-31,1854.83,87.34,0.17,0.7,830.06,105.23,213.42,24.9,1749.6,99.5,470.93,237.12,261.45,1340.17,1659.68,3614.02,0.0,704.67,21.46,850.0,252.71,1102.71,490.41,2418.35,95.44,-197.29,1.74,108.19,36.6175,5.05,0.46,0.17,0.7,4.12,9.68,11.52,14.44,14.240000000000002,15.239999999999998,4.77,4.71,1.58,1.27,3,2017,359.63529411764705,513.7647058823529,87.34
2017-06-30,1817.2400000000002,74.50999999999999,0.15192029657089898,-0.03326936706100419,823.8400000000001,81.67,183.13000000000002,23.8,1735.5700000000002,84.03999999999999,495.37,150.74,288.86,1085.81,1650.61,3364.49,0.1,429.15,21.65,869.77,258.58,1128.35,490.41,2151.75,186.18,191.28,-348.98,101.46000000000001,39.164615487853986,5.42,0.52,0.33,0.7,2.12,8.857413654618473,10.201678097003398,13.847765214704973,13.755692307692307,13.792521470497372,4.46,4.41,1.25,0.92,6,2017,-16.317112299465236,490.45454545454544,161.85
2017-09-30,2099.0099999999998,143.57000000000002,0.2914458778076092,0.07306701353129223,956.7999999999997,165.42,271.52000000000004,22.4,1933.5900000000001,149.9,622.31,323.41,359.64,1351.41,1623.58,3619.9,0.0,924.96,21.59,1023.12,257.02,1280.14,490.41,2261.34,267.78,-102.03,-38.18000000000001,106.1,19.215059901093543,4.86,0.57,0.62,0.77,1.24,15.869698120620784,18.44570362124288,25.40279876890839,25.459207648484053,25.515616528059724,5.35,5.29,1.32,0.97,9,2017,35.993753665689155,492.61290322580646,305.42
