,revenue,net_profit,eps,dps,gross_profit,ebit,ebitda,close_price,allowance_doubtful_accounts,expense,operating_profit,cash,account_receivable,inventory,current_asset,property_plant_equipment,total_asset,short_term_loan,account_payable,current_portion_long_term_debt,current_liability,non_current_liability,total_liability,paid_in_capital,total_equity,cash_flow_operation,cash_flow_investment,cash_flow_financing,depreciation,P/E,P/BV,D/E,EPS,DPS,DPR%,ROA%,ROAA%,ROE%,ROAE%,ROCE%,NPM%,NPMA%,TIE,CurrentRatio,QuickRatio,month,year,dividend,number_of_shares,return_old
2005-09-30,,,,,,,,,0.0,,,2.28,47.41,16.99,89.02,61.89,152.68,11.96,51.39,5.06,68.42,31.21,99.62,35.0,53.06,,,,,,0.0,1.88,0.43,0.0,0.0,,,,,,5.78,5.75,0.0,1.3,1.05,9,2005,,34.93023255813954,15.02
2005-12-31,66.17000000000002,1.870000000000001,0.05203670811130849,0.0,9.310000000000002,2.16,3.6700000000000017,2.16,0.0,64.02000000000001,1.5799999999999983,19.79,48.79,25.29,109.83,60.2,172.11,6.0,55.78,0.0,72.59,3.72,76.31,50.0,95.8,-2.0,0.33000000000000007,19.18,1.5099999999999998,10.38689839572192,1.13,0.8,0.47,0.0,0.0,4.344511545293075,0.0,7.80772054470101,0.0,11.239928952042634,5.19,5.16,0.0,1.51,1.16,12,2005,0.0,35.93617021276596,16.89
2006-03-31,87.64,5.82,0.11999999999999998,0.0,14.97,7.45,8.71,2.2,0.0,80.19,6.84,29.99,51.51,0.0,126.98,59.29,192.55,6.0,67.45,0.0,98.4,3.53,101.94,50.0,90.61,14.92,-4.49,-0.22,1.26,4.5825,1.21,1.13,0.12,0.0,0.0,12.079999999999998,0.0,25.679999999999996,0.0,31.640000000000004,6.69,6.64,0.0,1.29,1.29,3,2006,0.0,48.50000000000001,5.82
2006-06-30,88.66000000000001,8.28,0.16442553191489362,0.22,19.57,10.780000000000001,12.18,2.12,0.0,77.88,9.850000000000001,10.39,67.97,35.28,130.27,58.85,195.18,6.04,66.02,0.0,92.98,3.3,96.28,50.0,98.9,-9.780000000000001,1.4500000000000002,-11.28,1.4000000000000001,3.222735507246377,1.07,0.97,0.28,0.22,0.79,16.959319148936167,0.0,33.495829787234044,0.0,41.90502127659574,8.07,8.0,0.0,1.4,1.02,6,2006,11.078571428571427,50.357142857142854,14.1
2006-09-30,92.37,7.790000000000001,0.15658291457286433,0.1973151471643934,19.0,10.27,11.409999999999997,2.28,0.0,82.11000000000001,10.25,7.8,55.41,38.71,122.26,58.3,189.02,6.62,59.45,0.0,89.34,2.99,92.33,50.0,96.68,10.23,-3.13,-9.690000000000001,1.1399999999999997,3.6389666238767644,1.18,0.96,0.44,0.42,0.95,16.4839104613979,23.743663773412518,32.227610781178626,41.62258565555048,40.69732297852901,8.22,8.15,0.0,1.37,0.94,9,2006,9.816428571428572,49.75,21.89
2006-12-31,95.34999999999997,4.09,0.0818629715165512,0.0017782909930715571,13.390000000000008,5.219999999999999,6.68,3.04,0.0,90.12,7.400000000000002,17.88,59.9,29.91,114.79,67.24,185.55,6.0,63.11,0.95,82.0,2.77,84.77,50.0,100.77,18.46,-7.51,-0.8599999999999994,1.46,9.289914425427874,1.51,0.84,0.52,0.42,0.81,8.816012317167052,11.876428021555041,16.234056966897615,16.64337182448037,20.503525789068515,7.2,7.14,0.0,1.4,1.04,12,2006,0.08884615384615202,49.96153846153846,25.98
2007-03-31,78.83,1.46,0.030000000000000002,0.20000000000000004,10.94,2.35,4.09,2.94,1.03,76.49,2.44,23.28,52.91,24.47,108.41,73.6,183.03,6.0,56.72,1.7,75.23,5.57,80.8,50.0,102.23,7.14,-0.08,-1.67,1.74,24.499999999999996,1.44,0.79,0.03,0.2,6.67,3.2,5.0,5.72,6.040000000000001,8.72,1.88,1.85,0.0,1.44,1.12,3,2007,9.733333333333334,48.666666666666664,1.46
2007-06-30,63.290000000000006,1.58,0.031184210526315786,0.007894736842105269,9.660000000000002,2.22,4.01,2.36,1.05,61.06000000000002,2.2900000000000005,8.75,40.88,25.67,84.27,72.68,158.51,0.0,48.66,1.74,59.59,5.11,64.7,50.0,93.81,4.2299999999999995,-2.2199999999999998,-16.53,1.7899999999999998,18.918227848101264,1.26,0.69,0.06,0.2,3.33,3.991578947368421,5.3636842105263165,6.735789473684211,6.548684210526315,9.604736842105265,2.17,2.14,0.0,1.41,0.98,6,2007,0.40000000000000036,50.66666666666667,3.04
2007-09-30,80.03999999999999,1.9100000000000001,0.03858585858585859,0.04528619528619526,10.349999999999998,2.67,4.43,2.12,0.0,77.35999999999999,0.8999999999999995,25.22,44.26,27.08,103.31,77.34,182.13,0.0,65.84,3.07,80.04,8.86,88.9,50.0,93.22,18.980000000000004,-5.7700000000000005,3.26,1.7600000000000002,13.735602094240836,1.14,0.95,0.1,0.25,2.5,4.198141414141414,6.0193939393939395,8.195636363636362,8.04129292929293,10.942949494949495,2.26,2.23,0.0,1.29,0.95,9,2007,2.2416666666666654,49.5,4.95
2007-12-31,76.57000000000002,3.0699999999999994,0.06124688279301745,0.003117206982543606,11.400000000000002,4.16,5.890000000000002,2.02,2.84,72.41999999999999,6.420000000000001,18.67,46.19,25.02,95.63,86.2,186.55,0.0,61.92,3.82,75.29,14.97,90.26,50.0,96.29,-3.0500000000000007,-10.68,7.18,1.7299999999999995,8.248583061889253,1.05,0.94,0.16,0.25,1.56,6.584039900249375,9.386084788029924,12.754663341645882,12.463740648379051,15.694513715710722,2.72,2.68,0.0,1.27,0.94,12,2007,0.15624999999999822,50.12499999999999,8.02
2008-03-31,86.78,4.3,0.09,0.15,15.16,5.92,7.98,2.08,1.02,80.87,5.98,24.52,42.28,47.09,132.48,93.25,227.43,0.0,90.15,3.69,107.76,19.08,126.84,50.0,100.59,11.42,-9.31,3.74,2.06,5.7775,1.03,1.26,0.09,0.15,1.67,7.56,11.52,17.08,16.96,19.8,5.01,4.96,0.0,1.23,0.79,3,2008,7.166666666666667,47.77777777777778,4.3
2008-06-30,93.74000000000001,6.989999999999999,0.14240035429583703,0.004000590493061678,18.91,9.32,12.36,2.26,1.67,84.4,9.84,12.12,55.73,51.3,133.8,92.56,228.29,10.0,71.28,4.14,108.6,19.6,128.2,50.0,100.09,-14.3,-0.28999999999999915,2.1899999999999995,3.0399999999999996,3.9692668097281834,1.13,1.28,0.23,0.15,0.65,12.25881310894597,19.515039858281664,27.935234720992025,28.851550044286977,31.526200177147917,6.31,6.25,0.0,1.23,0.76,6,2008,0.1963768115942015,49.086956521739125,11.29
2008-09-30,81.46000000000001,6.150000000000002,0.1234231651376147,0.1522324990027922,18.009999999999998,8.360000000000001,10.420000000000002,2.1,2.43,73.10999999999999,8.14,16.78,42.58,73.67,154.56,90.38,246.94,10.0,83.42,4.06,129.64,18.56,148.2,50.0,98.74,13.84,-0.13000000000000078,-9.05,2.0600000000000005,4.253658536585365,1.06,1.5,0.35,0.3,0.86,9.958486238532112,15.516055045871564,24.910321100917436,25.62970183486239,28.38027522935781,6.72,6.66,0.0,1.19,0.62,9,2008,7.585527950310562,49.828571428571436,17.44
2008-12-31,101.38999999999999,2.7300000000000004,0.054139811601388206,0.003548409944047022,12.920000000000002,4.059999999999999,5.469999999999995,1.5,3.17,97.32999999999998,4.009999999999998,13.27,40.71,47.35,112.64,88.73,203.46,8.0,54.64,3.96,84.48,17.51,101.99,50.0,101.46,1.1999999999999993,-1.0700000000000003,-3.6399999999999997,1.4100000000000001,6.926510989010988,0.74,1.01,0.4,0.3,0.75,5.365255329697571,7.677025285076847,10.762994546355975,11.044521566683194,12.587506197322757,5.6,5.55,0.0,1.33,0.77,12,2008,0.1789285714285711,50.425000000000004,20.17
2009-03-31,63.75,-3.29,-0.07,0.0,4.26,-2.9,-0.75,1.45,-0.13,66.65,-3.89,9.54,36.52,20.85,83.68,86.64,171.92,8.0,29.96,3.86,57.29,16.46,73.75,50.0,98.17,-1.83,-0.37,-1.52,2.15,-5.1775,0.74,0.75,-0.07,0.0,0.0,-7.64,-5.8,-13.4,-13.24,-10.12,-5.23,-5.16,0.0,1.46,1.1,3,2009,0.0,46.99999999999999,-3.29
2009-06-30,66.84,-0.3500000000000001,-0.006730769230769233,0.12000000000000001,10.200000000000001,0.22999999999999998,2.3600000000000003,1.59,0.26,66.60999999999999,8.540000000000001,22.13,46.22,24.15,107.12,84.62,193.65,8.0,55.79,3.9,86.5,15.32,101.83,50.0,91.82,19.85,-0.09000000000000002,-7.18,2.1300000000000003,-59.045999999999985,0.87,1.11,-0.07,0.12,-1.71,-0.7230769230769232,-0.48846153846153856,-1.5230769230769234,-1.457692307692308,-0.957692307692308,-2.82,-2.79,-8.34,1.24,0.96,6,2009,6.24,52.0,-3.64
2009-09-30,98.53999999999999,7.4,0.15744680851063833,0.037234042553191474,17.949999999999996,9.19,11.25,1.58,0.98,89.35000000000002,12.459999999999999,9.41,47.06,37.38,123.39,82.74,209.0,0.0,76.55,3.98,98.11,14.17,112.28,50.0,96.72,-0.41000000000000014,-0.15999999999999998,-12.16,2.0599999999999996,2.5087837837837834,0.82,1.16,0.08,0.17,2.13,14.170212765957448,22.514893617021276,30.623404255319155,30.30851063829788,46.289361702127664,1.66,1.64,7.95,1.26,0.88,9,2009,1.7499999999999991,46.99999999999999,3.76
2009-12-31,66.64999999999998,-0.05999999999999961,-0.0011351351351351277,0.018837837837837854,11.940000000000005,0.4900000000000002,2.5600000000000005,4.06,1.64,66.14999999999998,4.789999999999999,4.8,37.68,41.04,107.42,80.81,192.04,10.0,50.49,4.63,92.94,12.44,105.37,50.0,86.67,-13.01,-0.18000000000000005,8.59,2.0700000000000003,-894.1666666666725,2.34,1.22,0.07,0.17,2.43,-0.12518918918918837,-0.22962162162162011,-0.27697297297297113,-0.25491891891891727,-0.4585945945945916,1.26,1.25,6.61,1.16,0.71,12,2009,0.9957142857142864,52.857142857142854,3.7
2010-03-31,90.85,3.42,0.07,0.20000000000000004,15.26,4.84,6.83,7.1,0.18,86.0,7.67,14.81,47.45,31.61,111.24,78.96,196.61,13.0,56.85,4.5,95.04,11.48,106.52,50.0,90.09,18.29,-0.15,-8.13,1.99,25.3575,3.94,1.18,0.07,0.2,2.86,6.96,10.52,15.200000000000001,14.52,19.08,3.81,3.76,0.0,1.17,0.84,3,2010,9.771428571428572,48.857142857142854,3.42
2010-06-30,72.77000000000001,0.8600000000000003,0.018084112149532715,0.04452603471295059,12.65,1.8200000000000003,3.99,7.1,0.66,70.97,7.290000000000001,17.16,38.17,24.43,99.27,80.07,185.62,10.0,46.75,4.95,85.42,11.75,97.17,50.0,88.44,10.380000000000003,0.01999999999999999,-8.049999999999999,2.17,98.1538372093023,4.01,1.1,0.09,0.25,2.78,1.8566355140186923,2.8211214953271035,3.890093457943926,3.8177570093457955,5.344859813084114,2.64,2.62,0.0,1.16,0.88,6,2010,2.117460317460317,47.55555555555556,4.28
2010-09-30,75.5,1.2699999999999996,0.025171171171171163,0.01436436436436435,13.45,2.459999999999999,4.43,7.3,1.17,73.03,4.599999999999998,24.75,33.37,35.91,108.54,78.26,192.18,0.0,69.13,4.16,94.39,8.07,102.46,50.0,89.72,22.259999999999998,-0.13,-14.54,1.9699999999999998,72.49960629921263,4.07,1.14,0.11,0.25,2.27,2.6452612612612603,4.1646846846846834,5.665801801801801,5.446126126126125,8.53989189189189,2.34,2.32,0.0,1.15,0.77,9,2010,0.724747474747474,50.45454545454545,5.55
2010-12-31,77.13,3.420000000000001,0.06862876254180603,-0.0031164487686226633,14.840000000000003,4.870000000000001,7.010000000000002,17.8,2.31,72.26999999999998,7.84,10.87,31.8,20.27,76.9,81.06,163.14,0.0,37.43,4.15,60.37,9.63,70.0,50.0,93.14,-10.899999999999999,-0.16999999999999998,-2.8100000000000023,2.1399999999999997,64.84234649122806,9.56,0.75,0.18,0.25,1.39,8.387959866220738,12.017658862876255,14.68655518394649,15.22033444816054,20.756387959866224,2.88,2.84,1.12,1.27,0.94,12,2010,-0.1553030303030294,49.833333333333336,8.97
2011-03-31,40.08,-3.21,-0.01,0.0,1.74,14.71,24.41,26.0,0.0,25.37,-13.22,92.35,63.57,49.18,285.45,1969.78,2927.82,0.0,76.93,146.9,1496.04,596.29,2092.34,500.0,571.13,-25.69,15.35,56.66,9.7,-650.0,22.76,3.66,-0.01,0.0,0.0,-0.44000000000000006,3.76,-2.24,-3.88,4.12,-29.34,-8.01,0.0,0.19,0.16,3,2011,0.0,321.0,-3.21
2011-06-30,168.89,-15.5,-0.06627471940138963,0.0,17.75,17.61,35.900000000000006,22.0,0.0,151.28,-3.5699999999999985,201.47,91.32,38.81,452.38,3217.32,4098.88,132.2,58.22,152.47,1931.94,1214.0,3145.94,500.0,559.65,-31.580000000000002,-199.19,339.88,18.29,-82.98790322580645,19.66,5.62,-0.08,0.0,0.0,-1.5243185462319615,5.003741314804917,-11.067878140032068,-19.120256547300905,4.937466595403527,-14.53,-8.95,0.0,0.23,0.21,6,2011,0.0,233.875,-18.71
2011-09-30,168.1,3.25,0.0063065976714100904,0.0,144.29,40.660000000000004,60.05,16.7,-1.01,127.45000000000002,163.98,167.73,95.95,41.77,501.09,3422.38,4452.33,659.32,66.52,171.75,1718.83,1708.33,3427.16,500.0,560.96,10.14,-964.7199999999999,920.8500000000001,19.390000000000004,662.0090923076922,14.89,6.11,-0.03,0.0,0.0,0.2943078913324708,-2.6403622250970242,2.3208279430789127,3.9941785252263906,-2.2451487710219924,-4.16,-4.1,2.15,0.29,0.27,9,2011,0.0,515.3333333333334,-15.46
2011-12-31,209.21999999999997,3.6700000000000017,0.006225614927905007,0.0,109.28999999999999,76.33999999999999,104.74,14.9,0.0,132.87,36.599999999999994,48.36,130.28,29.54,622.62,4070.89,5201.2,493.24,61.2,234.56,1635.22,2409.86,4045.08,500.0,568.52,-171.54,-703.51,736.1499999999999,28.4,598.3344686648499,13.1,7.12,-0.02,0.0,0.0,0.28637828668363036,-6.935335029686179,2.5774045801526726,4.432637828668366,-5.217065309584397,-2.04,-2.01,2.12,0.38,0.36,12,2011,0.0,589.5,-11.79
2012-03-31,213.9,10.94,0.02,0.0,119.73,87.75,118.08,15.2,0.0,126.15,90.01,841.39,280.96,38.88,1351.94,5257.11,6850.1,23.3,1082.66,290.56,1496.33,2943.56,4439.89,560.0,1802.28,-4.35,-810.68,1344.44,30.33,190.0,4.72,2.46,0.02,0.0,0.0,0.64,7.160000000000001,2.44,3.68,6.56,5.28,5.11,0.0,0.9,0.88,3,2012,0.0,547.0,10.94
2012-06-30,277.29999999999995,9.570000000000002,0.01866406630911751,0.0,152.40999999999997,100.83000000000001,140.69,16.4,-1.57,176.48,89.7,382.88,180.78,39.06,994.47,8461.48,9795.56,73.76,396.34,320.24,4169.42,3176.3,7345.72,560.0,1827.38,158.35999999999999,-873.4700000000001,256.5999999999999,39.86,219.67345872518283,5.03,4.02,0.04,0.0,0.0,0.39194539249146765,5.057961969770844,2.090375426621161,3.2102194051682114,6.252462213554365,4.37,4.18,0.0,0.24,0.23,6,2012,0.0,512.75,20.51
2012-09-30,329.85999999999996,13.719999999999995,0.02404907975460122,0.0,170.26,124.71000000000001,170.53000000000003,16.0,-1.89,205.14,108.30999999999997,227.88,272.83,49.32,954.96,9183.58,10658.83,315.99,375.19,508.47,3178.14,4957.9,8136.04,560.0,1841.1,17.400000000000006,-2326.5299999999997,2154.13,45.82000000000001,166.32860969387758,4.87,4.42,0.06,0.0,0.0,0.513047034764826,6.653578732106338,2.9820858895705515,4.5693251533742325,6.717709611451942,4.39,4.17,0.0,0.3,0.28,9,2012,0.0,570.5,34.23
2012-12-31,456.1300000000001,5.130000000000003,0.009123475609756104,0.0,204.34000000000003,125.48999999999995,172.33999999999997,17.9,0.0,330.64,126.84000000000003,72.19,289.15,54.94,1295.43,11147.9,13021.68,1197.87,1932.23,728.27,4046.41,6416.78,10463.19,560.0,1834.61,-35.47999999999999,-2194.69,2074.4799999999996,46.85000000000001,490.4846783625729,5.46,5.7,0.07,0.0,0.0,0.15640243902439033,2.5128658536585378,1.1208841463414638,1.7100000000000009,2.5493597560975623,3.24,3.08,0.0,0.32,0.31,12,2012,0.0,562.2857142857142,39.36
2013-03-31,558.88,95.23,0.17,0.0,339.75,296.22,367.99,32.25,0.0,262.66,259.99,173.96,484.18,51.11,1244.47,13616.1,15699.08,0.03,3667.41,1331.65,5093.44,7879.98,12973.42,560.0,1959.99,693.38,-1285.34,693.73,71.77,47.4275,9.21,6.62,0.17,0.0,0.0,2.44,10.52,19.44,20.24,11.16,18.22,17.04,0.0,0.24,0.23,3,2013,0.0,560.1764705882352,95.23
2013-06-30,597.9699999999999,108.63000000000001,0.1918316491709997,0.0,370.15,281.03,359.86,23.1,0.0,316.94,232.09999999999997,143.49,570.68,41.0,1217.96,16061.36,18325.03,0.0,3627.15,1754.56,5458.31,9990.86,15449.16,560.0,2068.62,-89.95000000000005,-2289.3599999999997,2348.84,78.83,30.106085335542666,6.25,7.47,0.36,0.0,0.0,2.3659236731089965,8.760311978808987,20.994908270381636,22.316415186892968,9.570267830864319,19.04,17.62,0.0,0.22,0.22,6,2013,0.0,566.2777777777778,203.86
2013-09-30,653.3800000000001,96.88999999999999,0.16752385702410638,0.0,419.41999999999996,304.26,399.4899999999999,23.8,0.0,349.12,275.79,571.34,607.86,109.39,1744.68,17940.45,20994.36,0.0,2844.8,2213.82,5119.82,12578.36,17698.18,772.61,2378.12,350.36,-2993.95,3071.44,95.23000000000002,35.517926256579635,7.73,7.44,0.52,0.0,0.0,1.8427624272651701,7.177752950955943,16.301359933499583,18.376078470490437,7.151980049875311,17.73,16.61,0.0,0.34,0.32,9,2013,0.0,578.3653846153846,300.75
2013-12-31,713.0700000000002,198.57,0.3022374429223744,0.0,537.3,432.29999999999995,533.53,19.0,0.0,280.78,495.4799999999999,288.5,620.71,667.38,2188.44,18937.04,22500.83,0.0,2104.04,1485.26,3657.67,15330.04,18987.71,839.99,2639.46,124.87000000000012,-2036.3999999999996,1628.6999999999998,101.22999999999999,15.716120259857986,6.05,7.19,0.76,0.0,0.0,3.531405912040375,11.771353040134583,30.09648642153329,35.50494592645999,11.087341985099735,20.19,19.79,0.0,0.6,0.42,12,2013,0.0,657.0,499.32
2014-03-31,837.92,270.05,0.32,0.0,596.75,524.75,633.37,19.1,0.0,313.17,506.28,137.13,623.59,679.36,2270.89,19045.06,22822.55,20.25,919.68,1882.08,2889.64,16001.19,18890.83,839.99,2909.51,33.07,-1332.18,1147.73,108.62,14.9225,5.51,6.49,0.32,0.0,0.0,4.72,10.88,37.12,44.36,10.52,32.97,32.23,0.0,0.79,0.55,3,2014,0.0,843.90625,270.05
2014-06-30,1011.07,384.06,0.45797618137622115,0.0,754.9300000000001,664.8900000000001,802.2099999999999,26.75,0.0,346.18,659.4300000000001,95.41,848.5,679.88,3545.18,18979.06,24381.61,3.0,818.65,2146.7,3025.71,16883.76,19909.48,839.99,3295.71,369.40000000000003,-1654.8999999999999,1243.79,137.32,14.600213443211997,6.82,6.04,0.78,0.0,0.0,6.294236749170629,13.081678616746418,46.619626668297386,57.28225160905658,13.081678616746418,35.85,35.38,0.0,1.17,0.95,6,2014,0.0,838.6025641025641,654.11
2014-09-30,1182.1499999999999,397.38,0.46106344330426347,0.4,839.6000000000001,748.9399999999998,911.6199999999999,25.5,0.0,433.2099999999999,778.55,35.75,810.49,569.12,4644.48,18920.31,25499.74,0.0,222.91,2100.69,2626.49,16466.48,19092.97,923.99,5172.88,356.66999999999996,-1422.71,1006.3699999999999,162.68,13.825646107000855,4.55,3.69,1.22,0.4,0.33,6.228135693159231,12.607439728385433,30.732523942215327,42.1003832656516,12.819075407279195,35.15,34.69,0.0,1.77,1.55,9,2014,344.7508196721312,861.8770491803278,1051.49
2014-12-31,1379.5800000000004,604.1199999999999,0.6896471995216263,0.006441704761188993,998.5299999999997,920.6199999999999,1083.1400000000003,27.0,0.37,458.95000000000005,951.6200000000001,90.58,898.98,428.26,4766.52,18779.09,25570.92,2.65,89.68,2469.94,2816.76,15653.68,18470.43,923.99,5786.08,824.07,-266.9200000000001,-504.96000000000004,162.51999999999998,9.790549435542609,4.31,3.19,1.89,0.4,0.21,9.443423028370205,17.368892432396517,41.75832037738356,57.36113215068765,18.346804863464218,38.0,37.54,0.0,1.69,1.54,12,2014,5.6428311215196345,875.984126984127,1655.61
2015-03-31,1365.85,557.72,0.6,0.44999999999999996,919.13,858.78,1017.46,27.25,0.0,507.07,849.89,19.1,975.37,307.63,4819.2,18634.62,25618.21,0.0,165.01,2385.95,2632.15,15243.5,17875.64,923.99,6355.39,830.13,-449.81,-449.15,158.68,11.355,3.96,2.81,0.6,0.45,0.75,8.72,14.2,35.12,48.16,14.96,41.11,40.83,0.0,1.83,1.71,3,2015,418.29,929.5333333333334,557.72
2015-06-30,1272.0100000000002,671.8399999999999,0.7267211034841732,-0.0024591723868701365,949.38,909.05,1069.3200000000002,26.25,0.0,362.96,879.61,18.81,966.64,297.14,4321.09,18484.42,25134.72,5.0,194.14,2392.11,2672.87,14459.92,17132.79,923.99,6611.53,912.0600000000001,350.11,-1262.46,160.26999999999998,9.031731662300547,3.67,2.59,1.33,0.45,0.34,10.687717882819868,15.605379485344349,40.652669247535705,54.24727154429226,17.20088747194118,47.31,46.61,0.0,1.62,1.51,6,2015,-2.273458646616575,924.4812030075187,1229.56
2015-09-30,1123.6599999999999,472.78,0.5110114313239423,0.00034221360584511145,818.9100000000001,759.8499999999999,922.0099999999998,24.0,0.0,363.80999999999995,750.8499999999999,20.46,909.43,189.01,4369.9,18467.2,25187.48,0.0,198.6,2406.73,2680.42,14022.35,16702.77,923.99,7090.68,890.0,-383.14,-505.20000000000005,162.16000000000003,11.73828926773552,3.13,2.36,1.84,0.45,0.24,7.509646251630109,11.07561732673849,26.67257492627795,30.838428985983995,12.475344290799724,45.84,45.26,0.0,1.63,1.56,9,2015,0.31661082052954725,925.1847826086955,1702.34
2015-12-31,1296.1200000000003,487.81999999999994,0.5278762282207693,0.43948059929312294,953.2599999999998,763.3400000000001,925.4200000000001,21.4,0.0,532.77,754.1700000000001,76.08,940.97,215.93,4986.5,18314.47,24735.66,6.0,245.53,2469.52,2842.64,13422.67,16265.3,923.99,7170.61,778.8299999999999,407.74,-1130.96,162.08000000000004,10.13547251035218,2.76,2.27,2.37,0.89,0.38,7.884733535449464,11.653368886291412,27.20901267487307,30.122354896445923,13.39068305511926,43.8,43.3,0.0,1.75,1.68,12,2015,406.1319955054118,924.1181434599155,2190.16
2016-03-31,1230.49,610.28,0.66,0.81,935.14,883.81,1043.9,20.9,0.0,346.68,875.65,83.2,956.21,344.87,5949.29,18158.46,25569.34,6.0,312.79,2479.81,2881.24,13517.63,16398.88,923.99,7790.5,928.81,-830.44,-91.24,160.09,7.9174999999999995,2.48,2.1,0.66,0.81,1.23,9.56,13.8,31.32,34.52,15.6,49.94,49.6,9.86,2.06,1.95,3,2016,748.98,924.6666666666666,610.28
2016-06-30,1235.22,571.0,0.6187186780441555,-0.0015725314912636696,870.89,833.1800000000001,993.1899999999998,20.4,0.0,402.04,804.67,80.42,894.16,371.92,5542.26,18054.09,25052.58,6.0,387.26,2469.18,2948.29,13093.06,16041.34,923.99,7605.99,1076.45,340.00000000000006,-1419.24,160.01000000000002,8.244134500875656,2.48,2.11,1.28,0.81,0.63,9.126100501151292,13.225111743193825,30.027190843830418,32.134701340918326,15.023262901259649,48.65,47.91,4.67,1.88,1.75,6,2016,-1.451249999999959,922.875,1181.28
2016-09-30,1241.5700000000002,503.4000000000001,0.543835030985113,0.40242685554526675,801.9100000000001,760.7299999999998,922.6200000000001,20.3,0.0,480.8399999999999,746.6600000000001,69.18,966.14,445.41,5956.24,17898.61,25325.8,6.0,378.02,2471.18,3109.27,13110.23,16219.5,923.99,7683.86,828.6000000000001,-360.58,-479.26,161.89,9.328656138259833,2.44,2.11,1.82,1.21,0.66,7.9483581451670355,11.725322316404306,26.199700833392697,27.2634660588361,13.32694636370112,46.09,45.44,5.53,1.92,1.77,9,2016,372.5057554945055,925.6483516483516,1684.68
2016-12-31,1837.02,629.53,0.6800700887127789,4.659744091335258e-05,920.44,894.4200000000001,1056.6,21.4,0.0,942.5999999999999,849.56,454.97,972.0,581.0,5019.56,17743.67,24232.28,0.0,1032.17,2705.58,3828.6,10637.79,14466.39,923.99,8294.62,1437.4500000000003,1562.46,-2614.1100000000006,162.17999999999995,7.8668362111416466,2.38,1.74,2.5,1.21,0.48,10.391470955531263,14.983304194519942,30.35832876013845,32.56719640827755,17.986493706275574,42.48,41.74,4.71,1.31,1.16,12,2016,0.04313450549443587,925.684,2314.21
2017-03-31,1301.44,675.34,0.73,0.7,943.56,914.21,1071.96,21.3,0.0,387.23,880.45,78.55,1014.63,764.19,5387.55,17589.36,25004.06,0.0,982.11,2708.01,3776.96,10717.73,14494.69,923.99,8956.46,735.44,-1040.14,-71.73,157.75,7.295,2.2,1.62,0.73,0.7,0.96,10.8,14.48,30.16,32.28,17.24,53.27,51.89,12.81,1.43,1.22,3,2017,647.586301369863,925.1232876712329,675.34
2017-06-30,1277.1399999999999,581.37,0.6291532652720199,-0.0008119374103919923,876.48,830.45,988.1300000000001,20.7,0.0,446.68999999999994,802.4099999999999,50.13,1041.41,717.26,4111.19,17476.66,24060.65,5.77,535.13,2939.91,3577.18,10049.25,13626.43,923.99,8887.71,519.0,753.9900000000001,-1301.41,157.68,8.225022876997437,2.15,1.53,1.36,0.7,0.51,9.659353072705715,13.138200539503941,26.165374032195178,28.200869890428184,15.76584064740473,49.93,48.74,5.66,1.15,0.95,6,2017,-0.7502719580983239,924.0514705882352,1256.71
2017-09-30,1232.37,544.69,0.5896222382591318,0.49980556380984714,824.4900000000002,777.5199999999998,941.21,20.4,0.0,454.85,757.1299999999999,97.2,1112.23,925.36,4376.66,17330.33,24302.83,9.0,747.68,2940.73,3796.51,10051.66,13848.17,923.99,8998.16,708.6499999999999,-143.45000000000005,-518.1299999999999,163.69,8.648333914703777,2.09,1.54,1.95,1.2,0.62,8.962258021538803,12.288332186077497,24.21381991784168,26.12480071055846,14.876622626845787,48.31,47.27,7.41,1.15,0.91,9,2017,461.71781674208137,923.7948717948718,1801.4
