,revenue,net_profit,eps,dps,gross_profit,ebit,ebitda,close_price,allowance_doubtful_accounts,expense,operating_profit,cash,account_receivable,inventory,current_asset,property_plant_equipment,total_asset,short_term_loan,account_payable,current_portion_long_term_debt,current_liability,non_current_liability,total_liability,paid_in_capital,total_equity,cash_flow_operation,cash_flow_investment,cash_flow_financing,depreciation,P/E,P/BV,D/E,EPS,DPS,DPR%,ROA%,ROAA%,ROE%,ROAE%,ROCE%,NPM%,NPMA%,TIE,CurrentRatio,QuickRatio,month,year,dividend,number_of_shares,return_old
2000-03-31,204.03,-12.46,-1.19,0.0,-17.82,7.49,14.9,1.53,0.0,196.55,-48.32,1.35,394.82,89.52,522.45,61.83,1012.61,198.4,70.83,68.72,421.45,442.6,864.05,105.0,148.56,-38.43,62.22,-27.19,7.41,-0.32,1.08,5.82,-1.19,0.0,0.0,-4.92,0.0,-33.56,0.0,5.08,-8.41,-6.11,0.0,1.24,1.03,3,2000,0.0,10.47058823529412,-12.46
2000-06-30,235.13000000000002,4.760000000000001,0.4512727272727273,0.0,96.85,19.17,25.810000000000002,1.23,0.0,215.95999999999998,60.72,3.23,438.94,80.96,560.67,58.8,1039.02,202.2,67.02,89.11,453.11,432.58,885.69,105.0,153.33,-33.11000000000001,13.340000000000003,21.650000000000002,6.640000000000001,0.6794117647058823,0.84,5.78,-0.73,0.0,0.0,1.8298181818181818,-0.0,12.413090909090908,-0.0,-11.25090909090909,-1.81,-1.75,0.0,1.24,1.06,6,2000,0.0,10.547945205479452,-7.7
2000-09-30,176.88999999999993,-38.41,-3.6569052266319666,0.0,-155.53,-28.75,-22.34,1.2,0.0,205.63,-204.17000000000002,1.15,395.89,93.45,528.32,59.98,999.84,125.39,83.33,102.33,376.28,508.65,884.93,105.0,114.91,16.710000000000008,7.259999999999991,-26.060000000000002,6.41,-0.08103163238739912,1.1,7.7,-4.39,0.0,0.0,-15.36066796790284,0.0,-133.71444805898938,0.0,-1.132890913034049,-10.81,-7.48,0.0,1.4,1.16,9,2000,0.0,10.503416856492027,-46.11
2000-12-31,233.95000000000005,-62.709999999999994,-5.9701856276419765,0.0,179.72,-72.32,-61.730000000000004,1.8,0.0,306.27,88.65,1.64,313.85,66.91,407.1,56.96,921.0,102.26,76.62,113.3,360.06,508.75,868.8,105.0,52.2,-4.219999999999999,1.9300000000000068,2.7900000000000027,10.59,-0.07374980066974965,3.62,16.64,-10.36,0.0,0.0,-27.246175335416282,0.0,-480.5423157507811,0.0,-30.58855725050542,-13.25,-12.8,0.0,1.13,0.94,12,2000,0.0,10.503861003861005,-108.82
2001-03-31,229.62,11.0,1.05,0.0,32.28,21.14,27.67,0.74,0.0,208.48,4.83,9.36,323.36,53.64,423.93,54.43,932.84,101.87,68.41,114.4,372.31,497.33,869.64,105.0,63.2,14.27,14.77,-21.32,6.53,0.175,1.23,13.76,1.05,0.0,0.0,4.72,8.68,69.64,41.56,15.08,5.16,4.79,0.0,1.14,0.99,3,2001,0.0,10.476190476190476,11.0
2001-06-30,226.19,9.969999999999999,0.9508822126847878,0.0,46.739999999999995,22.409999999999997,28.869999999999997,1.9,0.0,203.78,12.17,2.82,354.45,64.82,492.76,50.93,973.08,105.66,84.8,93.21,403.05,496.86,899.91,105.0,73.17,4.030000000000001,11.190000000000001,-21.759999999999998,6.46,0.4995361083249749,2.73,12.3,2.0,0.0,0.0,4.107811158798284,8.234639961850261,54.50456843109203,35.220677157844534,14.529480209823555,4.89,4.6,0.0,1.22,1.06,6,2001,0.0,10.485,20.97
2001-09-30,313.91,32.050000000000004,3.052668804224821,0.0,-192.99,26.5,32.87,1.03,0.0,287.41999999999996,-228.98,3.26,347.1,48.59,423.47,50.74,927.3,116.18,74.55,124.09,376.58,445.5,822.08,105.0,105.22,-4.390000000000001,8.990000000000002,-4.160000000000004,6.369999999999999,0.08271450858034321,1.02,7.81,5.05,0.0,0.0,13.830705394190872,17.578536401357976,121.84077706525841,116.47291588079972,30.756393813655226,10.87,6.89,0.0,1.12,1.0,9,2001,0.0,10.4990099009901,53.02
2001-12-31,246.44999999999993,-47.720000000000006,-4.591924528301888,0.0,197.57999999999998,-90.41,-84.03999999999999,1.7,0.0,336.85,118.89999999999999,4.44,256.31,44.74,340.62,49.44,813.06,127.02,108.49,140.08,440.48,315.07,755.55,105.0,57.51,38.39,22.529999999999994,-59.74,6.370000000000001,-0.09246123218776194,3.1,13.14,0.51,0.0,0.0,-23.409811320754724,84.63547169811322,-332.0591698113208,-347.90581132075476,196.64241509433964,0.56,0.52,0.0,0.77,0.67,12,2001,0.0,10.392156862745097,5.3
2002-03-31,268.95,11.91,1.13,0.0,54.83,22.39,27.87,2.6,0.0,246.56,7.28,6.05,252.76,44.26,341.28,122.46,808.04,124.78,122.78,137.21,440.32,298.32,738.63,105.0,69.41,42.1,1.9,-42.38,5.48,0.575,3.93,10.64,1.13,0.0,0.0,5.88,10.28,68.64,71.84,24.360000000000003,4.69,4.43,0.0,0.78,0.67,3,2002,0.0,10.53982300884956,11.91
2002-06-30,377.46,20.400000000000002,1.938347260909935,0.0,86.57000000000001,29.479999999999997,35.400000000000006,2.29,0.0,347.97999999999996,18.14,8.37,332.5,29.52,407.22,122.8,866.38,158.69,134.4,301.38,667.85,108.68,776.53,105.0,89.84,-3.0799999999999983,4.710000000000001,0.6799999999999997,5.92,0.29696691176470585,2.68,8.64,3.07,0.0,0.0,9.420241411327764,14.24401114206128,90.81819870009285,100.1121634168988,65.99220055710306,5.25,5.0,0.0,0.61,0.57,6,2002,0.0,10.52442996742671,32.31
2002-09-30,241.71000000000004,16.04,1.5260392967942087,0.0,39.97,7.230000000000004,13.020000000000003,1.55,0.0,234.47000000000003,-4.970000000000002,9.25,255.81,27.18,331.4,121.88,765.79,176.9,78.25,136.43,435.93,223.97,659.91,105.0,105.88,3.009999999999998,21.95,-24.08,5.790000000000001,0.2562188279301746,1.54,6.23,4.6,0.0,0.0,8.37331127197518,9.262395036194416,60.59039503619441,60.78944364012409,23.77967321613237,5.73,5.44,0.0,0.76,0.7,9,2002,0.0,10.510869565217392,48.35
2002-12-31,303.11,7.579999999999998,0.7223565170749149,0.0,57.46000000000001,7.359999999999992,16.349999999999994,1.4,0.0,295.75,-6.859999999999999,10.87,262.39,24.2,336.39,119.06,751.52,169.75,111.43,119.38,443.05,195.01,638.06,105.0,113.46,38.11,17.419999999999998,-53.900000000000006,8.989999999999998,0.47961081794195265,1.3,5.62,5.33,0.0,0.0,4.03327015912748,4.607902735562309,26.720414804219555,35.47000893974611,11.682388700160914,4.96,4.7,0.0,0.76,0.7,12,2002,0.0,10.49343339587242,55.93
2003-03-31,268.72,18.51,1.76,0.0,53.47,22.79,28.53,1.58,1.14,245.93,11.27,15.15,285.06,20.9,371.05,116.73,769.2,225.21,87.39,111.48,460.66,176.57,637.23,105.0,131.97,-31.51,3.24,32.55,5.74,0.225,1.26,4.83,1.76,0.0,0.0,9.64,11.56,56.11999999999999,73.52,29.56,7.23,6.89,0.0,0.81,0.76,3,2003,0.0,10.517045454545455,18.51
2003-06-30,295.4599999999999,7.329999999999998,0.6978250773993806,0.0,53.879999999999995,14.310000000000002,19.93,2.14,4.67,281.15000000000003,5.760000000000002,16.94,264.37,20.04,342.95,116.46,737.93,227.67,73.04,99.21,431.18,167.45,598.63,105.0,139.3,16.19,5.66,-20.049999999999997,5.619999999999999,0.7667394270122785,1.61,4.3,2.46,0.0,0.0,3.9713622291021666,5.253544891640865,21.048219814241484,25.58691950464396,13.718219814241483,4.8,4.58,0.0,0.8,0.75,6,2003,0.0,10.504065040650406,25.84
2003-09-30,304.87,24.290000000000003,2.3015659285856773,0.14,65.72,25.839999999999996,31.419999999999995,6.75,6.31,279.03,13.779999999999998,42.98,267.61,28.06,385.94,113.68,801.61,263.81,84.44,100.05,522.54,130.27,652.8,105.66,149.46,30.62,6.139999999999999,-10.73,5.580000000000002,0.7326533552902429,4.77,4.37,4.75,0.14,0.03,12.11350488729304,15.563431079194094,65.00591262716935,76.11157390783963,43.70552563335328,6.04,5.77,0.0,0.74,0.68,9,2003,1.4775157894736846,10.553684210526317,50.13
2003-12-31,358.31999999999994,0.09999999999999432,0.0007366115867011327,0.12911644749939752,78.57,14.439999999999998,20.700000000000003,7.75,9.62,343.89,-0.8299999999999983,37.12,317.24,34.88,432.33,119.12,865.9,261.73,102.54,105.82,550.52,121.38,671.91,134.66,182.57,-31.77,-1.6399999999999988,27.55,6.259999999999998,2630.796250000149,5.72,3.68,0.37,0.14,0.38,0.046187537328287245,0.07620943659167397,0.21907226756916937,0.27027672705552913,0.1954210631096843,4.31,4.09,0.0,0.79,0.72,12,2003,17.52843015647226,135.75675675675674,50.23
2004-03-31,371.9,28.75,0.18,0.0,83.13,37.93,47.0,6.0,0.37,333.97,19.83,40.29,352.56,18.43,459.8,125.88,883.62,274.21,90.04,106.65,512.82,132.63,645.45,157.13,233.99,-35.03,3.75,34.44,9.07,8.3325,4.03,2.76,0.18,0.0,0.0,13.0,18.36,49.16,62.84,40.92,8.14,7.73,0.0,0.9,0.86,3,2004,0.0,159.72222222222223,28.75
2004-06-30,447.23,32.78,0.18646188850967008,0.2,102.84,46.36000000000001,53.099999999999994,5.35,1.48,400.87,29.190000000000005,233.77,408.1,20.54,729.68,130.26,1148.4,232.28,86.82,98.17,473.9,112.61,586.51,224.33,557.59,-22.799999999999997,-0.8799999999999999,216.46,6.74,7.175058724832214,2.15,1.05,0.35,0.2,0.57,11.422122541849506,19.05107752315943,23.504852917276125,37.63333658378027,26.637412644238584,7.86,7.51,0.0,1.54,1.5,6,2004,35.160000000000004,175.8,61.53
2004-09-30,374.4899999999999,12.939999999999998,0.06776688599436013,0.17586679199677718,40.150000000000006,-4.0,3.260000000000005,3.82,1.72,378.4899999999999,-26.42,49.63,360.5,31.8,481.32,129.75,887.09,159.3,100.2,9.05,313.28,22.73,336.01,236.49,544.98,68.53999999999999,3.37,-256.04,7.26,14.085419242658425,1.66,0.62,0.39,0.36,0.92,5.83142742043776,6.609877803142203,9.494314489055995,14.908714918759228,9.723679333959982,6.57,6.24,0.0,1.54,1.43,9,2004,33.58153846153845,190.94871794871793,74.47
2004-12-31,435.18000000000006,7.189999999999998,0.03345824148910114,0.04011529983609337,86.61000000000001,22.569999999999993,32.989999999999995,3.04,1.76,412.6100000000001,11.719999999999999,63.55,387.28,25.97,509.03,126.74,905.85,164.22,94.34,8.8,326.54,17.58,344.12,240.91,556.57,9.879999999999999,-4.2,8.24,10.420000000000002,22.714881780250355,1.32,0.62,0.38,0.36,0.95,3.173250061229487,4.088949301983834,5.166656869948565,7.7834435464119505,6.254930198383541,5.25,5.01,0.0,1.56,1.48,12,2004,8.620566801619432,214.89473684210526,81.66
2005-03-31,414.21,16.82,0.07,0.08,61.57,24.03,30.63,3.06,0.21,390.17,-9.2,66.11,405.87,18.23,521.0,126.4,869.0,109.74,104.38,8.39,274.95,15.89,290.84,241.7,574.17,5.28,61.27,-64.0,6.6,10.9275,1.29,0.51,0.07,0.08,1.14,7.76,10.96,11.72,16.64,16.2,4.43,4.06,0.0,1.89,1.83,3,2005,19.222857142857144,240.28571428571428,16.82
2005-06-30,407.18,-9.79,-0.041778093883357036,-0.0020321072952651977,70.25,-1.8200000000000003,4.919999999999998,2.78,0.43,408.99999999999994,-2.6800000000000015,40.49,438.34,11.47,526.53,132.62,886.07,148.78,105.92,9.32,316.76,17.31,334.07,241.92,545.28,-38.74,-5.6100000000000065,18.729999999999997,6.74,-16.636110827374875,1.23,0.61,0.03,0.08,2.67,-4.400625889046941,-12.143499288762445,-7.18583214793741,-7.0744238975817915,-21.724608819345658,0.91,0.86,0.0,1.66,1.63,6,2005,-0.47619047619047805,234.33333333333334,7.03
2005-09-30,398.85,5.919999999999999,0.022857142857142857,0.007619047619047604,105.45000000000002,11.089999999999996,18.160000000000004,2.38,2.09,387.7700000000001,31.730000000000004,48.17,426.33,17.05,521.98,145.18,894.01,126.4,127.06,9.78,320.11,16.05,336.16,242.1,551.36,74.44,-40.97,-25.779999999999994,7.07,26.031250000000004,1.05,0.61,0.05,0.08,1.6,2.651428571428571,6.838857142857143,4.297142857142857,4.315428571428571,10.605714285714283,1.09,1.06,0.0,1.63,1.58,9,2005,1.9733333333333292,258.99999999999994,12.95
2005-12-31,446.8900000000001,21.820000000000004,0.08785734828875469,-0.0034282427379925045,-516.69,27.480000000000004,35.77,2.28,2.09,419.39999999999986,-611.1,51.19,433.74,21.16,538.36,184.89,959.37,133.51,126.32,15.27,345.04,33.4,378.44,242.11,573.19,19.800000000000004,-29.29,12.509999999999998,8.29,6.489497021081576,0.96,0.66,0.14,0.08,0.57,9.086960023008341,16.366568881219443,15.23697440322117,15.462893298820825,24.825976416450967,3.5,2.09,0.0,1.56,1.5,12,2005,-0.851428571428567,248.35714285714286,34.77
2006-03-31,424.64,22.66,0.09,0.1,-46.05,32.57,43.49,3.4,0.0,392.06,-126.08,63.78,411.81,23.23,540.16,199.26,984.61,168.48,102.46,15.75,349.5,32.33,381.83,242.16,595.9,16.92,-35.0,30.66,10.92,9.445,1.38,0.64,0.09,0.1,1.11,9.2,14.04,15.199999999999998,15.48,20.52,8.53,5.34,0.0,1.55,1.48,3,2006,25.17777777777778,251.7777777777778,22.66
2006-06-30,546.0600000000001,39.89,0.1594324540367706,-0.0006306066258104762,-109.82000000000001,55.74999999999999,68.93,2.46,0.0,490.32,-189.84000000000003,68.69,517.76,30.97,692.4,203.15,1140.96,232.18,116.14,18.1,493.04,29.1,522.14,242.32,611.77,-7.960000000000001,-23.35,36.230000000000004,13.180000000000001,3.857432940586613,0.97,0.85,0.25,0.1,0.4,13.979037569944046,22.21850679456435,26.070394884092728,27.575437250199844,34.76902957633894,11.05,6.44,0.0,1.4,1.34,6,2006,-0.15777777777778113,250.2,62.55
2006-09-30,439.25,15.049999999999997,0.06206185567010309,0.12682474226804125,-58.66,22.430000000000007,30.019999999999996,3.0,0.0,416.82000000000005,-143.93,64.45,385.98,56.11,558.1,197.95,1009.85,245.68,49.47,16.2,377.23,25.18,402.41,243.09,600.96,17.27,-4.729999999999997,-16.79,7.59,12.091162790697677,1.21,0.67,0.32,0.23,0.72,5.957938144329896,9.022242268041238,10.015231958762886,10.449664948453607,13.583788659793814,9.25,5.5,0.0,1.48,1.33,9,2006,30.755,242.49999999999997,77.6
2006-12-31,472.03,-0.5599999999999881,-0.0022533748701972518,0.005567886812045716,-129.83,1.269999999999996,19.49000000000001,2.62,0.0,470.76,-198.51999999999998,59.65,399.96,77.09,562.22,204.33,1021.24,219.13,81.86,17.14,393.69,21.09,414.78,248.06,600.86,4.48,9.769999999999996,-19.040000000000003,18.219999999999995,-290.619642857149,1.08,0.69,0.31,0.23,0.74,-0.21923156801661006,-0.3288473520249151,-0.3727518172377906,-0.38147455867081215,-0.5190031152647865,6.93,4.09,0.0,1.43,1.23,12,2006,1.3837096774193611,248.51612903225808,77.04
2007-03-31,399.12,5.87,0.02,0.1,-30.4,11.91,24.29,2.44,0.0,387.22,-108.42,51.45,387.01,61.33,521.3,201.1,1011.73,232.6,57.04,13.77,378.26,19.37,397.63,248.55,610.19,-11.77,-3.61,7.17,12.38,30.5,0.99,0.65,0.02,0.1,5.0,2.32,4.76,3.84,3.88,7.52,2.11,1.47,0.0,1.38,1.22,3,2007,29.35,293.5,5.87
2007-06-30,390.99,7.61,0.028227002967359055,-0.008864985163204765,-38.809999999999995,15.27,27.270000000000003,2.7,0.0,375.7099999999999,-120.38000000000001,62.26,382.49,82.28,559.01,196.94,1032.27,244.19,73.94,13.25,403.76,19.17,422.94,251.26,605.63,20.1,-4.620000000000001,-4.67,11.999999999999998,23.913272010512486,1.12,0.7,0.05,0.1,2.0,2.9581899109792285,5.64540059347181,5.0356973293768545,4.990534124629081,9.755252225519289,2.52,1.71,0.0,1.38,1.18,6,2007,-2.390000000000004,269.59999999999997,13.48
2007-09-30,404.17999999999995,11.68,0.04178060413354531,0.05356120826709062,-32.150000000000006,19.439999999999998,32.67999999999999,2.78,0.0,384.7400000000001,-114.19999999999999,64.64,392.97,78.67,571.1,230.16,1077.47,248.09,90.72,15.66,432.47,32.52,464.99,269.46,609.36,35.050000000000004,-40.129999999999995,7.460000000000001,13.239999999999998,16.635111301369864,1.23,0.76,0.09,0.15,1.67,4.345182829888712,8.300413354531,7.66906200317965,7.724769475357712,13.42550079491256,3.13,2.11,0.0,1.32,1.14,9,2007,14.973333333333333,279.55555555555554,25.16
2007-12-31,512.8800000000001,-27.7,-0.10905511811023622,-0.015091863517060348,-83.92999999999999,-18.109999999999996,4.710000000000008,3.04,0.0,530.99,-198.51999999999998,84.84,435.5,87.83,626.37,238.42,1119.96,249.66,152.81,18.31,500.25,37.04,537.29,269.46,581.66,13.199999999999996,12.14,-5.130000000000001,22.82,-6.968953068592057,1.41,0.92,-0.01,0.15,-15.0,-10.033070866141733,116.03464566929135,-19.193700787401575,-18.75748031496063,200.66141732283464,-0.22,-0.15,0.0,1.25,1.08,12,2007,-3.8333333333333286,254.0,-2.54
2008-03-31,494.12,11.25,0.04,0.05,-15.77,24.43,37.37,3.22,2.62,469.69,-100.94,96.92,425.23,70.56,613.02,249.36,1076.01,189.63,148.53,19.08,439.63,42.03,481.66,269.46,592.93,60.09,19.46,-67.47,12.94,20.125,1.46,0.81,0.04,0.05,1.25,4.2,9.36,7.6000000000000005,7.480000000000001,15.36,3.07,2.28,0.0,1.39,1.23,3,2008,14.0625,281.25,11.25
2008-06-30,479.45000000000005,7.550000000000001,0.02811170212765958,-0.002360372340425531,223.55,10.840000000000003,24.32,2.32,1.52,468.60999999999996,117.94,87.87,421.41,99.44,649.22,244.57,1096.23,229.0,152.58,18.53,466.73,38.56,505.29,269.46,589.62,-7.3700000000000045,-25.18,23.5,13.480000000000002,20.63019867549669,1.06,0.86,0.07,0.05,0.71,2.746914893617021,5.317127659574468,5.1243617021276595,5.060106382978724,8.995744680851065,1.97,1.93,0.0,1.39,1.18,6,2008,-0.6339285714285712,268.57142857142856,18.8
2008-09-30,468.61,-1.6000000000000014,-0.005581395348837214,0.05315614617940201,-333.77,7.229999999999997,21.24000000000001,1.79,3.46,461.3800000000001,-442.6,83.31,421.2,120.25,665.12,244.05,1107.7,241.71,161.73,19.16,496.1,35.56,531.65,270.77,574.48,12.439999999999998,-10.36,-6.640000000000001,14.009999999999998,-80.16812499999992,0.84,0.93,0.06,0.1,1.67,-0.5767441860465122,-1.4474418604651178,-1.112558139534885,-1.0827906976744197,-2.5860465116279094,1.77,1.19,0.0,1.34,1.1,9,2008,15.238095238095243,286.6666666666667,17.2
2008-12-31,595.26,5.240000000000002,0.01868092691622104,-0.0021984551396316246,-37.32000000000001,14.219999999999999,28.75,1.54,7.45,581.04,-172.03999999999996,85.71,473.48,118.57,728.15,239.03,1164.11,282.1,155.09,18.32,551.86,31.43,583.3,270.77,579.79,-48.8,16.419999999999998,34.78,14.530000000000001,20.609255725190835,0.72,1.01,0.08,0.1,1.25,1.8027094474153302,4.642210338680928,3.6147593582887714,3.6054188948306605,8.649269162210341,1.63,1.1,0.0,1.32,1.1,12,2008,-0.6166666666666707,280.5,22.44
2009-03-31,517.4,-6.5,-0.02,0.0,-54.5,-2.48,11.06,1.6,18.33,519.88,-152.4,97.03,405.82,158.85,691.3,240.87,1135.19,263.09,171.48,18.12,548.39,28.03,576.42,270.81,559.75,48.54,-20.5,-16.72,13.54,-20.0,0.77,1.03,-0.02,0.0,0.0,-2.28,-0.88,-4.64,-4.52,-1.68,-1.86,-1.26,0.0,1.26,0.97,3,2009,0.0,325.0,-6.5
2009-06-30,401.88,7.8100000000000005,0.059618320610687024,0.05,210.26,12.32,30.239999999999995,2.28,-39.09,389.56000000000006,112.5,119.76,371.19,160.82,686.39,271.68,1139.06,257.79,155.12,25.35,522.76,50.08,572.84,270.81,567.74,43.75000000000001,-7.16,-13.870000000000001,17.92,9.560819462227913,1.09,1.01,0.01,0.05,5.0,2.861679389312977,20.985648854961834,5.484885496183206,5.484885496183206,38.155725190839696,0.14,0.14,0.0,1.31,1.01,6,2009,6.550000000000001,131.0,1.31
2009-09-30,542.27,6.369999999999999,0.024882812499999997,0.0844140625,84.83000000000001,13.32,27.89,3.08,20.98,528.95,0.14999999999999858,111.11,412.46,159.58,715.17,269.51,1149.89,263.71,148.22,25.33,550.23,41.55,591.78,270.9,559.44,4.259999999999991,-3.879999999999999,-9.02,14.57,30.946059654631085,1.49,1.06,0.03,0.11,3.67,2.222864583333333,6.801302083333332,4.545260416666666,4.4789062500000005,12.806354166666663,0.56,0.53,0.0,1.3,1.01,9,2009,21.61,256.0,7.68
2009-12-31,574.44,27.979999999999997,0.10200224340998318,0.00734155916993829,142.79,37.040000000000006,52.120000000000005,3.38,22.76,537.3999999999999,30.630000000000003,109.64,446.7,149.82,735.99,264.89,1167.56,301.52,125.31,30.76,540.94,38.18,579.12,271.69,588.22,-8.989999999999995,-4.600000000000001,12.11,15.079999999999998,8.284131522516082,1.56,0.98,0.13,0.11,0.85,9.572518227706112,16.19481772293887,19.019495232753783,19.176421761076835,30.161278743690406,1.83,1.75,0.0,1.36,1.08,12,2009,2.013846153846149,274.30769230769226,35.66
2010-03-31,548.25,24.0,0.09,0.1,131.97,33.2,48.98,3.76,0.97,515.05,28.16,112.52,435.78,214.16,796.42,264.3,1245.69,271.55,169.01,34.26,623.94,34.89,658.83,272.09,586.43,48.85,-7.93,-10.04,15.78,10.445,1.74,1.12,0.09,0.1,1.11,7.72,11.16,16.36,16.76,21.36,4.43,4.38,0.0,1.28,0.93,3,2010,26.66666666666667,266.6666666666667,24.0
2010-06-30,626.74,30.090000000000003,0.11125901275651694,0.0013989030627965624,153.07000000000002,45.8,60.910000000000004,3.18,2.16,580.94,39.22,89.14,511.45,214.18,854.22,277.35,1312.22,320.82,157.28,35.99,657.12,35.28,692.39,272.79,618.27,-32.260000000000005,-14.690000000000001,23.56,15.110000000000001,7.145488534396809,1.4,1.12,0.2,0.1,0.5,9.167742651136994,14.352412645590682,19.47032723239046,20.293643926788683,26.835673876871883,4.66,4.6,0.0,1.3,0.97,6,2010,0.3783333333333303,270.45,54.09
2010-09-30,593.51,1.6899999999999977,0.006059519541054134,0.10302975977052707,118.07,17.549999999999997,35.72000000000001,3.32,2.69,575.97,15.189999999999998,109.32,491.42,198.98,841.3,351.63,1373.86,352.37,168.65,46.82,704.6,73.31,777.92,273.67,594.02,48.36,-59.16,30.98,18.17,136.97455621301796,1.53,1.31,0.2,0.2,1.0,0.4920329867335955,0.9271064897812823,1.1379777698099662,1.1719110792398693,1.7487773395482227,3.18,3.15,0.0,1.19,0.91,9,2010,28.735,278.9,55.78
2010-12-31,587.2199999999998,-14.850000000000001,-0.054422184216955785,-0.004422184216955766,108.01999999999998,-6.439999999999998,13.339999999999975,3.2,2.45,593.6500000000001,-15.569999999999993,84.34,478.86,157.14,772.3,362.98,1326.49,336.26,158.69,50.53,659.65,85.77,745.41,274.38,579.17,24.28,-21.33,-27.91,19.78,-14.697590909090907,1.52,1.29,0.15,0.2,1.33,-4.484387979477156,-10.492597117029076,-10.260395797703397,-10.173320302956268,-19.606498900561938,1.76,1.74,0.0,1.17,0.93,12,2010,-1.2066666666666634,272.8666666666667,40.93
2011-03-31,573.08,13.48,0.05000000000000001,0.060000000000000005,125.6,28.28,38.99,3.16,0.04,544.8,18.31,101.83,459.3,237.9,846.81,413.5,1444.02,341.11,213.52,59.04,755.94,108.28,864.22,274.38,577.82,36.31,-54.52,35.7,10.71,15.8,1.5,1.5,0.05,0.06,1.2,3.7199999999999998,8.4,9.32,9.28,16.44,2.39,2.35,0.0,1.12,0.81,3,2011,16.176,269.59999999999997,13.48
2011-06-30,593.4799999999999,8.64,0.031247739602169984,0.0014972875226039837,132.52,24.14,35.82,3.2,5.36,569.3400000000001,26.81,78.09,509.71,257.2,928.08,448.23,1548.62,405.24,202.94,68.1,830.93,126.38,957.31,275.2,589.42,-81.34,-41.98,99.57000000000001,11.68,25.60185185185185,1.49,1.62,0.08,0.06,0.75,2.2342133815551537,5.718336347197107,5.8589511754068715,5.718336347197107,11.405424954792045,1.92,1.9,0.0,1.12,0.81,6,2011,0.4140000000000015,276.5,22.12
2011-09-30,602.6200000000001,1.8000000000000007,0.006772575250836122,0.07757943143812712,128.11,24.129999999999995,36.25,2.48,11.5,578.4799999999998,25.85,145.44,532.95,285.72,1029.04,461.24,1679.3,457.83,270.82,63.52,965.56,140.7,1106.26,276.67,571.31,52.63,-17.620000000000005,32.349999999999994,12.119999999999997,91.5604444444444,1.2,1.94,0.09,0.14,1.56,0.42742474916387974,1.5080267558528433,1.261204013377927,1.2371237458193984,3.229765886287627,1.37,1.35,0.0,1.07,0.77,9,2011,20.6188888888889,265.7777777777778,23.92
2011-12-31,662.99,13.29,0.05000268744961032,4.180477171569141e-06,131.64,27.480000000000004,40.650000000000006,3.02,6.58,635.52,2.0700000000000074,105.41,557.19,233.44,961.57,471.51,1618.84,465.62,293.01,63.66,893.65,130.12,1023.77,277.97,593.41,5.75,-9.299999999999997,-36.49000000000001,13.170000000000002,15.098188487584652,1.41,1.73,0.14,0.14,1.0,3.2858908895458203,10.086256382692824,8.957624294544475,9.071916151572156,20.50110185434023,1.57,1.53,0.0,1.08,0.81,12,2011,0.0011111111111006267,265.7857142857143,37.21
2012-03-31,591.47,-7.47,-0.03,0.0,102.77,3.56,16.67,3.04,3.61,587.91,-3.99,77.11,559.81,227.63,931.41,484.7,1605.08,416.51,335.94,66.19,886.58,124.24,1010.82,283.14,592.75,45.85,-12.99,-61.15,13.11,-25.3325,1.45,1.71,-0.03,0.0,0.0,-1.8800000000000001,0.92,-5.04,-5.12,2.0,-1.29,-1.26,0.0,1.05,0.79,3,2012,0.0,249.0,-7.47
2012-06-30,668.4200000000001,27.86,0.09564492398234428,0.04,144.66000000000003,44.79,58.42999999999999,2.8,3.83,623.63,30.490000000000002,74.92,703.43,215.0,1054.68,488.99,1736.16,453.17,381.07,66.16,998.95,118.85,1117.8,287.17,616.55,-34.1,-6.529999999999999,38.44,13.64,7.318736539842067,1.3,1.81,0.07,0.04,0.57,6.39454634624816,16.06834722903384,18.090554193231977,18.473133889161353,35.85318293281019,1.65,1.62,0.0,1.06,0.84,6,2012,11.651428571428571,291.2857142857143,20.39
2012-09-30,571.78,8.89,0.0303620218579235,0.07020686963309913,132.14999999999998,22.619999999999997,36.900000000000006,2.92,5.55,549.1600000000001,18.729999999999997,37.88,656.71,205.65,974.05,487.61,1712.25,429.3,377.6,54.95,933.52,170.34,1103.86,291.5,606.04,35.42,-37.33,-35.13,14.280000000000001,24.043194600674916,1.4,1.82,0.1,0.11,1.1,2.0767622950819673,5.088674863387979,5.86594262295082,6.035969945355191,11.063920765027321,1.63,1.6,0.0,1.04,0.82,9,2012,20.556571428571427,292.8,29.28
2012-12-31,641.31,-0.21000000000000085,-0.0007223942208462362,-0.00079463364293085,112.97000000000003,14.120000000000005,29.19999999999999,2.84,7.24,627.1800000000001,-9.809999999999995,84.03,666.76,118.54,934.37,506.41,1690.79,494.26,309.02,51.14,913.05,166.48,1079.53,292.09,608.55,41.14,-38.550000000000004,43.550000000000004,15.079999999999998,-982.8428571428531,1.36,1.77,0.1,0.11,1.1,-0.04970072239422105,-0.14852425180598616,-0.13812177502580036,-0.1398555211558313,-0.3161197110423129,1.2,1.18,0.0,1.02,0.89,12,2012,-0.2309999999999981,290.7,29.07
2013-03-31,591.8,8.33,0.03,0.0,124.45,26.27,41.73,4.06,0.82,565.53,5.19,67.98,704.26,246.14,1160.97,507.12,1956.25,582.79,451.39,47.07,1144.88,159.79,1304.67,293.69,648.75,-96.88,-4.22,85.05,15.46,33.8325,1.84,2.01,0.03,0.0,0.0,1.72,5.92,5.12,5.36,12.96,1.46,1.41,0.0,1.01,0.8,3,2013,0.0,277.6666666666667,8.33
2013-06-30,722.1700000000001,9.67,0.032233333333333336,0.03,148.13,17.81,35.67000000000001,3.92,0.03,704.3600000000001,25.23,72.85,739.67,221.99,1158.69,659.79,2083.04,661.91,421.07,72.26,1221.27,209.08,1430.36,303.04,650.21,41.92999999999999,-171.1,134.04000000000002,17.86,30.401758014477767,1.83,2.2,0.06,0.03,0.5,1.8480444444444446,4.963933333333333,5.952422222222222,6.102844444444444,11.00231111111111,1.4,1.37,0.0,0.95,0.77,6,2013,9.0,300.0,18.0
2013-09-30,631.19,-35.55,-0.12153846153846153,0.04923076923076924,112.74000000000001,-15.439999999999998,4.839999999999989,3.92,0.03,646.6299999999999,-4.700000000000003,47.84,768.16,227.2,1103.52,659.09,2059.63,718.58,392.33,70.1,1260.67,195.3,1455.98,303.23,599.58,-38.47,-8.27000000000001,21.72999999999999,20.28,-8.062879746835444,1.98,2.43,-0.06,0.08,-1.33,-6.887179487179486,12.315897435897435,-23.74051282051282,-23.578461538461536,29.007179487179485,-0.92,-0.9,0.0,0.88,0.7,9,2013,14.400000000000002,292.5,-17.55
2013-12-31,770.8500000000001,29.770000000000003,0.0974468085106383,0.0034042553191489335,180.68,57.7,77.75000000000001,3.7,7.54,713.1500000000001,53.379999999999995,51.44,889.33,131.5,1123.71,676.41,2140.29,824.3,299.15,76.99,1310.37,195.75,1506.13,303.28,629.36,2.7900000000000063,-84.85999999999999,85.67000000000002,20.050000000000004,9.49235807860262,1.78,2.39,0.04,0.08,2.0,5.554468085106383,43.948510638297876,18.90468085106383,19.197021276595745,101.34468085106384,0.46,0.45,0.0,0.86,0.76,12,2013,1.0399999999999991,305.5,12.22
2014-03-31,591.81,-24.76,-0.08,0.0,84.7,-11.35,9.83,3.38,0.23,603.16,-12.15,52.08,884.49,345.68,1294.8,667.12,2387.08,767.29,371.97,74.3,1575.64,183.92,1759.56,314.43,623.54,71.69,-6.83,-64.22,21.18,-10.5625,1.7,2.82,-0.08,0.0,0.0,-4.16,-2.08,-15.880000000000003,-15.56,-5.6,-4.32,-4.18,0.0,0.82,0.6,3,2014,0.0,309.5,-24.76
2014-06-30,794.96,-17.349999999999998,-0.057682260745666104,0.02,94.42,0.7400000000000002,22.130000000000003,2.9,0.98,794.2099999999999,-14.4,52.03,1097.73,244.29,1406.28,664.16,2413.26,897.31,454.06,85.97,1593.53,188.16,1781.69,329.94,628.79,-150.23000000000002,3.02,147.16,21.39,-12.566255043227669,1.52,2.83,-0.14,0.02,-0.14,-2.867632391355972,-0.7745903585846591,-11.042032771313226,-10.844265020185228,-2.1260033246259793,-3.11,-3.04,0.0,0.88,0.73,6,2014,6.015714285714286,300.7857142857143,-42.11
2014-09-30,614.73,-54.540000000000006,-0.1692912571132954,0.001327322444756487,61.78999999999999,-29.560000000000002,-8.02,2.36,0.0,644.3000000000002,-44.63000000000001,23.0,1107.3,219.92,1363.33,675.54,2387.63,944.27,373.58,88.37,1568.91,189.1,1758.01,361.17,627.21,-65.58,-12.17,48.72,21.54,-3.4865947011367804,1.36,2.8,-0.3,0.02,-0.07,-9.141727884117952,-4.085562338334196,-34.78371029487843,-35.57373616140714,-11.082934299017072,-4.97,-4.83,-0.81,0.87,0.73,9,2014,0.42761904761904823,322.1666666666667,-96.65
2014-12-31,645.6700000000001,-37.21000000000001,-0.11119079635440013,0.00074605309029334,76.59,-25.89999999999999,-26.520000000000003,2.16,0.0,671.5699999999997,-37.16999999999999,37.81,875.11,115.34,1051.15,489.19,1900.25,839.84,255.44,41.24,1191.98,133.59,1325.57,361.17,576.33,25.77000000000001,90.53,-101.49,-0.6199999999999974,-4.856517065305026,1.35,2.3,-0.4,0.02,-0.05,-7.827832063349769,-3.6359390407888843,-25.82962199312715,-24.68435679067683,-10.374101299865533,-5.27,-5.06,-1.04,0.88,0.79,12,2014,0.24966666666666626,334.65000000000003,-133.86
2015-03-31,528.95,11.71,0.03,0.0,69.53,28.59,42.31,1.91,0.0,500.36,-37.16,99.73,847.43,285.29,1277.58,462.63,2095.18,746.7,172.52,37.56,1388.91,110.62,1499.53,365.37,595.66,121.73,27.43,-87.24,13.72,15.9175,1.17,2.52,0.03,0.0,0.0,2.24,5.12,7.880000000000001,7.68,16.2,2.56,2.21,1.79,0.92,0.71,3,2015,0.0,390.33333333333337,11.71
2015-06-30,518.0699999999999,-38.230000000000004,-0.10090874811463048,0.0,72.15,-25.55,-11.670000000000002,1.85,1.15,543.62,-8.470000000000006,39.94,1037.97,214.53,1339.14,463.6,2153.94,884.68,253.96,36.86,1471.14,106.18,1577.32,376.81,576.61,-177.33,-12.36,129.89,13.88,-4.5835966518441005,1.21,2.74,-0.07,0.0,0.0,-7.092443438914028,0.7496078431372549,-26.524585218702867,-25.371342383107095,2.5947963800904983,-2.75,-2.53,0.1,0.91,0.76,6,2015,0.0,378.85714285714283,-26.52
2015-09-30,543.44,14.26,0.03489396411092985,0.0,85.16999999999999,28.55,42.519999999999996,1.69,0.98,514.8899999999999,19.980000000000004,25.42,999.36,159.6,1231.34,454.86,2053.14,885.36,227.49,29.96,1357.29,104.98,1462.27,376.81,590.87,17.32,-3.1899999999999995,-28.65,13.969999999999999,12.107394810659185,1.08,2.47,-0.03,0.0,0.0,2.791517128874388,-6.606590538336052,9.630734094616638,9.3515823817292,-21.122479608482873,-0.82,-0.77,0.7,0.91,0.79,9,2015,0.0,408.6666666666667,-12.26
2015-12-31,485.8499999999999,-21.630000000000003,-0.057441723222189434,0.0,109.06000000000003,-5.100000000000001,8.939999999999998,2.02,5.02,490.9500000000003,42.98,33.83,977.8,270.87,1307.07,442.56,2141.62,884.05,258.78,23.0,1458.25,111.72,1569.97,376.81,571.65,68.53,-30.619999999999997,-29.490000000000002,14.04,-8.789778085991678,1.33,2.75,-0.09,0.0,0.0,-4.03368545293597,3.344384774269696,-15.139085275892596,-15.062496311596343,9.905506048982001,-1.68,-1.63,0.45,0.9,0.71,12,2015,0.0,376.5555555555556,-33.89
2016-03-31,270.15,-153.39,-0.41,0.0,67.17,-136.13,-122.24,2.18,67.26,406.28,9.76,120.7,686.08,191.04,1022.68,433.29,2028.63,1028.86,193.91,16.44,1498.78,111.58,1610.37,376.81,418.26,-18.62,-8.51,114.0,13.89,-1.33,1.96,3.85,-0.41,0.0,0.0,-30.239999999999995,-26.4,-146.68,-121.04,-102.76000000000002,-57.73,-56.78,-7.04,0.68,0.55,3,2016,0.0,374.1219512195122,-153.39
2016-06-30,298.14,-14.120000000000005,-0.037932063757387634,0.0,64.82000000000001,2.049999999999983,15.489999999999995,1.67,72.2,296.09000000000003,-9.62,14.89,701.15,159.7,901.24,424.27,1906.16,930.12,196.62,10.6,1390.27,111.75,1502.02,376.81,404.14,18.720000000000002,-1.1500000000000004,-123.38,13.439999999999998,-11.003224150141639,1.56,3.72,-0.45,0.0,0.0,-2.96375858157722,-2.2253477404334077,-13.975858157721934,-11.517860426243214,-8.763149662706708,-30.46,-29.48,-3.79,0.65,0.53,6,2016,0.0,372.2444444444444,-167.51
2016-09-30,279.46000000000004,-40.49000000000001,-0.10901153846153849,0.0,17.00999999999999,-26.169999999999987,-12.780000000000001,1.57,65.56,305.62,-79.3,12.13,524.56,150.47,709.86,415.12,1848.4,914.37,190.29,52.76,1416.17,68.59,1484.75,376.81,363.64,27.74,2.45,-32.96,13.39,-3.5959496171894285,1.63,4.08,-0.56,0.0,0.0,-8.759855769230771,-6.392748076923079,-44.539000000000016,-33.93373461538462,-28.87248461538462,-27.11,-24.54,-3.17,0.5,0.4,9,2016,0.0,371.4285714285714,-208.0
2016-12-31,256.30999999999995,-150.04000000000002,-0.40229695006144567,0.0,-8.300000000000011,-135.99,-121.32,1.3,83.51,392.30999999999995,-102.14000000000001,15.19,387.79,155.34,589.1,405.9,1677.06,840.93,215.12,50.9,1386.64,76.8,1463.45,376.81,213.61,-12.51,18.78,-3.2099999999999937,14.670000000000002,-0.8053752332711277,2.29,6.85,-0.96,0.0,0.0,-35.787666182549444,-26.01520277064015,-280.95413249916214,-152.85607865043013,-170.97620377611443,-34.83,-32.43,-4.63,0.42,0.31,12,2016,0.0,372.95833333333337,-358.04
2017-03-31,263.46,-68.65,-0.18,0.0,42.84,-52.45,-37.85,1.19,0.0,315.9,-47.48,13.14,407.47,107.88,560.43,396.29,1654.2,834.67,207.78,65.7,1407.63,101.61,1509.24,376.81,144.96,-35.57,-0.22,33.74,14.6,-1.6525,3.09,10.41,-0.18,0.0,0.0,-16.6,-11.400000000000002,-189.44,-97.52,-85.08,-26.9,-26.06,-2.92,0.4,0.32,3,2017,0.0,381.3888888888889,-68.65
2017-06-30,224.25,-61.03,-0.16001079580505861,0.0,41.34,-36.83,-22.490000000000002,1.14,0.0,261.09000000000003,-44.64000000000001,13.86,444.08,86.34,574.45,387.25,1679.22,780.23,218.28,114.29,1446.45,148.84,1595.29,376.81,83.93,-33.720000000000006,-1.11,35.550000000000004,14.340000000000002,-1.7795674258561365,5.12,19.01,-0.34,0.0,0.0,-14.532745219000615,-9.374750154225787,-290.86197717458356,-100.03498457742134,-72.21193090684763,-27.69,-26.59,-2.35,0.4,0.34,6,2017,0.0,381.4117647058823,-129.68
2017-09-30,271.39000000000004,-78.9,-0.20804966919167706,0.0,66.35999999999999,-63.0,-48.81999999999999,0.99,0.0,334.39,-58.97,10.44,503.21,37.86,581.71,377.53,1647.41,817.44,286.7,136.34,1515.34,127.03,1642.37,376.81,5.04,6.030000000000008,0.29000000000000004,-9.740000000000009,14.179999999999996,-1.1896197718631178,74.02,325.87,-0.55,0.0,0.0,-19.155700450666412,-13.179000862978235,-6261.901639658644,-171.20596413846008,-174.45910442036626,-28.45,-27.48,-2.91,0.38,0.36,9,2017,0.0,379.23636363636365,-208.58
