,revenue,net_profit,eps,dps,gross_profit,ebit,ebitda,close_price,allowance_doubtful_accounts,expense,operating_profit,cash,account_receivable,inventory,current_asset,property_plant_equipment,total_asset,short_term_loan,account_payable,current_portion_long_term_debt,current_liability,non_current_liability,total_liability,paid_in_capital,total_equity,cash_flow_operation,cash_flow_investment,cash_flow_financing,depreciation,P/E,P/BV,D/E,EPS,DPS,DPR%,ROA%,ROAA%,ROE%,ROAE%,ROCE%,NPM%,NPMA%,TIE,CurrentRatio,QuickRatio,month,year,dividend,number_of_shares,return_old
2000-03-31,4390.38,222.54,0.26,0.0,648.14,564.91,686.75,0.61,0.0,3825.47,540.63,320.92,2293.39,7618.67,10407.28,16489.68,27469.52,4843.94,2190.75,4.33,7417.59,14676.76,22094.35,8530.0,5156.64,-1965.04,-47.04,2164.06,121.84,0.5875000000000001,1.01,4.28,0.26,0.0,0.0,3.24,0.0,17.28,0.0,11.28,5.1,5.07,0.0,1.4,0.38,3,2000,0.0,855.9230769230769,222.54
2000-06-30,4046.7799999999997,179.56000000000003,0.20988112409848297,0.0,536.9,540.8100000000001,674.1600000000001,0.41,0.0,3505.9600000000005,532.8100000000001,178.61,1552.4,7186.69,9026.92,16492.08,26090.66,4482.5,947.8,21.88,5899.68,14658.12,20557.8,8530.0,5286.54,302.31999999999994,-78.78,-365.8599999999999,133.35,0.487061427934952,0.66,3.89,0.47,0.0,0.0,2.750782392439692,0.0,13.593151952250686,0.0,9.788498383486697,4.79,4.77,0.0,1.53,0.31,6,2000,0.0,855.5319148936171,402.1
2000-09-30,3934.960000000001,-38.170000000000016,-0.04509960706729318,0.0,338.53999999999996,299.0899999999999,416.98,0.33,0.0,3635.879999999999,284.3599999999999,197.78,1564.86,6118.8,7993.76,16510.98,25076.2,3969.9,396.39,39.29,4970.76,14639.63,19610.4,8530.0,5206.1,633.98,-60.31999999999999,-554.48,117.88999999999999,-1.8353818443804029,0.54,3.77,0.43,0.0,0.0,-0.6083202813727917,-0.0,-2.932523287445389,-0.0,-2.932523287445389,2.95,2.94,0.0,1.61,0.38,9,2000,0.0,846.3488372093024,363.93
2000-12-31,4011.3599999999988,-143.42000000000002,-0.16910434900911528,0.0,320.5600000000002,182.54999999999995,297.9799999999998,0.24,0.0,3828.8100000000013,175.56999999999994,171.57,1562.86,5175.25,6987.7,0.0,23983.22,2733.88,717.31,56.38,4064.41,14620.86,18685.28,8530.0,5021.88,1331.26,-69.79000000000002,-1304.65,115.43,-0.35362780644261604,0.41,3.72,0.26,0.0,0.0,-2.3934769398213236,-0.0,-11.421047571538708,-0.0,-20.7347947938869,1.35,1.35,0.0,1.72,0.45,12,2000,0.0,848.1153846153845,220.51
2001-03-31,2700.96,-249.17,-0.29,0.0,150.58,27.06,130.76,0.23,0.0,2673.9,15.63,189.47,1521.02,4880.02,6657.89,16366.93,23595.71,2720.46,558.15,80.31,3546.46,15030.09,18576.54,8530.0,4737.18,153.42,-85.44,-50.08,103.7,-0.1975,0.41,3.92,-0.29,0.0,0.0,-4.24,0.44,-21.04,-20.16,0.52,-9.27,-9.23,0.0,1.88,0.5,3,2001,0.0,859.2068965517242,-249.17
2001-06-30,3606.38,-12.460000000000008,-0.014763597446775991,0.0,309.16999999999996,194.04,302.99,0.26,0.0,3412.3299999999995,185.63,181.6,1046.23,5412.74,6736.56,16334.38,23641.49,3406.8,304.74,83.62,3983.17,14665.76,18648.93,8530.0,4690.61,-553.6,-114.39000000000001,660.13,108.95,-4.409494382022468,0.47,3.98,-0.31,0.0,0.0,-0.21145281504414648,0.16954324809845978,-1.0629790161678714,-0.9982096854336283,0.2133577953598595,-4.16,-4.15,0.0,1.69,0.33,6,2001,0.0,843.9677419354839,-261.63
2001-09-30,3259.67,-106.56,-0.12444879002688829,0.0,248.60000000000002,186.34,298.66999999999996,0.2,0.0,3073.33,172.44,216.07,985.77,4999.99,6272.19,16080.64,23071.3,2935.28,281.59,85.92,3456.85,14750.4,18207.25,8530.0,4545.64,544.76,-46.22999999999999,-464.13,112.33000000000001,-0.4059902871621621,0.38,4.01,-0.43,0.0,0.0,-1.852261060865314,1.9564507455389881,-9.377071620630652,-8.7403568809582,2.4079393791249086,-3.86,-3.85,0.0,1.81,0.37,9,2001,0.0,856.2558139534884,-368.19
2001-12-31,3618.3999999999996,-261.46999999999997,-0.3072893307499285,0.0,188.76,-81.42000000000002,24.90000000000009,0.28,0.0,3699.83,-124.75999999999999,210.03,1123.66,4879.72,6270.95,15992.9,22834.87,2140.22,1129.41,88.57,3508.42,14830.59,18339.01,8530.0,4241.89,751.8199999999999,44.05000000000001,-802.05,106.32,-0.22275423566757183,0.56,4.32,-0.74,0.0,0.0,-4.584424610107041,2.308822539148111,-24.649587396372645,-22.5733081345488,2.807129561985833,-4.8,-4.78,0.0,1.79,0.4,12,2001,0.0,850.8918918918919,-629.66
2002-03-31,5145.67,289.27,0.34,0.0,790.69,544.34,684.46,0.3,0.0,4601.33,545.29,233.12,1339.18,5111.27,6799.13,15801.56,23173.02,2571.6,649.91,91.59,3515.91,14910.09,18426.0,8530.0,4470.93,-341.9,-30.3,411.49,140.12,0.22249999999999998,0.58,4.12,0.34,0.0,0.0,5.0,9.32,25.88,25.12,11.08,5.65,5.62,0.0,1.93,0.48,3,2002,0.0,850.7941176470587,289.27
2002-06-30,5672.67,711.0500000000001,0.8316623680422264,0.0,1236.06,972.35,1158.47,0.61,0.0,4700.3099999999995,944.5,132.36,1586.48,4825.54,6718.87,15695.99,22991.53,1800.44,434.58,155.79,2620.5,14938.03,17558.54,8530.0,5126.56,861.92,-173.44,-789.23,186.12,0.18288671682722735,1.01,3.43,1.17,0.0,0.0,12.368312140115162,18.481385956493924,55.4725907709533,57.94625319897632,21.18251159628919,9.3,9.25,0.0,2.56,0.72,6,2002,0.0,854.9743589743591,1000.32
2002-09-30,6587.860000000001,1465.3199999999997,1.717515452377476,0.0,1940.8899999999999,1755.15,1866.82,0.63,0.0,4832.720000000001,1855.2400000000002,167.82,1497.38,8131.9,10146.4,15524.96,26241.55,2824.22,1233.95,161.7,4401.17,14981.58,19382.74,8530.0,6500.03,-700.6,-215.99,952.05,111.67000000000002,0.09254647449021375,0.83,2.98,2.89,0.0,0.0,22.34552976103567,31.5452319073344,90.16658976979606,106.11749452474814,35.61021657662919,14.2,14.17,0.0,2.31,0.46,9,2002,0.0,853.1626297577853,2465.64
2002-12-31,6665.419999999998,967.7800000000002,1.1359383355371615,0.0,1301.3700000000003,1250.29,1413.75,0.79,0.0,5415.139999999999,1187.7899999999995,111.11,1897.11,10989.81,13371.93,16924.0,30866.08,4883.86,1194.14,228.44,6556.26,14961.75,21518.01,8530.0,8950.9,-1961.9,-162.84000000000003,2068.02,163.45999999999998,0.16851706999524685,0.75,2.4,4.03,0.0,0.0,12.537602274117353,18.986800566199303,43.25021791682929,58.68544949350794,20.971169271455288,14.32,14.26,0.0,2.04,0.36,12,2002,0.0,851.9652605459057,3433.42
2003-03-31,7815.31,879.51,1.03,0.0,1264.59,1144.16,1296.35,0.79,0.0,6671.15,1065.45,52.09,2123.36,9443.21,12043.66,16770.49,29384.3,2891.17,832.09,1541.11,5509.99,13688.26,19198.25,8530.0,9751.99,2068.91,-152.25,-1975.68,152.19,0.1925,0.69,1.97,1.03,0.0,0.0,11.96,17.4,36.08,49.48,19.16,11.37,11.25,0.0,2.19,0.47,3,2003,0.0,853.8932038834951,879.51
2003-06-30,7415.679999999999,758.3900000000001,0.8890095854447769,0.0,1166.24,991.9799999999998,1178.2000000000003,0.98,0.0,6423.700000000001,965.5999999999999,143.83,2007.43,10583.31,13148.74,16661.5,30383.96,2188.83,3151.22,1140.1,6722.07,12768.08,19490.15,8530.0,10427.74,2237.33,-80.91,-2064.67,186.22000000000003,0.27536261026648556,0.8,1.87,1.92,0.0,0.0,9.98283680322364,14.816826424079617,29.096542890286344,39.00529556138959,16.724492826179866,10.84,10.75,0.0,1.96,0.38,6,2003,0.0,853.0729166666667,1637.9
2003-09-30,7541.300000000001,861.4699999999998,1.0098973341282003,0.0,1030.8899999999999,1066.52,1225.1699999999996,2.83,0.0,6474.780000000001,896.8,205.43,2519.82,8647.75,11661.85,16756.43,29065.42,1923.11,801.06,245.6,3249.75,14113.2,17362.96,8530.0,11207.78,-77.11999999999989,-123.26000000000002,261.98,158.64999999999998,0.6963084030784591,2.15,1.55,2.93,0.0,0.0,11.856815117409583,15.965339425535232,30.744997339329508,38.92068497261309,17.109659954308484,11.12,10.98,0.0,3.59,0.93,9,2003,0.0,853.0273037542661,2499.37
2003-12-31,8421.29,2203.08,2.56267426554243,0.0,1332.98,2424.49,2543.73,3.48,6.21,5996.789999999997,1143.3400000000001,108.4,2321.84,8433.44,11661.85,17009.45,29301.51,290.0,1238.11,246.84,2092.64,10798.72,12891.36,13101.28,15768.69,1553.4099999999999,-424.3,-1226.1500000000005,119.23999999999995,0.3415182381030194,2.89,0.82,5.47,0.0,0.0,30.077456644940405,35.04351646482153,55.88222785994535,71.3051230741422,38.75400644344969,15.91,15.08,0.0,5.57,1.54,12,2003,0.0,859.6800731261426,4702.45
2004-03-31,9181.26,1575.53,1.2,0.0,1806.33,1723.75,1896.18,2.68,0.0,7457.51,1676.13,1154.28,2072.69,6957.0,13230.45,17535.0,31383.44,0.0,741.49,245.88,1376.52,12081.54,13458.06,13101.28,17251.66,3336.13,-3282.64,992.4,172.43,0.5575,2.03,0.78,1.2,0.0,0.0,20.08,22.68,36.52,46.68,22.96,17.26,17.16,0.0,9.61,4.56,3,2004,0.0,1312.9416666666666,1575.53
2004-06-30,7597.4400000000005,1418.8,1.0850681120651364,0.0,1850.13,1559.25,1762.64,2.39,0.0,6038.1900000000005,1734.23,1065.61,2011.74,7320.12,13570.26,17465.68,31644.43,200.85,202.57,857.67,1654.34,10779.69,12434.03,13101.28,18515.73,761.6499999999996,-366.19000000000005,-484.14,203.39,0.5487213137862983,1.69,0.67,2.29,0.0,0.0,17.92968443691911,20.071390928855536,30.64725130496639,39.214077272712096,20.753704501507848,17.89,17.85,0.0,8.2,3.78,6,2004,0.0,1307.5676855895197,2994.33
2004-09-30,9769.079999999998,1143.1999999999998,0.8731083520844561,0.0,1353.1099999999997,1281.2799999999997,1354.6399999999999,2.63,0.0,8487.8,1239.9,2219.01,1978.01,8275.96,16627.95,17528.62,34759.99,436.03,1993.34,1328.95,4324.18,10124.95,14449.13,13101.28,19590.84,1766.1000000000004,-664.96,52.25999999999999,73.36000000000001,0.7509949921273618,1.76,0.74,3.16,0.0,0.0,13.151885303550667,15.804366373174334,23.341833412688242,29.696735975328274,16.5780066851479,15.63,15.59,0.0,3.85,1.93,9,2004,0.0,1309.3449367088606,4137.53
2004-12-31,10584.809999999998,1195.6599999999999,0.091918832818632,0.1,1406.8200000000006,1315.3400000000001,1471.4899999999998,2.88,0.0,9269.470000000001,1228.1499999999996,602.1,2687.24,11826.75,15912.24,20010.84,36525.73,766.76,2886.5,1527.13,6453.23,9985.52,16438.75,13101.28,19344.08,-718.8199999999997,19.76000000000022,-917.8399999999999,156.15000000000003,7.828102010605022,1.95,0.85,0.41,0.1,0.24,13.092828869775875,16.016296137958705,24.723924105460334,27.24384527834185,17.531835918090298,14.46,14.36,0.0,2.47,0.63,12,2004,1300.7780487804878,13007.780487804877,5333.19
2005-03-31,7795.64,560.55,0.04,0.05000000000000001,892.93,716.34,829.57,2.62,0.0,7079.3,695.97,204.51,3378.84,21438.12,26024.27,20676.97,47309.27,10528.65,3744.03,1543.69,17157.55,9545.94,26703.49,13101.28,19859.02,-8923.73,-796.7,9322.85,113.23,16.375,1.73,1.34,0.04,0.05,1.25,4.720000000000001,7.28,11.28,12.080000000000002,9.52,7.22,7.19,0.0,1.52,0.27,3,2005,700.6875,14013.749999999998,560.55
2005-06-30,11742.170000000002,989.27,0.07659754035952562,-0.004253074550592973,1613.8600000000001,1267.7599999999998,1429.1999999999998,1.92,0.0,10474.41,1336.56,213.61,4084.04,28343.16,34244.8,20893.6,55725.25,17343.83,5212.25,1541.78,25461.62,9367.19,34828.82,13101.28,20110.59,-5458.290000000001,-488.8799999999999,5956.27,161.44,6.26651975699253,1.25,1.73,0.12,0.05,0.42,7.098038739982708,11.591761107741545,19.685567872398085,20.477075789446516,16.749328825282934,7.96,7.93,0.0,1.34,0.23,6,2005,-54.929166666666674,12915.166666666666,1549.82
2005-09-30,9811.52,-657.01,-0.05151230384964327,-0.000630126604018028,-215.0,-331.78,-163.92999999999984,1.4,0.0,10143.310000000001,-451.95000000000005,287.59,4168.41,28974.03,34596.34,20961.48,56153.36,20442.79,4448.99,1508.13,26991.23,9002.02,35993.25,13101.28,19349.21,-2273.619999999999,-364.77,2712.3500000000004,167.84999999999997,-6.794493234501757,0.95,1.86,0.07,0.05,0.71,-4.680260749767588,-10.685123598526003,-13.569812614106025,-13.510941409706431,-16.68998644728442,3.06,3.04,0.0,1.28,0.21,9,2005,-8.036904761904793,12754.428571428569,892.81
2005-12-31,7109.049999999996,-2429.1099999999997,-0.18973716071079866,0.00018774234942952296,793.1500000000001,-2048.37,-1867.14,1.11,0.0,9157.41,574.02,221.53,3245.38,24610.01,29789.81,20827.98,51315.69,19739.23,2502.68,1617.08,24391.52,9314.34,33705.85,13101.28,16828.47,470.84999999999854,-207.6400000000001,-329.27000000000044,181.23000000000002,-1.4625495551868792,0.86,2.0,-0.12,0.05,-0.42,-18.910470350842935,-5.692114821323959,-57.743342576319726,-53.695616481156016,-9.297120874829135,-4.23,-4.21,0.0,1.22,0.21,12,2005,2.4035714285714675,12802.5,-1536.3
2006-03-31,7197.5,46.02,0.0,,-153.62,504.91,649.57,1.21,0.0,6692.59,-323.0,287.1,3271.6,22065.81,27234.24,20702.58,48634.99,18247.41,1717.43,1698.5,22290.06,8744.98,31035.04,13101.28,16807.21,2138.48,-88.02,-1984.89,144.66,0.0,0.94,1.85,0.0,0.0,0.0,0.36,4.2,1.08,1.0,7.680000000000001,0.72,0.64,0.0,1.22,0.23,3,2006,,inf,46.02
2006-06-30,12686.630000000001,1549.8700000000001,0.11653961112608012,,681.36,2025.57,2217.0099999999998,1.28,0.0,10661.05,408.11,140.98,3556.41,21412.99,26699.78,20560.99,47960.5,16664.63,1575.45,1695.91,20413.4,8463.25,28876.66,13101.28,18264.51,1862.38,-142.3,-1866.1899999999998,191.44000000000003,2.746705578532393,0.92,1.58,0.12,0.0,0.0,12.935896834994894,18.957110076509032,33.95187337473134,32.32031881896622,35.69996754162254,9.16,8.03,0.0,1.31,0.26,6,2006,,13299.083333333334,1595.89
2006-09-30,10471.48,642.3299999999997,0.04878702719125017,0.0,1653.8999999999999,1092.29,1200.15,1.13,0.0,9379.2,1353.5500000000002,259.71,3382.44,19763.65,25024.65,20517.97,46238.71,14331.95,2095.58,2266.91,19055.16,7473.1,26528.26,13101.28,18857.0,2994.35,-121.69999999999999,-2753.9300000000003,107.85999999999996,5.7930359005495635,0.79,1.41,0.17,0.0,0.0,5.555981449544726,8.127344765036499,13.625929712003282,13.453740204269462,15.301907587279171,7.95,7.37,0.0,1.31,0.28,9,2006,0.0,13165.999999999998,2238.22
2006-12-31,7826.080000000002,451.9200000000001,0.03527816396172691,0.0,565.8900000000003,856.6200000000003,985.4900000000002,1.05,0.0,6969.4699999999975,323.7099999999998,121.6,3977.92,17732.47,23399.9,20535.84,44622.1,12566.45,2197.81,1946.32,17148.25,7447.01,24595.26,13101.28,19261.38,2168.13,-188.82000000000005,-2117.42,128.87000000000006,7.4408634271552465,0.71,1.28,0.21,0.0,0.0,4.051949117889777,6.276153360048177,9.38735143895857,10.018998565130442,10.953029953831402,7.59,7.05,0.0,1.36,0.33,12,2006,0.0,12810.190476190475,2690.14
2007-03-31,8018.41,111.28,0.01,0.03,452.01,496.99,684.0,1.09,0.0,7521.42,199.12,72.59,4440.56,15710.44,21818.87,20456.58,42911.05,12044.35,1323.93,2615.2,16370.86,6445.43,22816.28,13101.28,19316.2,948.84,-111.78,-886.06,187.01,27.25,0.74,1.18,0.01,0.03,2.5,1.04,4.36,2.32,2.48,7.480000000000001,1.44,1.39,0.0,1.33,0.37,3,2007,333.84,11128.0,111.28
2007-06-30,7248.139999999999,372.46000000000004,0.030798362756852857,0.002395088270558567,727.76,675.54,844.53,1.05,0.0,6572.6,500.26,105.89,3079.3,14432.02,17764.14,20353.2,38753.6,9274.41,252.9,2230.42,12242.02,6410.1,18652.12,13101.28,19315.01,3665.1499999999996,-77.72999999999999,-3554.1200000000003,168.99,8.523180341513182,0.71,0.97,0.04,0.03,0.63,3.8497953446066076,8.315557944350271,7.699590689213215,7.9151792285111835,13.612876338528963,3.27,3.17,0.0,1.45,0.27,6,2007,28.965000000000032,12093.5,483.74
2007-09-30,5896.940000000002,235.33000000000004,0.016363497295117307,0.004772622971337974,607.78,472.69000000000005,626.6899999999998,0.95,0.0,5424.25,406.17999999999995,156.69,3147.55,12184.66,15583.09,20207.44,36425.62,7811.37,195.09,1636.88,9919.69,6210.34,16130.04,13101.28,19505.36,2363.04,-12.659999999999997,-2299.59,154.0,14.514012238133684,0.64,0.83,0.05,0.03,0.5,2.5788871737104877,5.21013753876535,4.830504401518629,4.9090491885351915,8.129385456214278,3.49,3.4,0.0,1.57,0.34,9,2007,68.63699999999994,14381.4,719.07
2007-12-31,8187.34,197.03999999999996,0.015055833906408618,-0.002966499656154828,693.3799999999999,217.79999999999995,360.9500000000003,0.81,0.0,7969.540000000001,469.58000000000015,50.74,3120.45,8863.21,12127.26,22742.77,36553.76,4246.19,979.31,1505.33,7001.93,6136.5,13138.43,13101.28,22656.4,4741.71,-1067.9199999999998,-3779.74,143.14999999999998,13.448275350182707,0.47,0.58,0.07,0.03,0.36,2.1594367488620354,3.9489301503094603,3.475746798965189,3.759656809771752,5.420100206307102,3.2,3.12,0.0,1.73,0.47,12,2007,-38.823428571428565,13087.285714285714,916.11
2008-03-31,9346.86,877.32,0.07,0.0,1014.47,1028.0,1180.93,0.92,0.0,8318.86,820.67,50.48,3906.04,6666.66,10700.86,22570.33,34953.34,3128.31,644.92,1087.32,5169.34,5556.64,10725.98,13101.28,23465.91,2165.92,-50.43,-2115.75,152.93,3.2850000000000006,0.51,0.46,0.07,0.0,0.0,10.04,10.56,14.96,16.4,13.8,9.6,9.39,0.0,2.07,0.78,3,2008,0.0,12533.142857142857,877.32
2008-06-30,9890.419999999998,813.0199999999999,0.06252742051894884,0.05,1263.4999999999998,940.3399999999999,1090.95,1.07,0.0,8950.079999999998,1038.77,55.94,2776.48,7730.11,10764.52,22365.49,34810.2,1065.25,2632.5,1095.81,5036.88,5481.07,10517.96,13101.28,23524.17,2813.62,-20.949999999999996,-2787.21,150.61,4.277723241740671,0.6,0.45,0.13,0.05,0.38,9.350254268372042,10.292975377734654,13.832989339422838,15.179733781369425,12.71711537323852,8.86,8.79,0.0,2.14,0.6,6,2008,650.1307692307691,13002.615384615383,1690.34
2008-09-30,6953.260000000002,-1375.46,-0.08736407520325204,0.00870612492182615,359.02,-1220.6499999999999,-1072.96,0.69,0.0,8173.920000000002,142.14999999999986,45.56,3723.24,10113.68,14227.26,22165.08,41527.45,7002.06,1853.45,1627.56,10685.75,7984.41,18670.16,13101.28,22086.47,-5515.23,-3465.52,8970.380000000001,147.69,-1.9744958050397685,0.41,0.85,0.02,0.05,2.5,-13.27933943089431,-33.54780487804878,-24.986125508130083,-26.383950711382116,-42.28421239837399,1.21,1.2,0.0,1.33,0.38,9,2008,137.0692307692309,15744.0,314.88
2008-12-31,1703.7299999999996,-5481.08,-0.4137705083039759,-0.009426270759939608,-491.12999999999965,-5167.51,-5051.52,0.53,0.0,6871.23,-785.5,47.04,3391.3,11449.73,15358.17,22179.72,41786.34,14322.59,917.23,1626.87,17094.25,7908.96,25003.21,13101.28,16014.04,-7226.34,-16.56999999999971,7244.379999999999,115.99000000000001,-0.32046749910601563,0.43,1.56,-0.39,0.05,-0.13,-52.45336905268863,-47.87006496070613,-136.90499074755138,-113.39433827571521,-75.9640215245248,-18.61,-18.52,0.0,0.9,0.23,12,2008,-124.86666666666667,13246.666666666666,-5166.2
2009-03-31,9548.65,-1875.04,-0.14,0.0,-3906.2,-1554.36,-1393.09,0.37,0.0,11103.01,-4014.61,135.63,3430.84,8352.23,12487.81,21973.87,38422.91,12297.59,2152.96,1944.59,16578.17,7014.54,23592.71,13101.28,14067.24,2704.14,-13.85,-2601.7,161.27,-0.66,0.34,1.68,-0.14,0.0,0.0,-19.52,-16.96,-53.32,-39.96,-28.48,-27.66,-19.64,0.0,0.75,0.25,3,2009,0.0,13393.142857142855,-1875.04
2009-06-30,9897.4,683.81,0.05166332278401316,0.0,-830.7399999999998,979.5199999999999,1150.1499999999999,0.71,0.0,8917.88,-950.5099999999998,122.52,3698.62,6515.5,10790.24,21743.17,36383.44,11393.4,277.67,1919.17,13979.85,6961.61,20941.45,13101.28,14673.46,986.79,-17.35,-982.5500000000002,170.62999999999997,3.436190133224142,0.63,1.43,-0.09,0.0,0.0,7.508402911276579,3.696797763656053,18.644719155830522,14.327961518766317,5.901099535773947,-8.15,-6.13,0.0,0.77,0.31,6,2009,0.0,13235.888888888889,-1191.23
2009-09-30,9986.810000000001,1312.72,0.10805169149724257,0.0,922.3599999999997,1527.33,1692.1100000000001,1.02,0.0,8459.48,787.4399999999996,59.04,3170.33,7771.65,11264.39,21561.04,36736.24,9271.36,2446.42,1846.54,13902.36,6146.4,20048.76,13101.28,15912.09,3011.2000000000003,-74.77,-2999.91,164.78000000000003,2.3599815649948197,0.84,1.26,0.01,0.0,0.0,14.26282327763602,105.02624413531979,32.847714215161744,27.661233023294102,180.23022141740063,0.51,0.41,0.0,0.81,0.25,9,2009,0.0,12149.0,121.49
2009-12-31,9577.690000000002,1151.71,0.0904579013509268,0.0,1503.3600000000001,1401.95,1618.1,1.2,0.0,8175.740000000002,1365.0700000000002,50.91,2871.2,14169.09,17619.38,21252.01,42773.25,12933.46,3759.93,1823.76,18919.02,6099.13,25018.15,13101.28,16959.5,-3577.51,-12.710000000000008,3582.0899999999997,216.15000000000003,3.3164598727110124,0.93,1.48,0.1,0.0,0.0,10.782581841030474,20.154020420986495,27.17355356581841,27.933399937166193,35.712779453345895,3.81,3.26,0.0,0.93,0.18,12,2009,0.0,12732.0,1273.2
2010-03-31,14040.55,1455.66,0.11,0.0,1785.71,1717.62,1935.78,1.54,0.0,12322.93,1539.19,189.46,2917.8,12166.91,15597.03,20983.92,40549.99,11197.5,2858.4,1826.95,16204.08,5220.45,21424.53,13101.28,18308.4,2808.52,-53.84,-2616.12,218.16,3.5,1.1,1.17,0.11,0.0,0.0,14.36,17.4,31.799999999999997,35.96,28.24,10.5,10.37,0.0,0.96,0.21,3,2010,0.0,13233.272727272728,1455.66
2010-06-30,11997.670000000002,917.6800000000001,0.06959913033952152,0.0,1355.71,1144.06,1341.01,1.53,0.0,10853.619999999999,1141.9499999999998,200.2,3066.42,13878.36,17590.92,20719.18,42347.09,12034.57,3016.83,1824.75,17236.26,5168.08,22404.34,13101.28,19132.28,-717.02,-30.25999999999999,758.01,196.95000000000002,5.495758325342167,1.05,1.17,0.18,0.0,0.0,8.661225108918233,11.24412616818492,19.178427026890375,21.714928665930714,17.63177968601212,9.22,9.11,0.0,1.02,0.22,6,2010,0.0,13185.222222222223,2373.34
2010-09-30,11784.269999999997,17.710000000000036,0.001333221806319402,0.0,256.3800000000001,253.64000000000033,442.8600000000001,1.8,0.0,11530.619999999999,15.920000000000073,73.0,3064.44,12170.43,15707.42,20493.26,40632.96,11625.86,2311.36,1938.01,16280.2,4465.22,20745.41,13101.28,19061.98,1237.8000000000002,-365.0,-1000.0000000000002,189.22000000000003,337.5282326369276,1.24,1.09,0.18,0.0,0.0,0.17420764935906852,0.23849856757491528,0.37152447669434,0.4050031576085828,0.3789312645072256,6.4,6.32,0.0,0.96,0.22,9,2010,0.0,13283.611111111113,2391.05
2010-12-31,10715.510000000002,54.75999999999976,0.004253969032753957,0.0,584.3899999999999,282.7999999999997,463.37999999999965,1.5,0.0,10432.700000000004,340.84000000000015,169.36,2962.02,14204.92,17779.18,20292.62,42492.56,12570.95,3157.5,1928.32,18180.01,4437.11,22617.13,13101.28,19033.42,-692.54,-68.24000000000001,857.6700000000001,180.57999999999993,88.10007715485793,1.03,1.19,0.19,0.0,0.0,0.515849718498164,0.7137712250747165,1.150810569913439,1.2170829295816057,1.2520102542715856,5.09,5.04,0.0,0.98,0.2,12,2010,0.0,12872.684210526315,2445.81
2011-03-31,12050.39,254.3,0.02,0.0,1206.9,692.81,882.77,1.29,0.0,11357.58,847.83,1290.2,2568.5,19647.71,24222.94,33850.61,62971.36,14096.4,2165.66,1644.45,19118.32,17995.35,37113.67,18184.11,25029.86,2193.14,-21290.26,20284.32,189.96,16.125,0.94,1.48,0.02,0.0,0.0,1.6,5.36,4.08,4.68,6.32,2.12,2.11,1.63,1.27,0.24,3,2011,0.0,12715.0,254.3
2011-06-30,9523.93,-1072.28,-0.06554438983838236,0.0,1.8799999999998818,-539.42,-336.69999999999993,1.16,0.0,10063.35,-565.51,1544.35,3892.37,21779.0,27889.52,34191.53,66987.16,17727.3,4293.14,1616.71,24166.67,18031.14,42197.81,18184.11,23954.54,-2178.1,-496.52000000000044,2995.59,202.72,-4.424482411310478,0.88,1.76,-0.05,0.0,0.0,-6.397132448226118,1.4681943323797648,-17.880509547910705,-19.925494510868237,1.887678427345412,-3.8,-3.79,0.17,1.15,0.25,6,2011,0.0,16359.6,-817.98
2011-09-30,18705.379999999997,2212.71,0.12691832827859156,0.0,-1214.6499999999999,2800.29,3101.8399999999997,0.67,0.0,15905.089999999997,-2205.62,625.48,3781.3,24380.16,30010.65,47023.66,81880.27,19356.78,8685.63,1544.57,31591.02,23085.49,54676.52,18184.11,26365.01,-1672.26,-1921.0800000000017,2541.1800000000003,301.55,1.3205342543758558,0.46,2.07,0.08,0.0,0.0,10.788057903680283,30.587317115140568,33.56989782968746,38.963926781527604,37.25052934976662,3.99,3.46,2.04,0.95,0.18,9,2011,0.0,17434.125,1394.73
2011-12-31,13026.710000000006,-2375.5,-0.14532459190228086,0.0,-1657.49,-2211.0299999999997,-1949.5099999999998,0.71,0.0,15237.730000000003,-1591.8799999999999,168.97,5239.82,25177.54,31442.79,50148.67,86363.66,22838.58,10684.52,1433.15,37494.26,23921.61,61415.87,18184.11,24095.76,-1656.07,-3190.790000000001,4367.829999999998,261.52,-1.2210596821721742,0.54,2.55,-0.06,0.0,0.0,-11.044668984573343,11.14155204584153,-39.43140593615221,-44.081792877025194,14.726225312764463,-2.04,-1.84,0.37,0.84,0.17,12,2011,0.0,16346.166666666666,-980.77
2012-03-31,15804.74,-2840.86,-0.16,0.0,-1570.24,-2131.91,-1834.73,0.78,0.0,17936.66,-2141.91,404.2,5157.28,16983.33,24224.99,51372.62,80390.11,22185.34,6526.25,1733.69,33426.71,25520.14,58946.85,18184.11,20582.0,1382.67,-2194.52,1040.35,297.18,-1.22,0.69,2.86,-0.16,0.0,0.0,-14.120000000000001,-11.88,-55.2,-49.84,-18.16,-18.05,-17.97,0.0,0.72,0.22,3,2012,0.0,17755.375,-2840.86
2012-06-30,11514.449999999999,-5021.9,-0.2746385493134726,0.0,-3185.87,-4194.31,-3572.4199999999996,0.66,0.0,15708.750000000004,-3703.4800000000005,1246.97,4664.86,24423.44,33166.63,53382.93,91364.5,25837.92,14478.52,1397.89,44455.72,29736.2,74191.92,18184.11,16319.16,-3216.91,-1884.8000000000002,5971.66,621.8900000000001,-0.5988780541229416,0.74,4.55,-0.43,0.0,0.0,-21.996631717106965,-20.412669851299032,-123.08916563649404,-99.76404977387074,-34.463944467337164,-28.9,-28.78,-4.21,0.75,0.2,6,2012,0.0,18285.488372093023,-7862.76
2012-09-30,15752.210000000003,-4781.57,-0.2609298634249501,0.0,-2935.0700000000006,-3783.7300000000005,-3116.470000000001,0.6,0.0,19535.939999999995,-3637.169999999999,217.21,8140.88,25302.12,37822.95,51768.12,93187.32,25431.79,20172.44,3187.24,53007.21,27761.28,80768.5,18336.7,11546.23,-1368.9999999999998,826.8700000000003,-536.4899999999998,667.2599999999999,-0.575154556976056,0.95,7.0,-0.69,0.0,0.0,-20.52648258942941,-17.47095607280101,-165.6488657603843,-100.89288052431407,-38.057944137807226,-29.4,-29.36,0.0,0.71,0.24,9,2012,0.0,18325.115942028988,-12644.33
2012-12-31,18839.869999999995,-3258.51,-0.1700679438389621,0.0,-3584.0200000000004,-2404.619999999999,-1976.8999999999996,0.59,0.0,21244.489999999998,-3711.3199999999997,242.14,5946.18,21614.64,33028.64,51861.35,88519.93,25308.7,11837.7,2317.32,46814.94,26823.16,73638.1,27080.63,13991.37,-1482.5600000000004,-1455.88,2991.789999999999,427.72,-0.8662714246695575,1.14,5.26,-0.83,0.0,0.0,-14.728293738728427,-11.728541090773724,-93.15625299632015,-68.44517585538182,-24.59633250413134,-26.24,-25.69,0.0,0.71,0.24,12,2012,0.0,19160.048192771086,-15902.84
2013-03-31,20534.48,-778.02,-0.03,0.0,-445.2,169.35,815.25,0.59,0.0,20365.12,-825.09,547.78,5611.14,16676.38,26358.89,49985.5,80125.41,24850.59,9074.33,5492.69,42893.88,24193.01,67086.89,27431.34,12208.33,-169.63,1825.76,-1350.49,645.9,-4.9175,1.33,5.5,-0.03,0.0,0.0,-3.88,0.84,-25.479999999999997,-19.0,1.8,-3.9,-3.79,0.0,0.61,0.23,3,2013,0.0,25934.0,-778.02
2013-06-30,12854.009999999998,-465.0799999999999,-0.01870645965730834,0.0,-925.3499999999999,-1436.4299999999998,-855.68,0.4,0.0,14290.45,-1148.0500000000002,147.73,5418.35,18570.47,27974.97,51590.71,83439.52,20869.45,11646.81,5414.35,42425.4,27484.99,69910.4,28096.4,12716.5,792.3,-835.48,-238.05999999999995,580.7500000000001,-5.345746968263525,0.88,5.5,-0.05,0.0,0.0,-2.229809991151154,-2.1699493202477678,-14.635934035878044,-12.810183573324753,-4.624236827286622,-3.83,-3.72,-0.68,0.66,0.22,6,2013,0.0,24861.999999999996,-1243.1
2013-09-30,16560.490000000005,-2902.27,-0.10501849050868801,0.0,-1961.16,-1960.7200000000003,-1312.5,0.38,0.0,18521.21,-2270.04,467.55,4909.58,16816.68,26842.13,51437.26,82139.63,21614.19,11227.47,6442.09,44775.23,25062.92,69838.15,30061.2,11500.37,667.86,-376.76,-90.09000000000015,648.2199999999998,-0.9034123375840291,0.99,6.07,-0.15,0.0,0.0,-14.142490055169985,-10.305814535252583,-100.95777554235207,-100.73373609593354,-24.196260213201718,-8.41,-8.3,-1.13,0.6,0.22,9,2013,0.0,27635.8,-4145.37
2013-12-31,16194.04,-2907.16,-0.09893164580654033,0.0,-1531.38,-2075.5599999999995,-1444.3799999999999,0.3,0.0,18269.600000000006,-1749.9499999999998,163.1,5108.19,17387.56,28154.35,52424.54,84726.19,21888.6,12614.25,1980.75,44043.89,30072.5,74116.39,32166.26,9793.73,133.12000000000012,-782.03,339.60000000000014,631.1800000000003,-0.7580991844274138,0.99,7.57,-0.24,0.0,0.0,-13.718521551840261,-10.091027872267116,-118.73446357548286,-97.7774432721307,-21.5011443552881,-10.79,-10.66,-1.43,0.64,0.24,12,2013,0.0,29385.541666666668,-7052.53
2014-03-31,19176.64,-1397.47,-0.04,0.0,-449.87,-552.99,85.67,0.3,0.0,19729.63,-762.73,169.82,5847.7,14516.57,24890.63,51506.47,80553.11,22062.39,11322.24,2664.72,42297.56,29193.78,71491.33,32166.26,8289.35,529.54,-11.25,-510.64,638.66,-1.875,1.16,8.62,-0.04,0.0,0.0,-6.92,-2.76,-67.44,-54.56,-5.8,-7.35,-7.29,-0.83,0.59,0.25,3,2014,0.0,34936.75,-1397.47
2014-06-30,18158.07,-1405.8500000000001,-0.04513451907024528,0.0,-382.21000000000004,-617.3699999999999,10.120000000000005,0.38,0.0,18775.44,-713.48,268.98,4903.63,11947.24,21236.56,51089.91,76632.17,21974.99,8807.98,3099.36,40324.33,28696.8,69021.13,32166.26,6836.58,1285.79,-246.25,-949.64,627.4900000000001,-2.103711349005939,1.79,10.1,-0.09,0.0,0.0,-7.341881768759899,-2.9287287930025827,-82.24512363911363,-57.51140718861921,-6.459251173608437,-7.56,-7.51,0.0,0.53,0.23,6,2014,0.0,31148.000000000004,-2803.32
2014-09-30,14326.129999999997,-547.3899999999999,-0.016336537629338257,0.0,213.96000000000004,242.19999999999993,879.6700000000001,0.34,0.0,14083.919999999998,-137.0,312.5,5910.6,13456.35,24133.99,50474.04,78397.26,22147.92,10293.59,18989.17,58662.93,12728.94,71391.87,32166.26,6221.83,170.84000000000015,479.6,-604.2700000000002,637.4699999999998,-5.203060888945726,1.76,11.47,-0.1,0.0,0.0,-2.7902806270909735,-0.758015346001295,-35.1889020535946,-24.707379510611176,-3.0712690743155924,-6.56,-6.49,-0.43,0.41,0.18,9,2014,0.0,33507.1,-3350.71
2014-12-31,14421.630000000005,-1552.3199999999997,-0.04749063334305521,0.0,-71.79999999999995,-723.93,-113.31000000000006,0.29,0.0,15145.57,-460.77,351.4,5311.9,13628.69,23008.93,50513.06,77293.27,22638.35,10851.79,29734.89,69677.12,2156.23,71833.35,32166.26,4659.93,608.5999999999999,-185.54,-398.6099999999997,610.6199999999999,-1.5239847293083901,2.0,15.42,-0.15,0.0,0.0,-8.0290830771992,-2.583490453862203,-133.25238507616717,-85.91372175980973,-27.46858232562313,-7.51,-7.42,-0.57,0.33,0.13,12,2014,0.0,32686.866666666665,-4903.03
2015-03-31,11147.02,-3025.78,-0.09,0.0,-1904.07,-2236.71,-1643.57,0.21,0.0,13383.73,-2254.89,82.91,5274.33,12787.6,22640.62,49628.47,76004.05,22269.12,10666.58,29548.0,71439.18,2158.32,73597.5,32166.26,1600.52,508.7,137.7,-916.74,593.14,-0.5825,4.22,45.98,-0.09,0.0,0.0,-15.92,-11.44,-756.2,-244.76,-196.0,-27.45,-27.14,-3.97,0.32,0.14,3,2015,0.0,33619.77777777778,-3025.78
2015-06-30,11774.09,-3236.0399999999995,-0.09818991922476211,0.0,-1880.3100000000002,-2387.58,-1754.1699999999998,0.18,0.0,14161.670000000002,-2355.2400000000002,140.48,4496.44,10093.4,19374.01,50300.63,73321.88,22505.62,9012.02,30154.06,72138.54,2173.61,74312.15,32166.26,-1776.59,864.6800000000001,-751.96,-58.110000000000014,633.41,-0.459568562193298,-3.26,-41.83,-0.19,0.0,0.0,-17.653513898515126,-12.75435371824805,728.589872209677,-511.62115806586576,-807.8032975716324,-27.36,-27.32,-5.52,0.27,0.13,6,2015,0.0,32956.94736842105,-6261.82
2015-09-30,10703.309999999998,-33122.28,-1.0260278030982046,0.0,-3138.1800000000003,-32360.479999999996,-31711.1,0.05,0.0,43063.79,-3649.8200000000006,63.52,4725.59,5497.86,11032.48,17109.82,31064.87,12800.25,4905.28,13733.31,64202.76,1535.68,65738.44,32166.26,-35382.65,-118.82000000000016,-669.54,716.2,649.3800000000001,-0.011890515991048926,-0.05,-1.86,-1.22,0.0,0.0,-426.49116353046026,-227.3408489618907,374.44968774708576,908.6905907307772,375.4588954222643,-117.8,-117.13,-29.5,0.17,0.09,9,2015,0.0,32282.049180327867,-39384.1
2015-12-31,-13128.96,-1456.0699999999997,-0.045279167545091016,0.0,7703.1,36504.81,35191.219999999994,0.04,0.0,-49633.78,7526.6900000000005,156.51,4590.82,3483.34,8960.76,16853.31,28664.77,12796.1,2804.25,13735.14,63457.13,1446.64,64903.77,32166.26,-36945.71,-1115.21,1059.26,148.95,-1313.5900000000001,-0.2103616412672468,-0.03,-1.76,-1.27,0.0,0.0,-20.319293832518323,-0.1297765117040404,15.764280883257829,36.07929636923646,0.19680394082590738,-202.45,-199.26,-0.86,0.14,0.09,12,2015,0.0,32157.614173228343,-40840.17
2016-12-31,-22.68000000000029,37971.06,1.1910994698704473,0.0,3848.2,279.75,411.72,0.05,0.0,-302.40999999999985,1668.46,425.06,1504.4,6509.75,9694.88,11634.09,24227.88,335.64,2244.3,1136.77,4743.41,62923.94,67667.36,32166.26,-44089.21,533.48,73.84,-143.88,131.9699999999999,0.01057846159680557,-0.04,-1.53,-0.09,0.0,0.0,626.7830099229377,40.23269320451289,-344.62477994918277,-374.79929985256746,54.525886842958265,-14.47,-14.01,-9.01,2.04,0.67,12,2016,0.0,31879.000000000004,-2869.11
2017-06-30,-7280.799999999999,5064.59,0.1614778089529397,0.0,-3026.0099999999998,2907.28,2470.57,0.05,0.0,-10188.09,198.41999999999985,516.52,1380.15,7226.63,10457.8,11453.86,24742.01,124.03,2635.76,1101.32,5015.66,60988.61,66004.27,32166.26,-41893.73,456.09000000000003,-11.030000000000001,-622.14,-436.7099999999999,0.07694555729091594,-0.04,-1.58,0.07,0.0,0.0,81.84618088071856,0.0,-48.35106965219451,0.0,126.59860221910472,19.19,16.64,52.24,2.09,0.64,6,2017,0.0,31363.999999999996,2195.48
