,revenue,net_profit,eps,dps,gross_profit,ebit,ebitda,close_price,allowance_doubtful_accounts,expense,operating_profit,cash,account_receivable,inventory,current_asset,property_plant_equipment,total_asset,short_term_loan,account_payable,current_portion_long_term_debt,current_liability,non_current_liability,total_liability,paid_in_capital,total_equity,cash_flow_operation,cash_flow_investment,cash_flow_financing,depreciation,P/E,P/BV,D/E,EPS,DPS,DPR%,ROA%,ROAA%,ROE%,ROAE%,ROCE%,NPM%,NPMA%,CurrentRatio,QuickRatio,month,year,dividend,number_of_shares,return_old
2000-03-31,4244.9,175.92,0.72,1.25,468.69,306.78,409.84,11.25,0.0,3938.12,162.86,764.28,2518.03,1244.6,6240.07,3429.27,17694.05,796.71,1479.45,0.0,3995.08,2237.9,6232.99,3000.0,10197.76,-32.28,-136.97,169.96,103.06,3.9074999999999998,3.31,0.61,0.72,1.25,1.74,3.96,0.0,6.919999999999999,0.0,8.96,4.3,4.14,1.56,1.25,3,2000,305.41666666666663,244.33333333333331,175.92
2000-06-30,4371.27,249.41,1.0144577151858556,0.007739088864332924,639.6299999999999,411.6,530.8,10.75,0.0,3959.67,189.34999999999997,631.22,2773.33,1230.29,6535.93,3354.58,17046.68,628.86,1813.14,217.53,4354.4,2101.65,6456.05,3000.0,9372.68,141.59,262.17,-485.54999999999995,119.19999999999999,2.6475475121286234,3.44,0.69,1.73,1.25,0.72,5.863917428819975,0.0,10.648874050737074,0.0,13.275909058848423,5.16,4.94,1.5,1.22,6,2000,1.9026974951830766,245.85549132947978,425.33
2000-09-30,4672.08,323.52000000000004,1.317668424918208,-0.0016846640764392018,562.77,490.5200000000001,607.2400000000001,10.5,0.0,4181.56,224.67000000000002,777.55,3035.54,1403.48,7441.13,3362.26,17697.51,1080.26,1699.7,211.89,4781.82,2091.24,6873.07,3000.0,9579.39,-338.46000000000004,30.049999999999997,362.59999999999997,116.72000000000003,1.990637363996043,3.29,0.72,3.05,1.25,0.41,7.30981959003806,0.0,13.513661748013623,0.0,16.174919943914002,5.92,5.64,1.56,1.26,9,2000,-0.41362645693163813,245.52459016393445,748.85
2000-12-31,5716.9000000000015,208.47000000000003,0.8471026407053024,0.0029109183218450647,686.8,414.27,639.9899999999998,11.75,0.0,5302.629999999999,237.52999999999997,763.26,3065.09,1606.81,6961.16,3311.84,17679.22,997.3,1888.64,643.42,4622.5,1775.65,6398.16,3000.0,9991.2,821.3,-524.02,-418.45,225.72000000000003,3.4670532930397657,3.53,0.64,3.89,1.25,0.32,4.712416746751348,0.0,8.344723185559689,0.0,10.827234780428697,5.27,5.04,1.51,1.16,12,2000,0.7163702642336034,246.09768637532133,957.32
2001-03-31,4767.69,273.95,1.11,1.25,646.84,449.94,591.9,10.25,0.0,4317.74,231.85,977.41,3057.22,1555.55,7026.18,3381.36,17980.07,1218.65,1740.49,607.89,4613.32,1793.1,6406.42,3000.0,10339.04,332.46,-320.19,143.14,141.96,2.3075,2.97,0.62,1.11,1.25,1.13,6.08,10.08,10.6,10.68,13.479999999999999,6.03,5.75,1.52,1.19,3,2001,308.5022522522522,246.80180180180176,273.95
2001-06-30,4609.570000000001,110.90000000000003,0.4495361829284138,-0.0005223165220564532,620.37,271.14000000000004,419.84000000000003,13.75,0.0,4338.450000000001,268.16999999999996,808.14,3309.2,1364.77,7011.43,3388.56,17934.27,1251.53,1674.93,1111.48,5068.98,1184.82,6253.79,3000.0,10423.46,54.02000000000004,268.14,-519.5999999999999,148.70000000000002,7.643211226330026,3.96,0.6,1.56,1.25,0.8,2.478212290502794,4.748946342730935,4.253303884630377,4.483835260491102,6.4548785241003,4.21,4.1,1.38,1.11,6,2001,-0.12885481635476026,246.69871794871796,384.85
2001-09-30,4624.6900000000005,291.18999999999994,0.9992911662031831,0.19173971650896077,671.71,460.15999999999997,611.97,11.75,0.0,4164.51,298.85,904.21,3024.33,1333.27,7106.66,3349.84,17981.86,1028.28,1759.22,815.09,4427.19,1160.5,5587.68,3000.0,11175.79,890.8899999999999,-713.3100000000001,1.2799999999999727,151.81,2.936881761049487,3.15,0.5,2.32,1.25,0.54,6.478163422282703,11.405702621146677,10.42364061298148,11.21618188272883,15.006596651085735,4.97,4.83,1.61,1.3,9,2001,55.872292219274925,291.3965517241379,676.04
2001-12-31,4359.029999999999,245.24,0.950315647794373,-0.16146786217975595,632.4099999999999,444.79999999999995,574.77,13.5,0.0,3914.239999999998,217.08000000000004,902.5,2894.3,1236.04,6619.39,3305.7,17584.65,756.81,1620.37,650.8,3858.37,1042.66,4901.03,3000.0,11450.48,434.8100000000002,6.330000000000041,-622.49,129.97000000000003,3.550030990050562,3.54,0.43,3.57,1.25,0.35,5.5794442514762075,9.817266411948594,8.57147447030219,9.146455366446682,12.617636332059744,5.19,5.02,1.72,1.4,12,2001,-41.66865884284749,258.06162464985994,921.28
2002-03-31,4258.28,272.83,0.94,1.25,552.86,385.28,530.2,14.2,0.0,3873.0,205.01,1158.53,2846.44,1191.63,6684.86,3270.92,17793.57,989.88,1791.57,652.45,4242.1,544.63,4786.73,3000.0,11760.52,579.92,-79.74,-254.55,144.92,3.7775000000000003,3.62,0.41,0.94,1.25,1.33,6.120000000000001,8.6,9.28,9.88,11.36,6.7,6.41,1.58,1.29,3,2002,362.8058510638298,290.24468085106383,272.83
2002-06-30,4574.61,264.74000000000007,0.9110794873225815,0.001435488460879333,563.32,389.01,538.98,16.0,0.0,4185.6,202.39,1032.69,2965.91,1129.03,6397.68,3259.43,17490.14,866.94,1873.15,651.68,4149.37,616.9,4766.27,3000.0,11606.97,277.46000000000004,162.76999999999998,-555.6600000000001,149.97,4.391082288282843,4.14,0.41,1.85,1.25,0.68,6.04759789422773,8.608469966702014,9.120644381196868,9.613119779749615,11.425429246423723,6.37,6.09,1.54,1.27,6,2002,0.4171219091431908,290.5783783783784,537.57
2002-09-30,4319.210000000001,223.15999999999997,0.7656430008018612,0.003812838379636185,580.1199999999999,335.30999999999995,491.8399999999999,15.1,0.0,3983.91,191.17000000000007,1401.38,2735.46,1126.11,6468.89,3251.79,17505.03,827.48,1699.99,548.9,3875.65,632.09,4507.74,3000.0,11878.58,423.6,97.21000000000001,-152.12,156.53000000000003,4.934381945689192,3.81,0.38,2.61,1.25,0.48,5.104286672012408,7.333745218408633,7.5097551036504395,7.7444349506395165,9.551469772455404,6.02,5.78,1.67,1.38,9,2002,1.111318214766527,291.4674329501916,760.73
2002-12-31,4743.269999999999,202.57999999999993,0.6960789361680039,-0.0018779041340977248,609.0600000000002,297.1700000000001,466.19000000000005,17.7,0.0,4446.089999999998,167.20999999999992,1135.09,3057.6,1162.19,6349.46,3514.72,18398.54,750.95,1949.21,51.39,3599.13,621.11,4220.24,3000.0,12977.14,317.30999999999995,-14.840000000000003,-568.7599999999999,169.02000000000004,6.360090458090633,4.09,0.33,3.31,1.25,0.38,4.4077989432269975,6.5780510946631905,6.241577892890137,6.636933904973476,7.999650372154339,5.63,5.38,1.76,1.44,12,2002,-0.5465268372863079,291.03021148036254,963.31
2003-03-31,4479.9,276.85,0.9500000000000001,1.25,565.01,387.88,547.04,16.4,0.0,4092.01,204.1,1069.93,2860.66,1176.89,6326.12,3585.09,18510.85,755.6,1848.32,552.92,3971.52,147.58,4119.1,3000.0,13155.11,366.68,-220.29,32.83,159.16,4.315,3.74,0.31,0.95,1.25,1.32,6.0,8.56,8.4,8.88,10.680000000000001,6.42,6.18,1.59,1.3,3,2003,364.2763157894737,291.42105263157896,276.85
2003-06-30,4618.16,274.18999999999994,0.9404382621951218,0.000576660783055191,507.1400000000001,369.57000000000005,532.0900000000001,20.6,0.0,4248.6,104.12000000000003,877.23,2852.57,1236.33,6147.71,3639.38,18582.86,815.93,1983.22,556.33,4087.56,212.84,4300.4,3000.0,13093.93,290.09999999999997,-163.9,-351.85999999999996,162.52,5.476436047995916,4.72,0.33,1.89,1.25,0.66,5.911326219512195,8.359451219512193,8.379354674796748,8.87694105691057,10.409507113821139,6.34,6.06,1.5,1.2,6,2003,0.1681286549707579,291.55555555555554,551.04
2003-09-30,4516.720000000001,164.76999999999998,0.5662594822648468,-0.0024738873909744873,546.05,290.65999999999985,455.76,26.25,0.0,4226.07,129.72999999999996,911.01,2897.24,1148.6,6218.6,3556.99,18634.29,856.85,1864.73,556.58,4088.8,209.76,4298.56,3000.0,13160.02,235.44000000000005,-305.33,79.87999999999997,165.09999999999997,11.58841521514839,5.98,0.33,2.46,1.25,0.51,3.535668962434165,5.3403333286766035,5.008864363448402,5.266673558625891,6.638586775820399,5.51,5.26,1.52,1.24,9,2003,-0.7198509485095315,290.97967479674793,715.81
2003-12-31,4526.1,316.18000000000006,1.0876452291204373,-0.0011965299184766947,616.3799999999999,388.57000000000016,591.9100000000001,25.5,0.0,4137.52,184.33999999999997,1591.53,2844.38,1203.57,7034.97,3493.96,19880.16,890.5,1876.59,563.25,4174.55,1446.86,5621.41,3000.0,13171.04,520.19,-779.72,1013.42,203.34000000000003,5.858757827819595,5.81,0.43,3.55,1.25,0.35,6.360426748321206,9.203623290923364,9.608043488793497,9.66931927634958,11.21346912276282,5.93,5.69,1.69,1.4,12,2003,-0.3478329325545815,290.70140845070426,1031.99
2004-03-31,4273.07,155.24,0.53,1.25,462.53,211.8,398.99,21.9,0.0,4061.27,52.45,1530.1,2374.55,2015.9,7295.68,4319.84,20490.78,1191.57,1583.0,163.33,3808.67,2037.4,5846.07,3000.0,13116.18,214.55,188.18,-135.27,187.19,10.33,5.01,0.45,0.53,1.25,2.36,3.04,4.36,4.72,4.72,5.08,3.78,3.63,1.92,1.39,3,2004,366.13207547169816,292.9056603773585,155.24
2004-06-30,4153.620000000001,57.349999999999994,0.1969307116985747,-0.007238887503361688,422.48,128.53999999999996,351.67999999999995,20.7,0.0,4025.0800000000004,-5.530000000000001,1448.24,2459.38,2189.59,7437.42,4413.17,20867.42,1482.59,1700.29,165.11,4258.19,2050.99,6309.18,3000.0,13064.86,165.72999999999996,-146.05,-158.65,223.14,26.28183260680035,4.75,0.48,0.73,1.25,1.71,1.1006538407262805,1.8667952396632013,1.7588880003763108,1.7588880003763108,2.21209840538125,2.63,2.52,1.75,1.23,6,2004,-2.10810286895844,291.2191780821918,212.59
2004-09-30,4411.139999999999,138.04999999999998,0.4763874629249372,-0.006185851155929375,434.54999999999995,194.93,427.83000000000004,18.4,0.0,4216.209999999999,-13.340000000000003,1392.43,2444.98,2303.52,7678.43,4481.35,21205.63,1493.43,1688.9,167.36,4340.49,2205.85,6546.34,3000.0,13170.11,46.58000000000004,-223.85999999999999,127.28000000000003,232.90000000000003,9.658157189424124,4.19,0.5,1.21,1.25,1.03,2.598477070499657,4.236305042208532,4.189060004563085,4.189060004563085,4.992225644535705,2.85,2.73,1.77,1.24,9,2004,-1.7925676440620464,289.78512396694214,350.64
2004-12-31,4795.219999999999,73.84000000000003,0.25397286091217497,0.0041041951572057716,482.75,165.47000000000003,395.73,18.2,0.0,4629.74,0.5799999999999983,2024.03,2610.71,2287.71,7708.44,4414.13,20730.36,1579.7,1906.58,330.38,4874.25,1914.44,6788.69,3000.0,12499.32,582.5,-567.22,77.74999999999999,230.26,17.921403033586127,4.37,0.54,1.46,1.25,0.86,1.4264229174519416,2.400565397663024,2.365774594798342,2.3031511496419155,3.0755069732378453,2.53,2.41,1.58,1.11,12,2004,1.1932525755689767,290.7397260273973,424.48
2005-03-31,4329.26,48.32,0.17000000000000004,0.0,430.35,100.57,330.7,18.4,0.0,4228.68,-35.76,1763.35,2502.36,2397.66,7507.96,4300.97,20432.78,1528.38,1704.09,391.44,4623.0,1839.8,6462.8,3000.0,12547.0,-128.47,-63.7,-68.51,230.13,27.06,4.4,0.52,0.17,0.0,0.0,0.9600000000000001,1.96,1.5599999999999998,1.52,2.56,1.15,1.12,1.62,1.11,3,2005,0.0,284.235294117647,48.32
2005-06-30,4624.85,73.65,0.2536115438222514,1.25,471.73,111.24000000000001,344.10999999999996,15.3,0.0,4513.619999999999,-59.160000000000004,1836.34,2586.01,2411.98,7679.82,4282.35,20929.99,1906.96,1697.25,348.12,4908.02,1922.9,6830.92,3000.0,12714.45,100.43,-97.17,-86.08,232.87,15.082712491513915,3.61,0.54,0.42,1.25,2.98,1.4009018611133885,2.4395015167664185,2.3187341149462983,2.2945806345822746,3.1882594080511604,1.43,1.36,1.56,1.07,6,2005,363.0059523809524,290.4047619047619,121.97
2005-09-30,4661.199999999999,221.04,0.7604069852190898,0.00121126553300545,561.67,317.59999999999997,554.29,15.7,0.0,4343.6,94.82000000000001,1828.79,2410.23,2285.43,7425.01,4172.16,20659.33,1456.8,1586.02,359.38,4386.42,1901.02,6287.45,3000.0,12988.76,559.05,-134.68,-477.4599999999999,236.69000000000005,5.1636164268910605,3.63,0.48,1.18,1.25,1.06,4.2789003236057255,6.521456517302702,6.804998105011515,6.753445089064459,8.377365091396753,2.64,2.52,1.69,1.17,9,2005,0.3520984665052538,290.6864406779661,343.01
2005-12-31,4973.65,513.61,1.7687533562139575,-0.001320597230977895,540.8499999999999,628.7900000000001,855.94,16.5,0.0,4344.85,49.300000000000004,1862.38,2577.55,2280.45,7622.39,4089.99,20521.3,1007.08,1590.35,332.48,3822.45,1752.83,5575.28,3000.0,13565.19,151.35000000000002,501.03,-681.1800000000001,227.14999999999998,2.3308082981250364,3.65,0.41,2.95,1.25,0.42,10.000951180219934,13.47850015175924,15.13333380028484,15.756894305526373,16.64426887067778,4.93,4.61,1.99,1.4,12,2005,-0.3834745762712828,290.3796610169491,856.62
2006-03-31,5035.14,451.89,1.56,1.25,678.93,600.52,811.72,17.4,0.0,4434.62,172.54,1781.39,2549.91,2261.15,7264.46,3935.98,20249.14,1007.45,1705.2,312.17,4041.74,1613.17,5654.91,3000.0,13241.99,523.07,-137.6,-343.92,211.2,2.7875000000000005,3.94,0.43,1.56,1.25,0.8,8.92,11.8,13.64,14.0,14.84,9.82,8.97,1.8,1.24,3,2006,362.09134615384613,289.6730769230769,451.89
2006-06-30,4441.099999999999,174.26999999999998,0.6011613645074741,0.0009305805348350268,448.9900000000001,234.33000000000004,444.77,22.9,0.0,4206.759999999999,-2.4599999999999795,1853.2,2434.94,2375.98,7249.67,3786.29,20104.86,946.42,1639.21,281.32,3840.69,1595.28,5435.98,3000.0,13343.73,220.04999999999995,-219.23999999999998,-97.33999999999997,210.44,9.521569977620933,5.15,0.41,2.16,1.25,0.58,3.4622441548486003,4.530975469528555,5.221197776926026,5.354789191261019,5.711032962821005,7.11,6.61,1.89,1.27,6,2006,0.26976495726495386,289.88888888888886,626.16
2006-09-30,4797.17,394.02,1.3595153796388872,-0.00028045159786622726,476.6399999999999,449.4,641.76,21.5,0.0,4347.77,6.269999999999982,1684.25,2396.3,2301.88,7065.95,3819.4,20169.55,926.34,1582.85,140.48,3681.15,1570.51,5251.66,3000.0,13648.75,371.7199999999999,-57.25,-163.52999999999997,192.36,3.95493870869499,4.73,0.38,3.52,1.25,0.36,7.817213432923601,9.717445156737046,11.540431688525553,11.833963418220314,12.03480091748515,7.82,7.15,1.92,1.29,9,2006,-0.08128156565658173,289.8238636363636,1020.18
2006-12-31,4608.040000000001,180.83000000000004,0.6233388564624774,0.0011856734596869041,596.5100000000002,295.75,388.2399999999998,24.6,0.0,4312.3099999999995,-74.19,1501.94,2546.38,2113.11,6816.65,3786.0,19975.04,849.36,1763.31,287.42,3774.94,1392.99,5167.93,3000.0,13526.24,409.10000000000014,-134.58999999999997,-339.1,92.49000000000001,9.86285378532323,5.46,0.38,4.14,1.25,0.3,3.6195811858352562,4.697626164644759,5.348066710518649,5.342044112871667,5.872032705805948,6.9,6.36,1.81,1.25,12,2006,0.343962725076949,290.09903381642516,1201.01
2007-03-31,3923.34,138.07,0.48,0.0,459.26,218.76,397.75,24.4,0.0,3704.59,-18.68,1655.85,2231.01,2179.25,6620.91,4177.33,19875.87,956.51,1480.37,316.18,3516.57,1373.74,4890.32,3000.0,13444.95,284.75,-44.03,16.8,178.99,12.7075,5.44,0.36,0.48,0.0,0.0,2.76,4.36,4.12,4.12,5.36,3.75,3.52,1.88,1.26,3,2007,0.0,287.6458333333333,138.07
2007-06-30,3999.08,-183.01999999999998,-0.6107452725250277,1.25,387.66999999999996,-172.73,11.769999999999982,21.1,5.63,4171.8,-22.189999999999998,1160.85,2377.04,2070.83,6316.98,4062.36,19499.7,1027.13,1495.37,279.99,3557.87,1565.4,5123.27,3000.0,12926.24,8.300000000000011,51.620000000000005,-429.85,184.5,-8.637193339525735,4.9,0.4,-0.15,1.25,-8.33,-3.7459043381535038,3.7459043381535038,-5.700289210233591,-5.537423804226918,4.7230967741935475,-0.61,-0.57,1.78,1.19,6,2007,374.58333333333337,299.6666666666667,-44.95
2007-09-30,4072.0300000000007,200.07999999999998,0.6835711983497712,-0.029759986248093378,481.36,351.25,513.25,18.8,6.12,3720.7799999999997,40.25,1425.84,2208.95,1879.94,6069.58,4187.0,19568.66,1072.15,1364.94,297.11,3444.39,1506.01,4950.41,3000.0,13156.27,569.9200000000001,-316.35999999999996,26.610000000000014,162.0,6.875326244502199,4.29,0.38,0.53,1.25,2.36,4.075632050538258,10.31805582414749,6.087652936247018,5.984472378005543,12.691208663701412,1.41,1.29,1.76,1.22,9,2007,-8.71069182389948,292.6981132075471,155.13
2007-12-31,4278.379999999999,396.59000000000003,1.365767055752918,-0.009983359073305864,517.97,544.98,704.46,18.2,15.12,3733.3899999999994,67.39,1700.84,2215.05,1460.63,5811.59,4202.91,20041.19,1290.28,1385.58,278.56,3714.49,1165.89,4880.39,3000.0,13599.58,802.27,-500.76,54.879999999999995,159.48000000000002,3.3318273279709523,4.01,0.36,1.9,1.25,0.66,7.907072428043211,13.54265859493946,11.673714202856521,11.702467193503953,16.590475603567025,3.71,3.39,1.56,1.17,12,2007,-2.8989572989075327,290.3789473684211,551.72
2008-03-31,3494.4,319.34,1.1,0.0,375.86,387.74,575.07,19.9,0.0,3106.66,-13.38,1703.57,1895.52,1526.03,5790.58,4111.1,19872.8,1162.45,1477.55,295.15,3552.03,1101.83,4653.86,3000.0,13705.7,340.14,101.19,-153.73,187.33,4.5225,4.36,0.34,1.1,0.0,0.0,6.44,7.8,9.32,9.4,9.52,10.45,9.14,1.63,1.2,3,2008,0.0,290.30909090909086,319.34
2008-06-30,3244.5799999999995,38.84000000000003,0.13446200234518968,1.25,308.31999999999994,99.12,284.5,18.3,2.65,3145.46,-55.85,1367.13,2021.2,1463.16,5900.88,4206.36,20546.97,1434.95,1397.04,288.69,3747.77,1303.74,5051.51,3000.0,14020.97,51.650000000000034,-579.79,130.58999999999997,185.37999999999997,34.02894438722963,3.92,0.36,1.24,1.25,1.01,0.7547222067117098,1.0540085990284223,1.1060584063878505,1.1537707298006599,1.2578703445195163,5.86,5.32,1.57,1.18,6,2008,361.0685483870968,288.85483870967744,358.18
2008-09-30,3307.7700000000004,72.82,0.25174431554524357,0.0017583826060923154,452.93999999999994,189.23000000000002,354.01999999999987,16.9,2.11,3118.55,125.14,1729.36,1880.6,1404.34,6206.77,3702.5,19720.49,1470.15,1233.65,285.13,3602.24,1519.85,5122.08,3000.0,13323.84,228.16000000000003,83.28000000000003,173.39999999999998,164.79000000000002,16.779524855808845,3.81,0.38,1.49,1.25,0.84,1.4800538283062643,2.3248334106728534,2.1829104408352666,2.2031851508120646,2.8317011600928073,4.65,4.29,1.72,1.33,9,2008,0.5086328209569047,289.26174496644296,431.0
2008-12-31,3126.7800000000007,-149.51999999999998,-0.515256501350007,0.003979445176168478,335.73,-50.80000000000007,137.9000000000001,14.8,4.08,3177.5599999999995,74.86000000000001,1940.43,1703.49,1294.04,6085.69,3561.79,19560.33,1263.65,1146.95,336.63,3499.25,1515.38,5014.64,3000.0,13252.65,549.9199999999998,-258.52000000000004,-161.98,188.70000000000005,-7.181956928838952,3.35,0.38,0.97,1.25,1.29,-3.059667471934062,-6.714270285633082,-4.504510444791814,-4.462015063237175,-8.265351712377432,2.31,2.14,1.74,1.37,12,2008,1.15477755483289,290.1855670103093,281.48
2009-03-31,2261.51,22.93,0.08,0.0,299.78,80.02,249.1,12.8,0.0,2181.49,2.07,1471.29,1077.51,1186.4,4681.96,3454.85,18541.12,760.31,700.82,337.07,2368.7,1450.3,3819.0,3000.0,13427.49,194.16,-195.33,-513.8,169.08,40.0,2.86,0.28,0.08,0.0,0.0,0.48,1.68,0.68,0.68,1.96,1.14,1.01,1.98,1.48,3,2009,0.0,286.625,22.93
2009-06-30,2399.34,390.96,1.3507762932180045,1.0,354.93000000000006,523.04,681.12,14.0,8.19,1876.3000000000002,53.6,1113.65,1189.8,1081.52,4665.57,3312.61,18216.32,609.85,537.99,424.78,2262.37,1384.61,3646.98,3000.0,13327.39,8.319999999999993,214.41000000000003,-508.5300000000001,158.08,2.59104710200532,3.15,0.27,1.43,1.0,0.7,8.576957162531107,11.750809152190195,11.750809152190195,11.448537534127425,14.282333953465896,10.17,8.88,2.06,1.58,6,2009,289.43356643356645,289.43356643356645,413.89
2009-09-30,2475.0599999999995,408.21000000000004,1.4101890280987714,0.00013218748165835914,381.43000000000006,523.81,655.49,17.4,8.07,1951.2399999999998,138.52999999999997,1216.75,1162.08,1001.56,4714.33,3263.09,18746.67,948.22,467.76,431.04,2636.3,1377.61,4013.91,3000.0,13467.83,374.94999999999993,-510.25,350.46000000000004,131.67999999999995,3.086323828421645,3.88,0.3,2.84,1.0,0.35,8.719337793455784,11.639024936139158,12.115708551271135,12.1951558204598,13.883410290718894,13.42,11.52,1.79,1.41,9,2009,0.03826455234906234,289.4718309859155,822.1
2009-12-31,2890.01,160.15999999999997,0.5527481522203896,0.0009676592325315081,445.74,308.5100000000002,469.6700000000001,19.8,8.5,2581.510000000001,258.2,1373.41,1475.72,1168.7,5417.37,3291.15,18909.93,156.61,645.75,499.62,2403.43,1717.06,4120.49,3000.0,13482.06,137.5100000000001,400.90000000000003,-322.33000000000004,161.16000000000003,8.954168331668333,4.41,0.31,3.39,1.0,0.29,3.3849709852788465,4.865488159957648,4.754612424409015,4.793745036955591,5.674228819253556,11.4,9.8,2.25,1.77,12,2009,0.2803814034650145,289.75221238938053,982.26
2010-03-31,3495.38,645.94,2.23,1.5,435.67,1081.38,1216.5,22.9,0.0,2414.01,199.18,2025.3,1571.14,1155.93,6282.06,3256.04,19598.01,170.96,664.26,557.25,2674.53,1602.53,4277.05,3000.0,13773.8,214.41,602.4,-105.84,135.12,2.5675,4.99,0.31,2.23,1.5,0.67,13.2,22.68,18.76,19.0,25.56,25.46,18.48,2.35,1.92,3,2010,434.48878923766824,289.65919282511214,645.94
2010-06-30,2990.7,354.9,1.2233773630150673,0.0022717688442153916,379.23999999999995,475.03999999999996,613.04,32.0,0.0,2515.6499999999996,143.44,1639.74,1510.34,1225.92,5953.17,3246.7,19356.01,152.29,782.82,511.17,2747.11,1553.32,4300.43,3000.0,13618.77,509.65,-138.56,-783.03,138.0,6.542543815159201,7.05,0.32,3.45,1.5,0.43,7.333172135406258,11.744422684944645,10.425302745693616,10.53877542863994,13.290487990088323,19.56,15.43,2.17,1.72,6,2010,0.6590368492882703,290.0985507246377,1000.84
2010-09-30,2647.3999999999996,352.4699999999999,1.2163029165527484,-0.0016074275857617675,322.88,434.3599999999999,575.8899999999999,38.0,0.0,2213.05,81.48000000000002,1364.29,1442.99,1197.1,5389.94,3171.34,18415.68,185.73,568.58,113.36,2054.41,1335.3,3389.71,3000.0,13593.22,3.5,423.43,-646.4699999999999,141.52999999999997,7.813390785031352,8.39,0.25,4.67,1.5,0.32,7.657238917912376,11.15769099467232,10.376340084681262,10.418012133214118,12.67872076612158,18.21,14.82,2.62,2.04,9,2010,-0.46581323899084737,289.78800856531046,1353.31
2010-12-31,3192.7700000000004,470.52,1.6227229511522454,0.0008746095778092934,356.23,564.5000000000002,718.77,38.25,12.03,2628.2699999999995,110.63,1588.08,1538.44,1226.71,5614.03,3477.37,19037.39,157.62,853.69,146.83,2266.0,891.74,3157.73,3000.0,14409.55,542.44,-3.230000000000018,-339.6100000000001,154.26999999999998,5.891825214656125,7.96,0.22,6.29,1.5,0.24,9.885968758053108,13.900208681730206,13.064338671915694,13.497752751078774,15.72673944391747,17.98,14.8,2.48,1.94,12,2010,0.25359923470523427,289.9570747217806,1823.83
2011-03-31,2672.02,305.54,1.05,0.0,256.19,420.46,568.28,37.75,0.0,2251.56,14.92,1874.81,1618.36,1471.32,6164.31,2964.68,19941.56,218.54,897.46,149.16,2625.73,829.03,3454.76,3000.0,14946.76,-324.78,481.7,120.02,147.82,8.9875,7.58,0.23,1.05,0.0,0.0,6.12,8.52,8.16,8.52,9.72,13.48,11.43,2.35,1.79,3,2011,0.0,290.9904761904762,305.54
2011-06-30,2921.68,378.71999999999997,1.30619822874346,1.75,277.28000000000003,530.6200000000001,690.1200000000001,31.75,0.0,2391.06,34.17,1770.44,1497.19,1594.89,6458.44,3090.46,19733.45,451.44,846.45,145.44,2546.91,824.61,3371.52,3000.0,14940.99,201.80999999999997,-7.6299999999999955,-304.65,159.5,6.075264707435572,6.38,0.23,2.36,1.75,0.74,7.682216701253909,10.781670125390933,10.139640487533978,10.604558501154532,12.242841025341244,14.67,12.23,2.54,1.91,6,2011,507.396186440678,289.9406779661017,684.26
2011-09-30,2358.5,-162.5,-0.5606025758969642,-0.0004468253473251889,245.29999999999995,-64.50999999999999,85.36999999999989,28.5,0.0,2423.01,20.519999999999996,1650.55,1349.4,1466.65,5670.26,3100.99,18867.58,311.34,677.36,62.88,1875.66,541.2,2416.86,3000.0,14904.6,353.98,187.90000000000003,-697.3,149.88,-12.70686276923077,5.74,0.16,1.8,1.75,0.97,-3.4508203005213125,-5.929929469487887,-4.360242256976388,-4.559567617295309,-6.502989880404784,7.46,6.56,3.02,2.24,9,2011,-0.12951977401132808,289.8666666666667,521.76
2011-12-31,2191.9399999999996,216.32000000000005,0.7473661391719055,-0.002560698027313747,18.58000000000004,192.64999999999998,368.56999999999994,30.5,0.0,1999.29,-223.3,4368.51,1449.07,1611.74,8126.55,3374.68,22007.19,449.59,1562.15,287.53,2495.26,2609.03,5104.29,3000.0,15408.29,492.36,-157.59000000000003,2364.29,175.92000000000002,10.201826923076922,5.94,0.33,2.55,1.75,0.69,3.9273357901582497,6.1665033600693695,5.615504010405377,5.803078257099503,6.4830349013657065,8.43,7.28,3.26,2.61,12,2011,-0.7411764705881296,289.443137254902,738.08
2012-03-31,2874.98,392.44,1.35,0.0,227.18,462.58,632.51,30.0,0.0,2412.4,-19.81,4259.25,1566.4,1344.42,8168.53,3396.55,22122.3,246.85,772.34,61.8,2102.41,2884.88,4987.29,3000.0,15684.02,99.76,8.36,-117.45,169.93,5.555,5.74,0.32,1.35,0.0,0.0,7.079999999999999,8.8,10.0,10.24,9.24,16.4,13.65,3.89,3.25,3,2012,0.0,290.6962962962963,392.44
2012-06-30,2697.6299999999997,277.50000000000006,0.9568394184553842,1.5,243.67000000000002,356.17,507.8499999999999,30.25,0.0,2341.4599999999996,-6.27,4287.46,1849.91,1237.43,8195.05,3488.45,22482.49,447.03,1671.04,68.71,2361.2,2996.2,5357.4,3000.0,15739.94,311.59000000000003,-22.240000000000002,-355.69,151.68,7.906499099099097,5.77,0.34,2.31,1.5,0.65,4.937457085709169,6.428635400185091,7.058244021852704,7.2404991491775395,6.743439711018898,14.17,12.02,3.47,2.95,6,2012,435.02597402597405,290.01731601731603,669.94
2012-09-30,2708.750000000001,297.14,1.0262311287587376,-0.002447318987832687,263.49,392.9100000000001,579.9100000000001,40.0,0.0,2315.84,14.509999999999998,4549.95,1674.68,1170.39,8185.39,3675.58,22426.61,261.55,1542.17,90.17,2086.69,3000.2,5086.88,3000.0,15921.5,648.84,-157.39000000000001,-133.97000000000003,187.0,9.747609207780846,7.54,0.32,3.34,1.5,0.45,5.2970732514373156,7.214343384208131,7.460147247383877,7.705951110559622,7.324955122637217,13.7,11.68,3.92,3.36,9,2012,-0.7086087565129446,289.54491017964074,967.08
2012-12-31,2726.9699999999993,262.14,0.9042104749353248,0.0018909318571817047,217.26999999999998,319.5899999999999,516.25,40.0,0.0,2407.38,-93.99000000000001,5715.99,1574.41,1373.89,9060.2,3648.61,23247.64,269.85,1726.17,2222.28,4852.27,819.8,5672.07,3000.0,16150.93,230.44000000000005,1001.46,-49.289999999999964,196.65999999999997,11.054727054245824,7.43,0.35,4.24,1.5,0.35,4.512522087177234,5.775004637086933,6.491548787035681,6.645093962024698,7.097199199492361,13.17,11.17,1.87,1.58,12,2012,0.5482007682747394,289.91037735849056,1229.22
2013-03-31,2698.42,228.97,0.7900000000000001,0.0,213.92,336.88,512.21,44.25,0.0,2361.54,-88.13,7209.91,1611.68,1312.95,11080.76,3494.36,22902.08,253.08,1674.12,2124.83,4236.26,912.9,5149.16,3000.0,16371.89,59.13,1589.65,-46.21,175.33,14.0025,8.11,0.31,0.79,0.0,0.0,3.9999999999999996,6.0,5.6,5.72,7.2,10.09,8.49,2.62,2.31,3,2013,0.0,289.83544303797464,228.97
2013-06-30,2509.21,240.50000000000003,0.8298932839159052,1.5,255.69000000000003,302.87,468.8399999999999,38.0,0.0,2206.34,13.780000000000001,6881.54,1773.11,1267.87,10965.17,3019.71,22607.77,131.94,1382.71,2378.54,4039.09,755.49,4794.58,3000.0,16523.0,75.67000000000002,-29.190000000000055,-571.5899999999999,165.97,11.448821413721415,6.9,0.29,1.62,1.5,0.93,4.262167976654526,5.819498583509064,5.819498583509064,5.962936928877245,7.069461307431785,10.49,9.02,2.71,2.4,6,2013,434.69444444444446,289.7962962962963,469.47
2013-09-30,2953.4799999999996,396.97,1.3699047827893451,-8.81640839401374e-05,328.83000000000004,515.44,687.96,38.75,0.0,2438.04,101.5,5285.49,1863.97,1111.32,9183.19,3137.79,21002.01,161.78,1280.29,286.89,1928.67,701.48,2630.15,3000.0,16974.32,421.42,166.5,-2174.16,172.52000000000004,7.071732372723379,6.85,0.15,2.99,1.5,0.5,7.568838465444808,9.74969022667467,9.34650754812797,9.658057799732237,11.105850145422648,12.32,10.62,4.76,4.19,9,2013,-0.025548123374278475,289.7792642140468,866.44
2013-12-31,2674.3599999999997,72.08999999999992,0.24886961524937906,-0.0005670826508128806,339.1099999999999,194.70000000000005,371.55999999999995,36.0,0.0,2479.66,81.6,5585.75,1812.25,1294.47,9660.4,3039.52,21474.52,90.54,1470.08,306.8,2016.07,611.3,2627.37,3000.0,17385.45,345.52,36.200000000000045,-184.9000000000001,176.8599999999999,36.1598983909003,6.21,0.15,3.24,1.5,0.46,1.3426669365923292,1.8557684890200612,1.6591307683291938,1.72058005604509,2.1322902837415936,9.97,8.66,4.79,4.15,12,2013,-0.1642666914405595,289.66975308641975,938.53
2014-03-31,2583.34,139.31,0.48,0.0,390.18,267.58,416.92,39.25,0.0,2315.76,149.25,5791.12,1619.74,1259.16,9610.28,2930.41,21282.35,120.1,1363.07,262.14,1958.47,559.69,2518.16,3000.0,17328.51,339.04,-54.74,-28.76,149.34,20.4425,6.8,0.15,0.48,0.0,0.0,2.6,4.84,3.2,3.32,5.52,5.69,5.39,4.91,4.26,3,2014,0.0,290.2291666666667,139.31
2014-06-30,2608.67,283.05,0.978437825551662,2.0,250.27000000000004,329.16,480.21,45.5,0.0,2279.5199999999995,36.05000000000001,2085.7,1847.25,1213.74,6349.82,5656.3,21415.85,191.33,1297.5,217.3,1921.06,905.04,2826.1,3000.0,17092.74,25.879999999999995,-3506.2200000000003,-227.53000000000003,151.04999999999998,11.624039568980745,7.99,0.17,1.46,2.0,1.37,5.280883606402121,7.264565773273984,6.621209394829056,6.728435457903211,8.202793825172838,8.93,8.13,3.31,2.67,6,2014,578.5753424657535,289.28767123287673,422.36
2014-09-30,2672.4799999999996,321.27,1.1059951857778734,0.008212583257360689,238.14,385.95000000000005,552.84,42.75,0.0,2286.5200000000004,13.23999999999998,2389.99,1614.22,1262.56,6234.35,5766.85,21871.08,345.84,1260.79,174.79,1974.58,885.96,2860.54,3000.0,17480.27,278.16,-59.94999999999982,60.630000000000024,166.89,9.663694867245619,7.34,0.16,2.56,2.0,0.78,5.875599424444951,7.914778048222907,7.34449928055619,7.465467504000645,8.53690034022296,10.59,9.46,3.16,2.52,9,2014,2.385595034246535,290.48046875,743.63
2014-12-31,2961.4500000000007,259.62,0.8953752305008722,-0.0036131011711936457,340.85,328.74,516.69,40.0,0.0,2632.7,62.190000000000026,2871.1,1885.34,1077.34,6424.73,5716.27,22136.87,344.56,1299.06,239.82,2054.28,769.62,2823.9,3000.0,17782.91,242.12,491.3199999999997,-87.85999999999999,187.95000000000005,11.167831831137816,6.75,0.16,3.46,2.0,0.58,4.689074906553701,6.221046399202592,5.838053526040368,5.910511637179169,6.759306653376527,10.36,9.27,3.13,2.6,12,2014,-1.047642702312146,289.9566473988439,1003.25
2015-03-31,2574.87,170.28,0.59,0.0,327.14,312.89,481.81,38.5,0.0,2261.98,66.21,2394.13,1608.56,1173.86,6403.23,5660.22,22042.36,167.95,1190.28,232.27,1837.79,714.29,2552.08,3000.0,17873.58,478.14,-714.6,-194.37,168.92,16.3125,6.46,0.14,0.59,0.0,0.0,3.0799999999999996,5.760000000000001,3.8,3.88,6.200000000000001,7.34,6.61,3.48,2.85,3,2015,0.0,288.6101694915254,170.28
2015-06-30,2695.0200000000004,276.70000000000005,0.9533267707727416,1.75,270.33000000000004,342.97,516.1099999999999,38.0,0.0,2352.06,28.560000000000002,2401.42,1617.3,1073.71,6142.75,5736.86,22081.83,149.62,1260.05,183.85,1860.11,710.5,2570.6,3000.0,17886.57,213.82000000000005,328.40000000000003,-608.21,173.14000000000001,9.966991687748463,6.37,0.14,1.54,1.75,1.14,5.00187032976867,7.47804376034722,6.190433576446375,6.3390039822810875,8.022801915074503,9.51,8.48,3.3,2.73,6,2015,507.9318181818182,290.24675324675326,446.98
2015-09-30,2712.3099999999995,247.81999999999994,0.8560276338514679,-0.004514052441513599,393.38,378.07000000000005,554.4700000000001,37.25,0.0,2334.2300000000005,147.45,2382.72,1547.84,1184.99,6459.23,5898.69,22949.94,203.24,1476.38,180.84,2085.66,667.71,2753.37,3000.0,18489.45,264.2199999999999,-526.3399999999999,-51.17999999999995,176.40000000000003,10.878153498506983,6.04,0.15,2.4,1.75,0.73,4.322939550949913,6.577145653425445,5.364439838802532,5.50711111111111,7.076495106505468,9.82,8.7,3.1,2.53,9,2015,-1.306818181818187,289.5,694.8
2015-12-31,3294.05,222.46000000000004,0.7663842312975604,0.004655168654470682,411.36,407.5,600.3299999999997,37.5,0.0,2886.5499999999993,150.84,2606.27,2065.7,1171.89,7053.82,6180.13,23626.98,333.87,1973.24,231.84,2770.59,568.7,3339.29,3000.0,18489.81,685.1,-297.19000000000005,30.399999999999977,192.82999999999993,12.235768452755549,6.08,0.18,3.16,1.75,0.55,3.764013692955106,6.11167171794257,4.811728844602404,4.908739506791967,6.703436757298913,9.07,8.13,2.55,2.12,12,2015,1.3512658227847396,290.27215189873414,917.26
2016-03-31,2994.61,286.59,0.9900000000000001,1.5,438.98,415.54,610.03,38.0,0.0,2579.07,177.97,3274.5,2094.2,1164.46,7945.3,6101.94,24427.5,466.22,2320.28,226.75,3289.62,554.04,3843.67,3000.0,18723.64,742.27,-131.23,94.77,194.49,9.595,6.09,0.21,0.99,1.5,1.52,4.68,7.16,6.12,6.28,7.88,10.62,9.57,2.42,2.06,3,2016,434.22727272727263,289.48484848484844,286.59
2016-06-30,3171.8699999999994,384.69,1.3237902216660706,0.005742760100107623,376.16999999999996,512.6099999999999,706.01,37.0,0.0,2659.2599999999998,140.59,3473.44,2134.86,1213.93,8196.89,6056.93,24634.23,512.02,2853.2,173.66,3833.73,533.32,4367.05,3000.0,18482.91,811.9300000000001,-42.95000000000002,-557.51,193.39999999999998,6.988682835529907,6.01,0.24,2.31,1.5,0.65,6.234994637111191,9.100341437254201,8.320967107615301,8.458503754022166,10.223557382910261,12.24,10.89,2.14,1.82,6,2016,1.6688311688312751,290.5974025974026,671.28
2016-09-30,3572.620000000001,751.44,2.593321524966262,-0.0043366720998302705,397.7099999999999,935.5000000000001,1128.8600000000001,36.5,0.0,2637.12,150.54000000000002,3757.89,2059.74,1078.46,8356.47,6139.4,23974.32,406.68,1429.86,133.09,2417.48,599.65,3017.13,3000.0,19116.51,-1055.19,1197.39,50.47000000000003,193.36,3.51685084637496,5.73,0.16,4.91,1.5,0.31,12.528225371120108,16.774723346828612,15.71838056680162,15.993029689608639,18.27473009446694,17.07,14.61,3.46,3.01,9,2016,-1.256592694474648,289.7596741344195,1422.72
2016-12-31,2502.8899999999994,-99.70000000000005,-0.34363199346948664,0.0019454195103403675,396.10000000000014,10.7199999999998,200.44000000000005,39.25,0.0,2492.1799999999994,115.28999999999996,4439.89,1652.83,1211.37,8515.52,6311.61,24020.93,428.78,1552.55,276.68,2514.45,561.08,3075.53,3000.0,19069.36,844.1099999999999,-52.31000000000006,-118.27999999999997,189.72000000000003,-28.563696589769293,6.17,0.16,4.56,1.5,0.33,-1.660887968435852,-2.3722664812323333,-2.091935118138805,-2.1220782754606895,-2.628483318468354,12.09,10.81,3.39,2.9,12,2016,0.5644361667917792,290.1359649122807,1323.02
2017-03-31,3070.31,432.92,1.49,2.0,405.96,551.76,739.45,39.25,0.0,2518.55,136.49,4308.8,1545.25,1060.79,8553.69,6523.21,24222.9,440.74,1447.94,243.11,2440.74,595.91,3036.65,3000.0,19399.14,325.38,-363.79,-20.56,187.69,6.585,6.07,0.16,1.49,2.0,1.34,7.160000000000001,9.08,8.92,9.08,10.12,16.33,14.1,3.5,3.07,3,2017,581.1006711409397,290.5503355704698,432.92
2017-06-30,2822.47,402.92,1.3883154670750384,-0.0022611180200829877,300.37000000000006,469.66999999999996,656.77,40.25,0.0,2352.79,34.73999999999998,3939.71,1530.63,1161.7,8048.96,6594.43,24243.15,489.62,1196.53,235.56,2224.37,1076.98,3301.34,3000.0,19174.85,36.24000000000001,-223.50999999999993,-164.0,187.10000000000002,7.250225354909163,6.3,0.17,2.88,2.0,0.69,6.652344946401225,8.059942572741194,8.407021439509954,8.561278713629404,8.946921898928023,16.59,14.18,3.62,3.1,6,2017,-0.6562266964951959,290.22222222222223,835.84
2017-09-30,3023.13,350.51999999999987,1.208424761455207,-0.001093915656105987,372.31000000000006,448.7600000000001,641.8899999999999,41.0,0.0,2574.38,128.79,3741.32,1756.97,1032.68,8269.18,6894.99,24975.46,451.69,1305.82,236.73,2186.6,1352.28,3538.88,3000.0,19622.01,318.73,-562.1000000000001,70.9,193.12999999999994,8.478351591920577,6.27,0.18,4.09,2.0,0.49,5.61370916079436,7.102819380289286,7.150092720590711,7.232821066118208,7.622826123604975,15.32,13.31,3.78,3.31,9,2017,-0.31730508014129555,290.0635696821516,1186.36
