,revenue,net_profit,eps,dps,gross_profit,ebit,ebitda,close_price,expense,operating_profit,cash,account_receivable,inventory,current_asset,property_plant_equipment,total_asset,short_term_loan,account_payable,current_portion_long_term_debt,current_liability,non_current_liability,total_liability,paid_in_capital,total_equity,cash_flow_operation,cash_flow_investment,cash_flow_financing,depreciation,P/E,P/BV,D/E,EPS,DPS,DPR%,ROA%,ROAA%,ROE%,ROAE%,ROCE%,NPM%,NPMA%,TIE,CurrentRatio,QuickRatio,month,year,dividend,number_of_shares,return_old
2000-03-31,1169.64,-120.69,-0.68,0.0,44.23,-113.97,-97.63,0.6,1283.62,-16.37,34.93,90.74,235.52,423.54,1343.09,2088.17,143.91,759.73,5.88,941.46,220.27,1161.73,1770.0,926.44,-45.34,85.38,-38.3,16.34,-0.22,1.15,1.25,-0.68,0.0,0.0,-23.12,0.0,-52.12,0.0,-39.76,-10.47,-10.32,0.0,0.45,0.2,3,2000,0.0,177.48529411764704,-120.69
2000-06-30,1181.5399999999997,-22.110000000000014,-0.12541386554621856,0.0,26.770000000000003,-15.97999999999999,0.19999999999998863,0.48,1197.5,-34.75,53.06,95.74,242.99,467.67,1328.74,2119.74,156.64,785.44,5.99,996.67,218.75,1215.42,1770.0,904.32,-7.979999999999997,-94.25999999999999,13.509999999999998,16.180000000000003,-0.9526458616010849,0.94,1.34,-0.81,0.0,0.0,-4.174268907563028,0.0,-9.779184873949584,0.0,-7.165621848739499,-6.19,-6.07,0.0,0.47,0.23,6,2000,0.0,176.2962962962963,-142.8
2000-09-30,870.0300000000002,-37.81,-0.21353302696417695,0.0,35.260000000000005,-29.560000000000002,-13.689999999999998,0.38,899.5999999999999,-19.869999999999997,15.76,79.68,262.84,415.95,1313.07,1987.63,164.65,697.75,6.61,903.87,217.24,1121.11,1770.0,866.52,-93.23000000000002,63.18,-7.25,15.869999999999997,-0.44185202327426604,0.78,1.29,-1.02,0.0,0.0,-7.611824372958307,0.0,-17.451091301699794,0.0,-12.326298654559547,-5.7,-5.61,0.0,0.46,0.17,9,2000,0.0,177.06862745098042,-180.61
2000-12-31,719.4899999999998,-10.469999999999999,-0.05917730793384969,0.0,5.519999999999996,-17.439999999999998,-1.9399999999999977,0.32,736.9299999999998,-43.16000000000001,36.99,83.55,192.69,382.14,1298.28,1941.18,544.98,278.02,12.39,875.82,209.31,1085.13,1770.0,856.05,-29.069999999999993,106.51,50.66,15.5,-1.368767908309456,0.66,1.27,-1.08,0.0,0.0,-2.156684111366966,0.0,-4.891990789198241,0.0,-3.640500314004605,-4.96,-4.85,0.0,0.44,0.22,12,2000,0.0,176.92592592592592,-191.08
2001-03-31,787.02,-22.78,-0.13,0.0,46.53,-12.2,3.06,0.34,799.22,-22.09,24.8,86.93,160.95,317.93,1283.1,1862.92,354.97,404.88,15.99,825.82,204.54,1030.36,1770.0,832.56,174.22,-0.25,-186.15,15.26,-0.655,0.72,1.24,-0.13,0.0,0.0,-4.88,-2.48,-10.96,-10.36,-4.72,-2.95,-2.89,0.0,0.38,0.19,3,2001,0.0,175.23076923076923,-22.78
2001-06-30,751.4200000000001,-12.21,-0.06979136896256075,0.0,44.94,-0.9500000000000011,14.290000000000001,0.38,752.3699999999999,-13.510000000000002,22.97,118.43,206.44,396.2,1267.35,1921.64,165.75,452.81,6.31,698.28,403.0,1101.28,1770.0,820.36,-26.560000000000002,5.12,19.599999999999994,15.24,-1.361199836199836,0.82,1.34,-0.2,0.0,0.0,-2.540405830237211,-0.9072877965132896,-5.960182909402686,-5.667059159759931,-1.4935352957987997,-2.31,-2.27,0.0,0.57,0.27,6,2001,0.0,174.95,-34.99
2001-09-30,926.5999999999999,3.7500000000000036,0.021606914212548036,0.0,42.91,12.61,27.33,0.26,913.99,-6.079999999999998,23.38,126.96,186.74,383.0,1252.54,1894.99,157.96,443.14,12.54,675.48,395.41,1070.89,1770.0,824.1,26.560000000000002,0.9900000000000002,-27.139999999999986,14.719999999999999,2.999039999999997,0.56,1.3,-0.18,0.0,0.0,0.7922535211267613,0.014404609475032023,1.8197823303457124,1.7765685019206163,0.019206145966709366,-1.29,-1.27,0.0,0.57,0.29,9,2001,0.0,173.55555555555554,-31.24
2001-12-31,602.4099999999999,-30.780000000000005,-0.1737020316027088,0.0,18.77000000000001,-22.48,-7.229999999999997,0.3,624.8899999999999,-28.229999999999997,34.09,111.97,155.52,343.96,1236.84,1843.01,252.94,131.51,17.76,660.33,388.66,1048.99,1770.0,794.02,-73.14,-0.6100000000000003,84.47,15.25,-0.43321312540610785,0.67,1.32,-0.35,0.0,0.0,-6.690009674298614,-2.4219026120606255,-15.504147049338924,-14.92844888745566,-3.8710738471460817,-2.06,-2.02,0.0,0.52,0.29,12,2001,0.0,177.20000000000002,-62.02
2002-03-31,679.66,10.57,0.06,0.0,56.36,19.67,39.51,0.4,659.98,7.44,31.79,122.14,141.95,335.09,1224.03,1822.47,0.12,204.3,19.61,635.92,381.95,1017.87,1770.0,804.6,100.25,0.26,-102.82,19.84,1.6825000000000003,0.89,1.27,0.06,0.0,0.0,2.32,4.28,5.24,5.16,6.639999999999999,1.58,1.56,0.0,0.53,0.3,3,2002,0.0,176.16666666666669,10.57
2002-06-30,803.5500000000001,19.06,0.10935538305771178,0.0,61.43000000000001,27.18,42.98,0.67,776.3799999999999,4.69,28.45,127.42,199.56,396.96,1213.8,1873.78,49.91,200.63,23.81,674.88,375.25,1050.13,1770.0,823.66,-61.4,-0.23,58.28999999999999,15.8,1.5351324763903464,1.44,1.27,0.17,0.0,0.0,4.065447181910226,6.355477556530543,9.263044211947351,9.263044211947351,10.060695241309483,2.05,2.0,0.0,0.59,0.29,6,2002,0.0,174.2941176470588,29.63
2002-09-30,882.3699999999999,102.93,0.582358931804466,0.0,48.540000000000006,112.30000000000001,139.89999999999998,0.56,770.0699999999999,-12.270000000000001,23.02,126.81,174.51,346.79,1194.32,1763.63,23.44,147.82,29.81,490.23,364.35,854.58,885.0,909.05,-9.920000000000002,36.11,-31.61,27.6,0.24147478869134362,0.55,0.94,0.75,0.0,0.0,23.35647555823778,27.021454435727215,45.28423053711527,47.52048883524442,38.823928786964395,6.01,5.6,0.0,0.71,0.35,9,2002,0.0,176.74666666666667,132.56
2002-12-31,779.1100000000001,5.009999999999991,0.01420295122483097,0.0,43.869999999999976,14.919999999999987,25.05000000000001,0.73,764.19,22.87,39.64,140.54,178.81,377.52,1114.34,1793.85,17.21,195.4,63.31,497.27,383.99,881.27,885.0,912.58,56.76,0.9200000000000017,-41.05,10.130000000000003,12.837120758483056,0.71,0.97,0.39,0.0,0.0,1.117298829686703,1.39407428945264,2.1952664098277204,2.3482212691720536,1.9563654866613325,4.64,4.37,0.0,0.76,0.4,12,2002,0.0,352.7435897435897,137.57
2003-03-31,1245.22,20.17,0.02,0.0,70.64,29.05,40.88,0.76,1216.17,14.63,96.91,154.54,167.51,442.72,1105.87,1843.07,0.0,241.35,62.67,536.09,374.22,910.32,885.0,932.75,80.96,1.8,-25.5,11.83,9.5,0.72,0.98,0.02,0.0,0.0,4.36,6.36,8.64,9.28,8.88,1.64,1.62,0.0,0.83,0.51,3,2003,0.0,1008.5000000000001,20.17
2003-06-30,1181.0199999999998,3.9499999999999993,0.004912935323383083,0.0,41.900000000000006,5.389999999999997,16.189999999999998,0.81,1175.63,-11.74,42.95,192.17,172.58,445.88,1096.98,1839.58,0.0,279.53,65.03,552.38,350.51,902.88,885.0,936.7,-7.539999999999992,-19.5,-26.92,10.799999999999999,41.21772151898735,0.77,0.96,0.03,0.0,0.0,0.8581260364842453,1.2118573797678274,1.683499170812603,1.7948590381426202,1.7555555555555553,1.01,0.99,0.0,0.81,0.49,6,2003,0.0,804.0000000000001,24.12
2003-09-30,1012.8000000000002,35.44,0.04165211551376763,0.0,38.09999999999998,6.240000000000002,17.589999999999996,1.68,1006.56,-13.98,14.92,159.77,263.36,462.5,1081.5,1814.58,18.55,284.2,69.51,397.87,343.46,741.34,985.0,1073.24,-52.11,14.94,9.14,11.349999999999998,10.083521444695261,1.54,0.69,0.07,0.0,0.0,7.806796507723303,5.402874412357287,13.209670920080589,14.304526527871053,6.830946944257891,1.76,1.73,0.0,1.16,0.5,9,2003,0.0,850.8571428571428,59.56
2003-12-31,1529.12,32.81999999999999,0.03552717038319982,0.0,75.03,36.410000000000004,47.81,1.34,1492.7099999999996,21.05,107.44,186.32,243.92,589.0,1143.0,1928.45,0.0,161.61,72.28,265.12,317.27,582.39,1185.0,1346.06,-85.31,-23.4,201.23,11.400000000000006,9.429402803168802,1.18,0.43,0.1,0.0,0.0,6.807005845421086,5.8832994154578895,9.74865555315003,11.624490149382982,6.579631954968607,1.89,1.86,0.0,2.22,1.3,12,2003,0.0,923.8,92.38
2004-03-31,2052.56,20.84,0.02,0.0,70.83,24.19,35.65,1.13,2028.37,13.29,82.97,205.59,301.65,665.23,1136.78,1999.74,0.0,217.13,75.13,328.69,304.15,632.84,1185.0,1366.9,10.59,-25.17,-9.89,11.46,14.125,0.98,0.46,0.02,0.0,0.0,4.16,5.04,6.08,7.240000000000001,5.8,1.02,1.02,0.0,2.02,1.11,3,2004,0.0,1042.0,20.84
2004-06-30,1822.9700000000003,16.19,0.013116392114501755,0.05,61.85000000000001,19.66,31.369999999999997,1.15,1803.31,3.3500000000000014,15.46,174.57,380.67,595.34,1134.39,1925.62,29.35,180.54,65.45,300.38,291.3,591.68,1190.0,1333.94,-68.56,46.27,-45.21,11.71,21.91723131562693,1.03,0.44,0.03,0.05,1.67,3.357796381312449,4.0748258169052125,4.861809343775317,5.70125843910343,4.721901161220632,0.96,0.96,0.0,1.98,0.71,6,2004,61.716666666666676,1234.3333333333335,37.03
2004-09-30,1280.7999999999997,24.369999999999997,0.019845276872964168,-0.0002578718783930537,66.35999999999999,28.190000000000005,40.2,1.07,1252.6100000000001,11.48,41.44,173.85,330.78,559.1,1134.47,1894.94,0.58,169.91,65.01,257.84,278.78,536.62,1190.0,1358.32,78.03,-11.070000000000002,-40.99,12.009999999999998,13.479277800574476,0.94,0.4,0.05,0.05,1.0,5.143895765472313,6.1599739413680785,7.1760521172638425,8.017491856677523,6.985537459283387,1.2,1.19,0.0,2.17,0.89,9,2004,-0.31666666666667,1228.0,61.4
2004-12-31,1538.37,2.6199999999999974,0.0020462355513901887,0.002046235551390183,44.95000000000002,6.1499999999999915,18.340000000000003,1.01,1532.2200000000003,-12.82,43.45,185.23,407.87,656.25,1136.77,2000.21,0.0,295.58,50.69,372.81,266.47,639.28,1190.0,1360.93,25.49,-10.889999999999999,-12.579999999999998,12.189999999999998,123.39732824427493,0.88,0.47,0.05,0.05,1.0,0.5238363011558883,0.6515213995626361,0.769384567322711,0.7742955326460476,0.7857544517338325,0.97,0.96,0.0,1.76,0.67,12,2004,2.6199999999999903,1280.3999999999999,64.02
2005-03-31,1699.54,21.6,0.02,0.0,89.96,26.91,39.0,0.99,1672.63,24.68,59.05,199.58,361.66,633.4,1067.45,1966.58,1.8,242.97,49.84,329.89,254.16,584.05,1190.0,1382.54,37.12,-11.33,-10.2,12.09,12.375,0.85,0.42,0.02,0.0,0.0,4.4,5.4399999999999995,6.24,6.28,6.559999999999999,1.28,1.27,0.0,1.92,0.82,3,2005,0.0,1080.0,21.6
2005-06-30,1970.77,28.65,0.02280597014925373,0.03,86.60000000000001,32.67,45.66,0.81,1938.1,16.43,28.34,192.59,426.32,662.03,1073.37,2004.67,3.82,297.5,50.75,380.22,242.97,623.19,1190.0,1381.48,25.800000000000004,-16.33,-40.17,12.989999999999998,8.87925392670157,0.7,0.45,0.04,0.03,0.63,5.724298507462686,6.9102089552238795,8.301373134328358,8.438208955223882,8.369791044776118,1.38,1.37,0.0,1.74,0.62,6,2005,37.6875,1256.25,50.25
2005-09-30,1992.9100000000003,22.709999999999994,0.01867598684210526,-0.0009930098684210551,105.62,27.710000000000008,41.480000000000004,0.73,1965.2099999999996,36.459999999999994,24.36,200.97,422.78,659.13,1063.79,1984.4,25.51,249.25,50.63,370.22,230.33,600.55,1190.0,1383.85,6.8999999999999915,-7.02,-3.8700000000000045,13.770000000000003,9.774583883751653,0.63,0.43,0.06,0.03,0.42,4.581842105263157,5.602796052631578,6.561496710526314,6.6237499999999985,6.735805921052631,1.3,1.29,0.0,1.78,0.64,9,2005,-1.2075000000000031,1216.0,72.96
2005-12-31,1777.5099999999993,-1.8599999999999994,-0.0015696202531645565,-0.0007848101265822782,64.25,3.8599999999999994,20.010000000000005,0.59,1773.6400000000003,-2.519999999999996,104.48,186.84,393.76,696.11,1053.14,2002.61,0.0,295.71,2.57,386.08,238.86,624.95,1190.0,1377.66,103.46000000000001,-0.8699999999999974,-22.46,16.15,-93.93991935483872,0.51,0.45,0.06,0.03,0.42,-0.371476793248945,-0.4761181434599155,-0.5399493670886075,-0.5430886075949366,-0.5901772151898732,0.96,0.96,0.0,1.8,0.78,12,2005,-0.9299999999999997,1185.0,71.1
2006-03-31,2661.26,-10.31,-0.01,0.0,65.6,-5.8,8.94,0.65,2667.06,-15.28,81.43,323.11,308.62,750.94,1076.22,2074.74,0.84,380.74,54.6,483.17,224.23,707.4,1190.0,1367.35,25.93,-34.66,-14.32,14.74,-16.25,0.57,0.52,-0.01,0.0,0.0,-2.0,-1.16,-3.0,-3.0,-1.4400000000000002,-0.39,-0.39,0.0,1.55,0.92,3,2006,0.0,1031.0,-10.31
2006-06-30,1875.5699999999997,17.11,0.025161764705882352,0.03,78.37,23.560000000000002,38.74,0.47,1852.0099999999998,5.51,16.42,292.2,487.68,844.06,1077.04,2173.41,20.02,473.82,56.69,613.18,210.42,823.6,1190.0,1349.81,-26.62,-10.930000000000007,-27.46,15.180000000000001,4.669783752191701,0.41,0.61,0.01,0.03,3.0,3.1200588235294116,8.555,5.0323529411764705,5.0323529411764705,11.47376470588235,0.15,0.15,0.0,1.38,0.58,6,2006,20.4,680.0,6.8
2006-09-30,2038.4700000000003,-22.51,-0.01432845321451305,0.01701464035646085,36.91999999999999,-14.110000000000001,1.3900000000000006,0.43,2052.5700000000006,-34.56,30.47,293.87,389.68,750.02,1197.4,2077.68,40.45,417.84,60.16,551.54,198.84,750.38,1190.0,1327.3,20.35,-14.219999999999999,7.910000000000004,15.5,-7.502554420257663,0.39,0.57,-0.01,0.03,-3.0,-4.355849777211967,1.0316486314449396,-6.763029917250158,-6.648402291534054,1.3755315085932527,-0.24,-0.24,0.0,1.36,0.65,9,2006,26.729999999999997,1571.0,-15.71
2006-12-31,1834.5199999999995,-11.66,-0.008520277676287907,-0.004439166971136278,56.870000000000005,-1.93,14.200000000000003,0.42,1836.46,-24.17,37.7,275.68,349.44,686.65,1168.18,2020.32,16.81,412.46,60.45,519.65,185.03,704.68,1190.0,1315.64,60.85000000000001,-17.89,-35.720000000000006,16.129999999999995,-12.323542024013722,0.38,0.54,-0.02,0.03,-1.5,-2.3004749725977347,0.1533649981731823,-3.544435513335769,-3.4592327365728894,0.18744610887833393,-0.33,-0.33,0.0,1.32,0.65,12,2006,-6.074999999999996,1368.5,-27.37
2007-03-31,1952.28,-1.65,0.0,,67.21,5.96,22.19,0.38,1946.31,-12.01,52.45,250.53,354.8,673.83,1189.16,1988.66,130.36,278.38,58.73,506.87,167.8,674.67,1190.0,1313.99,113.62,5.11,-103.98,16.23,0.0,0.34,0.51,0.0,0.0,0.0,-0.32,1.16,-0.52,-0.4799999999999999,1.6,-0.09,-0.08,0.0,1.33,0.63,3,2007,,-inf,-1.65
2007-06-30,2260.0300000000007,6.880000000000001,0.01315487571701721,,80.97000000000001,13.059999999999999,30.400000000000002,0.4,2246.9900000000002,-2.24,40.7,263.15,475.41,812.8,1222.23,2158.66,218.18,366.66,56.35,683.63,154.16,837.79,1190.0,1320.87,-54.830000000000005,-31.68,74.76,17.34,7.601744186046512,0.36,0.63,0.01,0.0,0.0,1.262868068833652,4.630516252390057,2.1047801147227534,2.0521606118546845,6.787915869980879,0.13,0.12,0.0,1.19,0.49,6,2007,,523.0,5.23
2007-09-30,2472.2599999999993,17.849999999999998,0.01546793760831889,0.0,113.57999999999998,26.669999999999998,45.72999999999999,0.45,2445.58,16.11,53.01,256.01,544.3,892.09,1208.86,2216.38,245.91,396.56,55.94,737.14,140.51,877.65,1190.0,1338.73,23.54,-25.72,14.479999999999999,19.060000000000002,7.273109243697479,0.4,0.66,0.02,0.0,0.0,3.217331022530329,6.589341421143847,5.320970537261698,5.351906412478336,9.559185441941073,0.35,0.35,0.0,1.21,0.47,9,2007,0.0,1154.0,23.08
2007-12-31,2536.4400000000005,-71.75,-0.058968563797000204,0.0,62.639999999999986,-65.96,-46.169999999999995,0.4,2602.4000000000005,-50.57,108.53,277.04,551.74,960.03,1160.74,2248.24,222.06,472.4,72.99,813.26,168.01,981.27,1190.0,1266.97,41.2,-7.18,21.509999999999998,19.79,-1.6958188153310105,0.38,0.77,-0.04,0.0,0.0,-12.737209780152044,-5.602013560715019,-22.643928498048076,-22.231148551469076,-8.314567495377029,-0.53,-0.53,0.0,1.18,0.5,12,2007,0.0,1216.75,-48.67
2008-03-31,3370.73,8.24,0.01,0.0,96.1,16.39,37.11,0.36,3354.33,-27.38,57.44,299.94,581.5,971.95,1063.13,2239.64,282.96,388.49,72.9,812.87,151.56,964.43,1190.0,1275.21,-117.63,24.06,42.48,20.72,9.0,0.34,0.76,0.01,0.0,0.0,1.48,3.12,2.6,2.56,4.6,0.25,0.24,0.0,1.2,0.48,3,2008,0.0,824.0,8.24
2008-06-30,2423.89,21.68,0.0217379679144385,0.0,134.69,29.269999999999996,49.8,0.37,2394.63,28.509999999999998,32.63,331.0,695.64,1106.62,1111.83,2347.75,280.05,493.88,73.24,917.58,133.28,1050.86,1190.0,1296.89,-29.140000000000015,-1.75,6.080000000000005,20.53,4.254077490774908,0.34,0.81,0.03,0.0,0.0,3.6809625668449195,5.8837433155080205,6.695294117647059,6.6373262032085565,9.245882352941177,0.52,0.52,0.0,1.21,0.45,6,2008,0.0,997.3333333333334,29.92
2008-09-30,2241.1400000000003,4.8799999999999955,0.004206896551724134,0.0,77.57000000000002,13.010000000000005,34.10000000000001,0.42,2228.12,-30.52,25.1,305.93,406.45,783.03,1038.16,2021.79,217.74,281.98,74.8,619.44,117.65,737.09,1190.0,1284.7,124.11000000000001,-11.879999999999999,-123.37,21.090000000000003,24.959016393442642,0.39,0.57,0.03,0.0,0.0,0.9647816091954016,1.5537471264367804,1.5200919540229871,1.4864367816091941,2.3446436781609172,0.44,0.43,0.0,1.26,0.61,9,2008,0.0,1160.0,34.8
2008-12-31,1443.7600000000002,-36.5,0.0,,49.620000000000005,-28.89,-4.510000000000005,0.26,1472.6599999999999,-54.66,33.98,152.09,407.79,634.59,1027.16,1867.04,177.9,203.17,76.44,525.4,99.04,624.43,1190.0,1242.61,53.91,-0.7300000000000004,-44.3,24.379999999999995,0.0,0.25,0.5,0.0,0.0,0.0,-7.729411764705882,124.52941176470588,-12.023529411764708,-12.023529411764708,190.6588235294118,-0.02,-0.02,0.0,1.21,0.43,12,2008,,-inf,-1.7
2009-03-31,1944.56,32.24,0.03,0.0,116.06,38.92,61.56,0.3,1905.64,14.02,33.09,155.06,372.28,604.33,1010.5,1815.84,155.72,174.33,76.69,461.74,79.26,540.99,1155.0,1274.85,39.19,-3.85,-36.23,22.64,2.5,0.27,0.42,0.03,0.0,0.0,7.12,7.68,10.12,10.12,11.48,1.68,1.66,0.0,1.31,0.5,3,2009,0.0,1074.6666666666667,32.24
2009-06-30,2179.4,24.699999999999996,0.021689497716894976,0.02,122.57999999999998,40.06999999999999,62.8,0.4,2139.33,11.91,55.26,175.66,434.27,700.33,996.88,1898.1,172.67,225.82,75.42,560.47,60.07,620.54,1155.0,1277.56,37.17,-3.6,-11.39,22.729999999999997,4.610526315789475,0.36,0.49,0.05,0.02,0.4,5.205479452054794,6.454794520547945,7.738812785388126,7.6694063926940625,10.254794520547945,1.4,1.38,0.0,1.25,0.47,6,2009,22.776,1138.8,56.94
2009-09-30,2148.3599999999997,18.58,0.017221927966101697,-0.001111228813559326,108.08000000000004,36.21000000000001,57.83999999999999,0.46,2112.15,5.600000000000001,22.38,154.93,480.15,704.55,983.97,1898.43,250.13,149.9,76.32,561.6,40.69,602.29,1155.0,1296.14,-80.42,-1.04,58.599999999999994,21.630000000000003,6.676081808396126,0.41,0.46,0.07,0.02,0.29,3.9167584745762714,5.786567796610169,5.737362288135594,5.757044491525423,8.483029661016948,1.22,1.2,0.0,1.25,0.4,9,2009,-1.1988571428571468,1078.8571428571427,75.52
2009-12-31,1986.0900000000001,38.94,0.034020618556701035,0.0011487481590574406,109.53999999999996,28.739999999999995,51.26000000000002,0.46,1957.3500000000004,100.91,39.26,166.06,411.47,673.36,974.77,1871.87,270.36,121.0,74.24,509.45,27.34,536.79,1155.0,1335.08,59.690000000000005,12.22,-32.97,22.519999999999996,3.3803030303030304,0.4,0.4,0.1,0.02,0.2,8.314639175257732,10.478350515463918,11.662268041237112,12.084123711340208,14.383917525773196,1.41,1.39,0.0,1.32,0.51,12,2009,1.3148571428571465,1144.6,114.46
2010-03-31,2681.83,20.86,0.02,0.03,106.41,24.28,46.24,0.46,2657.54,-2.6,40.1,158.2,392.25,663.51,951.14,1812.23,168.63,180.12,61.64,445.13,11.16,456.29,1155.0,1355.94,101.34,7.28,-129.85,21.96,5.75,0.39,0.34,0.02,0.03,1.5,4.6,5.360000000000001,6.16,6.359999999999999,7.119999999999999,0.79,0.78,0.0,1.49,0.61,3,2010,31.29,1043.0,20.86
2010-06-30,2636.8999999999996,16.009999999999998,0.013026851098454025,0.00454027664768104,104.35,19.36,41.07999999999999,0.51,2617.54,38.22,51.7,170.58,390.42,690.51,934.57,1824.43,223.29,175.54,49.34,481.99,3.49,485.48,1155.0,1338.95,10.069999999999993,-1.38,2.9499999999999886,21.72,9.787476577139289,0.44,0.36,0.03,0.03,1.0,3.5085652291836182,4.064377542717656,4.776512069433143,4.898096013018714,5.644968809330078,0.7,0.69,0.0,1.43,0.62,6,2010,5.579999999999998,1229.0,36.87
2010-09-30,2469.290000000001,15.57,0.014845537757437072,0.014845537757437072,105.03000000000003,23.92,44.56,0.72,2445.38,17.840000000000003,24.6,190.68,436.53,707.54,922.33,1836.56,210.24,234.41,30.48,514.18,3.13,517.31,1155.0,1319.26,53.75,1.1799999999999997,-67.34,20.639999999999993,12.124855491329479,0.63,0.39,0.05,0.05,1.0,3.3966590389016016,4.2992677345537755,4.714942791762014,4.762448512585813,6.068855835240275,0.68,0.67,0.0,1.38,0.53,9,2010,15.57,1048.8,52.44
2010-12-31,2829.6899999999987,26.700000000000003,0.02361637604245641,0.0036163760424564057,120.85999999999996,39.519999999999996,58.09,0.76,2790.1600000000008,30.46,55.01,214.62,374.25,699.17,931.14,1841.62,173.56,208.74,17.78,496.64,3.16,499.8,1155.0,1341.82,92.60999999999999,-17.810000000000002,-53.91,18.570000000000007,8.04738202247191,0.65,0.37,0.07,0.05,0.71,5.802880970432146,7.786656557998484,7.962092494313875,7.9755875663381355,10.7420773313116,0.75,0.75,0.0,1.41,0.65,12,2010,4.088571428571427,1130.5714285714284,79.14
2011-03-31,3615.03,40.71,0.04,0.03,130.66,60.84,81.87,0.83,3554.18,39.33,130.54,298.55,352.53,893.9,640.3,2076.57,105.0,399.58,44.23,626.51,91.41,717.92,1155.0,1358.65,55.61,6.68,19.64,21.03,5.1875,0.71,0.53,0.04,0.03,0.75,7.839999999999999,12.52,12.0,12.0,16.8,1.14,1.13,0.0,1.43,0.86,3,2011,30.5325,1017.75,40.71
2011-06-30,3782.6599999999994,23.509999999999998,0.021965119900342573,0.00147383992525693,125.25999999999999,42.81,65.76999999999998,1.22,3739.85,16.71,78.84,270.46,375.22,848.39,625.66,2365.7,52.08,334.45,116.55,576.43,438.9,1015.34,1155.0,1350.36,33.53,-420.68,335.44,22.96,13.883375159506594,1.04,0.75,0.06,0.03,0.5,3.9683649953285576,7.248489567113048,6.970264715042043,6.9995515415758325,8.478536281532232,0.88,0.87,0.0,1.47,0.82,6,2011,1.5775000000000006,1070.3333333333333,64.22
2011-09-30,3328.590000000001,41.03,0.0389833729216152,0.0294916864608076,110.06000000000003,63.71000000000001,87.49000000000001,0.84,3264.8900000000003,11.119999999999997,89.97,335.02,342.29,845.12,605.21,2347.76,8.26,377.88,116.53,566.85,421.31,988.16,1155.0,1359.6,107.42999999999999,-3.569999999999993,-92.71999999999997,23.779999999999994,5.386912015598343,0.71,0.73,0.1,0.06,0.6,6.985820427553445,12.474679334916866,12.069252256532067,12.25637244655582,14.657748218527315,1.0,0.98,0.0,1.49,0.89,9,2011,31.04,1052.5,105.25
2011-12-31,3625.26,38.650000000000006,0.03491660875608062,0.0029499652536483637,146.61,63.28999999999999,87.10000000000002,1.17,3561.9699999999993,41.27000000000001,95.02,239.3,370.07,781.32,615.5,2296.23,0.0,301.95,116.07,504.86,393.12,897.98,1100.0,1398.25,77.99000000000001,-19.810000000000002,-41.120000000000005,23.810000000000002,8.377102199223803,0.92,0.64,0.13,0.06,0.46,6.7362195969423215,11.979082696316889,11.055135510771368,11.280750521195275,13.837720639332874,1.02,1.0,0.0,1.55,0.81,12,2011,3.2653846153846118,1106.923076923077,143.9
2012-03-31,4376.62,70.34,0.07,0.05,151.49,99.09,122.58,1.21,4277.53,49.11,192.6,417.22,337.08,1082.73,662.8,2686.23,0.0,493.25,129.65,726.53,491.11,1217.64,1100.0,1468.59,74.98,-85.68,110.78,23.49,4.3225,0.91,0.83,0.07,0.05,0.71,10.48,16.64,19.16,19.92,20.24,1.63,1.61,0.0,1.49,1.03,3,2012,50.24285714285714,1004.8571428571428,70.34
2012-06-30,3652.7,37.94,0.035038788326560766,0.0035991345189719803,134.14999999999998,58.43000000000001,81.2,1.75,3594.2700000000004,24.739999999999995,188.2,344.36,360.04,958.92,654.13,2532.37,0.0,400.37,129.7,670.8,461.04,1131.84,1100.0,1400.53,63.499999999999986,-1.3199999999999932,-85.14,22.77,12.486162361623618,1.37,0.81,0.1,0.05,0.5,5.998640561507203,9.01197635759143,10.833993350572591,11.03021056520133,11.857125969708164,1.37,1.35,0.0,1.43,0.89,6,2012,3.8971428571428604,1082.8,108.28
2012-09-30,3563.880000000001,44.97,0.04108189233278956,0.05054094616639479,134.73000000000002,69.35,90.63000000000002,2.3,3494.5299999999997,29.680000000000007,269.42,394.11,301.65,1040.91,644.16,2602.58,242.6,286.83,129.47,728.36,428.71,1157.07,1100.0,1445.51,-86.22,11.180000000000007,156.26,21.28000000000001,13.997651211919058,1.75,0.8,0.14,0.1,0.71,6.913495595432299,10.763455791190864,12.441944535073409,12.829288091353996,14.202597063621534,1.34,1.32,0.0,1.43,1.01,9,2012,55.32428571428572,1094.642857142857,153.25
2012-12-31,5406.809999999998,867.77,0.8159087970852676,-0.002922287796237381,167.64,893.08,926.56,3.3,4513.73,114.28,455.03,713.55,715.82,2308.22,1057.12,6160.8,521.15,998.09,129.4,2013.84,1824.62,3838.46,1100.0,2322.35,285.1,-1434.54,1334.4499999999998,33.47999999999999,1.0118778017216543,1.56,1.65,0.96,0.1,0.1,56.33170319876202,90.0559334782864,149.44729466611818,186.5711449334979,91.82373587197117,6.45,6.01,0.0,1.15,0.79,12,2012,-3.1080357142857196,1063.5625,1021.02
2013-03-31,6254.16,83.77,0.08,0.07,224.3,98.26,166.58,6.45,6155.9,-14.84,724.33,776.13,714.47,2455.67,1264.69,6315.88,430.54,1089.05,169.52,1746.71,1882.79,3629.5,1100.0,2686.39,239.2,-151.65,155.35,68.32,20.1575,2.64,1.35,0.08,0.07,0.88,5.32,8.72,12.480000000000002,16.12,8.6,1.36,1.34,3.55,1.41,1.0,3,2013,73.29875000000001,1047.125,83.77
2013-06-30,6028.59,31.36,0.027238773560323115,0.006333926865282721,241.83999999999997,91.71,184.09,4.38,5936.880000000001,-16.79,482.99,664.04,652.5,2264.46,1239.33,6067.64,262.24,1068.83,309.27,1692.37,1720.04,3412.41,1100.0,2655.24,401.27000000000004,-368.43000000000006,-247.79,92.38,40.20004783163265,1.81,1.29,0.1,0.07,0.7,2.0701467905845563,4.815815165465126,4.728651090072092,6.188649352905411,4.728651090072092,0.95,0.94,3.05,1.34,0.95,6,2013,7.292249999999996,1151.3,115.13
2013-09-30,5691.169999999998,25.450000000000017,0.023534642196614042,0.05547424953762982,208.76999999999998,88.76000000000002,125.19999999999999,3.3,5602.409999999998,-35.45,696.28,593.66,686.14,2121.0,1231.29,5861.86,401.01,811.22,223.26,1473.52,1765.48,3239.0,1100.0,2622.86,-174.45000000000005,382.99,4.759999999999991,36.44,35.04833398821216,1.38,1.23,0.13,0.13,1.0,1.7379428083653445,4.772101294636508,3.8814056053492694,5.003827002418555,4.598307013799974,0.8,0.78,3.15,1.44,0.97,9,2013,59.989000000000004,1081.3846153846155,140.58
2013-12-31,5630.700000000001,37.29999999999998,0.03355070834270293,0.0035507083427029377,213.91000000000008,70.01999999999998,137.46000000000004,3.1,5560.670000000002,-65.77,331.43,746.81,877.04,2067.28,1204.48,5834.39,149.89,1070.06,271.19,1722.6,1428.67,3151.27,1100.0,2683.12,15.230000000000018,-20.549999999999983,-359.52,67.44,23.10532439678285,1.27,1.17,0.16,0.13,0.81,2.5582415111310985,4.8732403867776,5.561029907803011,5.963638407915446,7.112750168653022,0.77,0.75,2.89,1.2,0.69,12,2013,3.947499999999991,1111.75,177.88
2014-03-31,6217.29,22.76,0.02,0.06,226.18,59.85,124.93,3.06,6157.44,-46.03,416.88,605.21,848.67,2085.3,1216.15,5871.75,129.92,1003.25,262.14,1713.54,1427.84,3141.38,1100.0,2730.38,178.36,-32.81,-60.1,65.08,38.25,1.23,1.15,0.02,0.06,3.0,1.5599999999999998,3.92,3.32,3.36,5.759999999999999,0.37,0.37,3.23,1.22,0.72,3,2014,68.28,1138.0,22.76
2014-06-30,7016.679999999999,39.83,0.03818181818181818,-0.005454545454545452,250.29000000000002,77.22,142.54000000000002,3.12,6939.47,-24.319999999999993,291.64,835.36,1014.62,2362.95,1255.74,6202.54,241.62,1156.88,346.22,1966.38,1485.15,3451.53,1100.0,2751.01,-159.25,-122.88,156.89000000000001,65.32000000000001,20.42857142857143,1.25,1.25,0.06,0.06,1.0,2.570909090909091,5.676363636363636,5.803636363636362,5.905454545454545,8.247272727272726,0.48,0.47,2.8,1.2,0.69,6,2014,-5.689999999999998,1043.1666666666667,62.59
2014-09-30,6115.300000000001,65.75,0.06147732585320243,0.031477325853202426,229.99,105.85,169.21999999999997,4.56,6009.439999999999,-17.580000000000013,248.76,765.77,984.63,2215.72,1266.2,6048.55,247.16,1047.53,346.16,1787.83,1466.76,3254.58,1100.0,2793.97,90.38,-22.22999999999999,-111.03,63.370000000000005,18.54342205323194,1.8,1.16,0.12,0.09,0.75,4.344397693626305,8.36091631603553,9.406030855539973,9.713417484805985,11.680691912108463,0.67,0.66,2.72,1.24,0.69,9,2014,33.66499999999999,1069.5,128.34
2014-12-31,5883.310000000001,213.85999999999999,0.1937364114552893,0.002802308591466966,180.08999999999992,236.03,300.46,3.78,5647.27,-157.60999999999999,334.03,705.65,721.12,1966.99,1252.32,5421.46,16.56,724.2,345.97,1232.0,1232.64,2464.65,1100.0,2956.81,187.78999999999996,396.91999999999996,-499.45000000000005,64.42999999999998,4.8763419994388855,1.41,0.83,0.31,0.09,0.29,15.773893629456456,21.273507890122733,28.922971361776735,30.3228731735827,28.57299590882525,1.4,1.36,4.05,1.6,1.01,12,2014,3.0933870967741797,1103.8709677419354,342.2
2015-03-31,5184.57,10.65,0.01,0.05,227.71,32.22,94.74,3.36,5152.36,-69.58,536.96,639.51,666.47,2077.51,1248.83,5496.05,0.0,808.65,346.41,1282.12,1211.26,2493.38,1100.0,3002.67,262.02,-16.75,-42.33,62.52,84.0,1.23,0.83,0.01,0.05,5.0,0.76,2.28,1.4,1.48,3.04,0.21,0.21,1.64,1.62,1.1,3,2015,53.25,1065.0,10.65
2015-06-30,5284.530000000001,132.95,0.12035863509749303,0.0017931754874651773,293.02,153.99,215.45999999999998,3.4,5130.53,11.89,442.03,556.5,768.54,1873.84,1258.22,5297.38,111.17,710.2,346.82,1198.31,1014.74,2213.05,1100.0,3084.33,84.85000000000002,-20.79,-158.99,61.46999999999999,7.061188416698007,1.21,0.72,0.13,0.05,0.38,10.036058495821726,11.99883008356546,17.25757660167131,18.220445682451253,16.81317548746518,1.4,1.37,4.08,1.56,0.92,6,2015,1.9807692307692264,1104.6153846153845,143.6
2015-09-30,4423.0599999999995,4.960000000000008,0.004674205708131402,0.027951617580050547,205.72000000000003,24.25,85.60000000000002,3.08,4398.800000000001,-47.36,409.16,639.64,576.44,1684.25,1319.33,5107.61,0.0,707.48,346.83,1076.58,983.35,2059.94,1100.0,3047.67,216.99,-73.37,-176.49,61.35000000000001,164.73387096774167,1.11,0.68,0.14,0.08,0.57,0.3886268174474966,0.503478729133011,0.6503823371028551,0.6797630586968239,0.6971243941841692,1.02,1.0,4.39,1.56,1.03,9,2015,29.66065934065935,1061.142857142857,148.56
2015-12-31,4719.8499999999985,6.52000000000001,0.0058859943255094235,0.003363425328862526,254.25,22.139999999999986,84.51999999999998,2.78,4697.719999999999,-54.89,612.82,519.33,476.86,1706.34,1324.82,5160.91,200.0,913.05,299.87,1438.48,618.78,2057.26,1100.0,3103.64,495.55000000000007,-65.1,-226.79000000000002,62.379999999999995,118.09389570552129,0.99,0.66,0.14,0.08,0.57,0.5045137993293792,0.7399535723497561,0.8408563322156318,0.861036884188807,1.05107041526954,0.81,0.79,3.71,1.19,0.85,12,2015,3.7257142857142895,1107.7142857142858,155.08
2016-03-31,4662.37,76.1,0.07,0.05,294.75,94.35,156.06,2.58,4568.02,6.87,704.8,538.15,443.38,1753.8,1463.84,5364.62,200.9,1010.44,299.95,1546.54,605.76,2152.3,1100.0,3212.31,306.39,-184.26,-30.16,61.71,9.215,0.88,0.67,0.07,0.05,0.71,5.68,6.96,9.48,9.8,9.88,1.66,1.63,10.32,1.13,0.85,3,2016,54.35714285714285,1087.1428571428569,76.1
2016-06-30,4847.179999999999,95.74000000000001,0.08914338919925513,-0.0006118648576749014,310.29999999999995,112.56,174.3,3.1,4734.619999999999,30.419999999999998,335.26,485.12,503.98,1486.48,1451.5,5122.56,100.0,727.06,297.6,1355.95,484.55,1840.5,1100.0,3282.06,-139.42,66.00999999999999,-296.13,61.74,8.696101942761645,1.04,0.56,0.16,0.05,0.31,7.465758845437617,8.847481378026073,11.67778398510242,12.034357541899443,12.234930167597767,1.84,1.81,9.66,1.1,0.72,6,2016,-0.6571428571428442,1074.0,171.84
2016-09-30,4609.66,56.03999999999999,0.0516429699842022,0.050513428120063195,272.47,66.72,128.12,2.66,4542.9400000000005,-16.66,381.36,605.38,534.18,1600.46,1449.77,5232.24,155.0,1034.96,276.28,1499.79,432.61,1932.41,1100.0,3299.83,150.95000000000002,-26.180000000000007,-78.65999999999997,61.39999999999999,12.880262312633834,0.89,0.59,0.21,0.1,0.48,4.288825697735651,5.203644023170089,6.7971985255397565,7.062790942601368,7.210342285413375,1.64,1.61,8.95,1.07,0.71,9,2016,54.81428571428572,1085.142857142857,227.88
2016-12-31,5274.870000000003,56.89999999999998,0.0519488728141021,0.0009280346733819477,297.8700000000001,80.81,148.0,3.34,5194.0599999999995,-22.349999999999998,412.66,654.49,557.53,1855.57,1472.28,5471.13,300.0,991.51,255.22,1844.99,275.49,2120.48,1100.0,3350.64,103.95999999999998,-28.560000000000002,-44.10000000000002,67.19,16.078308435852378,1.1,0.63,0.26,0.1,0.38,4.16390195940726,5.330753564154784,6.793314137228736,7.0490624341597,7.8083151906734996,1.5,1.47,9.03,1.01,0.7,12,2016,1.016483516483504,1095.3076923076922,284.78
2017-03-31,5959.8,63.35,0.05999999999999999,0.06,306.57,78.71,147.88,4.18,5881.1,5.63,396.9,784.99,567.55,1860.42,1433.22,5479.72,300.0,1271.28,207.53,1830.31,203.2,2033.51,1100.0,3446.21,161.63,-42.36,-135.03,69.17,17.4175,1.33,0.59,0.06,0.06,1.0,4.64,5.8,7.36,7.6,8.64,1.08,1.06,11.21,1.02,0.71,3,2017,63.35000000000001,1055.8333333333335,63.35
2017-06-30,5650.919999999999,-55.27,-0.06840346534653466,-0.018403465346534666,297.02000000000004,68.00000000000001,135.60000000000002,3.48,5582.91,-19.53,344.56,783.14,497.04,1686.9,1428.98,5356.22,100.0,1099.46,288.12,1530.9,428.01,1958.91,1100.0,3397.31,-40.209999999999994,-21.049999999999997,8.920000000000002,67.60000000000001,-12.718653880948073,1.13,0.58,0.01,0.06,6.0,-4.10420792079208,-76.61188118811882,-6.566732673267327,-6.566732673267327,-105.06772277227724,0.07,0.07,12.03,1.1,0.78,6,2017,-14.870000000000012,808.0,8.08
2017-09-30,5668.870000000001,103.58,0.09276374708937847,0.03658248253627082,498.31000000000006,136.09,198.29999999999995,3.58,5532.780000000001,212.53,427.81,650.91,529.87,1821.27,1438.12,5547.59,150.0,1016.41,235.26,1641.76,408.64,2050.4,1100.0,3497.19,199.0,-60.93000000000001,-54.82000000000001,62.20999999999998,9.648165669048078,1.13,0.59,0.1,0.08,0.8,7.458205265986028,19.480386888769477,11.836654128604692,12.207709116962207,26.864381157084008,0.65,0.65,14.24,1.11,0.79,9,2017,40.84799999999999,1116.6,111.66
