,revenue,net_profit,eps,dps,gross_profit,ebit,ebitda,close_price,expense,operating_profit,cash,account_receivable,inventory,current_asset,property_plant_equipment,total_asset,short_term_loan,account_payable,current_portion_long_term_debt,current_liability,non_current_liability,total_liability,paid_in_capital,total_equity,cash_flow_operation,cash_flow_investment,cash_flow_financing,depreciation,P/E,P/BV,D/E,EPS,DPS,DPR%,ROA%,ROAA%,ROE%,ROAE%,ROCE%,NPM%,NPMA%,TIE,CurrentRatio,QuickRatio,month,year,dividend,number_of_shares,return_old
2000-03-31,462.22,26.52,0.8,0.0,43.07,31.72,41.94,13.75,430.49,17.77,22.74,800.3,341.96,1212.89,343.08,1794.23,29.07,215.14,0.0,273.3,95.72,369.03,330.0,1425.2,-9.61,-5.99,-3.26,10.22,4.2975,3.18,0.26,0.8,0.0,0.0,5.92,0.0,7.44,0.0,8.36,5.92,5.74,0.0,4.44,3.19,3,2000,0.0,33.15,26.52
2000-06-30,559.86,27.669999999999998,0.8374017346373869,0.5,45.57,32.510000000000005,42.89,10.5,527.35,11.23,20.99,959.68,341.11,1358.03,340.86,1936.45,93.39,273.34,0.0,404.78,95.3,500.08,330.0,1436.38,-41.46,-8.1,47.83,10.38,3.1335019877123242,2.41,0.35,1.64,0.5,0.3,5.718841114596788,0.0,7.700011072153534,0.0,8.557837239343053,5.49,5.3,0.0,3.35,2.51,6,2000,16.521341463414636,33.04268292682927,54.19
2000-09-30,696.63,49.230000000000004,1.4899429510732933,-1.7392965459377143e-05,52.19000000000001,61.00999999999999,71.52,12.25,635.62,11.229999999999997,21.32,1107.9,422.71,1600.82,338.03,2175.95,47.57,504.26,0.0,587.92,102.43,690.35,330.0,1485.6,53.78,-7.629999999999999,-45.82,10.509999999999998,2.0534846638228723,2.72,0.46,3.13,0.5,0.16,9.044382131115839,0.0,13.252399922645525,0.0,15.023194739895573,6.33,6.02,0.0,2.72,2.0,9,2000,-0.0005746902516960972,33.04153354632588,103.42
2000-12-31,746.94,19.22,0.5829941291585127,-0.0011191486967232138,88.91,24.38000000000001,35.09,12.75,722.5700000000002,26.270000000000003,22.12,934.66,300.58,1293.66,339.33,1870.41,80.67,129.26,0.0,263.73,101.86,365.58,330.0,1504.83,-20.35,-11.950000000000003,33.1,10.71,5.471581685744018,2.8,0.24,3.72,0.5,0.13,4.112302674494455,0.0,5.1090345727332025,0.0,5.8362100456621,5.17,4.97,0.0,4.91,3.77,12,2000,-0.03689580542100401,32.96774193548387,122.64
2001-03-31,612.5,35.19,1.07,0.0,64.17,48.4,59.4,13.25,564.1,23.9,34.32,1130.26,303.18,1510.8,335.63,2083.75,55.43,327.06,0.0,543.73,0.0,543.73,330.0,1540.02,44.23,-6.79,-25.24,11.0,3.095,2.84,0.35,1.07,0.0,0.0,6.76,10.0,9.16,9.48,12.559999999999999,5.98,5.75,0.0,2.78,2.22,3,2001,0.0,32.88785046728972,35.19
2001-06-30,752.48,12.830000000000005,0.3900832986255728,1.0,53.980000000000004,15.780000000000008,27.009999999999998,23.25,736.6999999999999,16.89,24.77,1356.28,456.64,1891.97,344.87,2474.02,219.13,576.69,0.0,954.18,0.0,954.18,330.0,1519.84,-119.85,-20.400000000000002,130.7,11.23,14.896305533904906,5.05,0.63,1.46,1.0,0.68,2.073319450229072,3.109979175343608,3.377159516867973,3.4733444398167443,4.51000416493128,3.58,3.52,0.0,1.98,1.5,6,2001,32.89041095890411,32.89041095890411,48.02
2001-09-30,792.3800000000001,30.119999999999997,0.9135449193754799,0.002428026969506669,98.04999999999998,42.599999999999994,54.28999999999999,14.0,749.7900000000002,48.86000000000001,49.48,1268.92,426.09,1785.48,362.02,2384.58,178.16,509.86,0.0,834.61,0.0,834.61,330.0,1549.97,93.88000000000001,-28.2,-40.97,11.690000000000001,3.8330627490039846,2.98,0.54,2.37,1.0,0.42,5.057261325825441,7.215848477092397,7.770913744561044,7.9405170207320195,10.623332480163807,3.65,3.62,0.0,2.14,1.63,9,2001,0.0800531761169836,32.970464135021096,78.14
2001-12-31,806.5799999999999,3.5900000000000034,0.10893429585219634,-0.00044966419738537715,48.639999999999986,2.6299999999999955,14.110000000000014,16.1,803.94,2.4199999999999875,32.19,69.2,434.96,1494.88,360.48,2092.45,226.67,150.24,0.0,538.9,0.0,538.9,330.0,1553.55,-70.42,-9.659999999999997,62.78,11.479999999999997,36.93786211699161,3.42,0.35,2.48,1.0,0.4,0.6869888657775609,0.9698666340389094,0.9241845099718593,0.9382405481463363,1.2369313593539715,2.77,2.76,0.0,2.77,1.97,12,2001,-0.014818973730768903,32.95564516129033,81.73
2002-03-31,670.79,7.52,0.23,1.0,53.51,11.36,21.61,17.1,659.43,18.65,32.93,948.98,523.4,1556.2,362.43,2155.34,207.9,233.96,0.0,594.26,0.0,594.26,330.0,1561.08,31.65,-12.15,-18.76,10.25,18.5875,3.61,0.38,0.23,1.0,4.35,1.4,2.16,1.9199999999999997,1.9199999999999997,2.92,1.13,1.12,0.0,2.62,1.74,3,2002,32.69565217391304,32.69565217391304,7.52
2002-06-30,710.4200000000001,-13.67,-0.4223252032520325,-0.010109579356662903,52.800000000000004,-12.91,-3.6899999999999977,14.3,723.32,13.5,21.15,914.12,523.03,1497.5,374.36,2108.48,180.22,255.06,0.0,594.08,0.0,594.08,330.0,1514.4,59.71,-20.950000000000003,-50.53999999999999,9.219999999999999,-8.464685442574982,3.12,0.39,-0.19,1.0,-5.26,-2.5784065040650406,-0.6223739837398374,-3.6453333333333333,-3.6453333333333333,-0.8891056910569105,-0.45,-0.45,0.0,2.52,1.64,6,2002,-0.32723112128145715,32.36842105263158,-6.15
2002-09-30,726.1500000000001,30.630000000000003,0.9259068627450981,0.021542827657378628,35.94999999999999,32.53,43.4,12.6,693.6300000000001,5.230000000000004,82.79,820.76,487.38,1457.72,402.12,2096.38,177.34,218.83,0.0,539.34,12.0,551.34,330.0,1545.04,102.05999999999999,-39.940000000000005,-0.480000000000004,10.870000000000001,3.402664054848188,2.69,0.36,0.74,1.0,1.35,5.855735294117647,6.9067647058823525,7.907745098039217,7.907745098039217,9.959754901960785,1.17,1.16,0.0,2.7,1.8,9,2002,0.7126600284494984,33.08108108108108,24.48
2002-12-31,691.7799999999997,8.749999999999996,0.2633162804694552,0.004481460093858447,64.62,12.819999999999997,22.249999999999993,14.8,678.96,14.93,20.02,814.67,450.45,1346.89,452.14,2031.94,154.12,148.84,0.0,460.6,17.0,477.6,330.0,1554.35,14.850000000000023,-59.39,-18.230000000000004,9.430000000000003,14.051542857142863,3.14,0.31,1.0,1.0,1.0,1.7273547998796261,2.2329220583809803,2.2539873608185372,2.2539873608185372,2.9386096900391205,1.19,1.19,0.0,2.92,1.95,12,2002,0.14891891891891618,33.23,33.23
2003-03-31,671.22,21.94,0.66,0.0,49.61,24.58,31.42,14.1,646.64,19.17,28.94,857.57,418.76,1427.89,547.6,2208.04,150.52,177.46,0.0,483.32,149.0,632.32,330.0,1575.72,-17.32,-102.17,128.4,6.84,5.34,2.95,0.4,0.66,0.0,0.0,3.96,4.52,5.56,5.6,5.719999999999999,3.3,3.27,0.0,2.95,2.09,3,2003,0.0,33.24242424242424,21.94
2003-06-30,660.1600000000001,3.009999999999998,0.09168737474949895,0.5,61.980000000000004,7.800000000000004,13.89,17.2,652.36,19.47,34.72,876.44,425.15,1384.31,679.93,2297.2,216.45,185.77,0.0,574.96,160.0,734.96,330.0,1562.24,88.19999999999999,-140.05,57.639999999999986,6.09,46.89522425249172,3.63,0.47,0.76,0.5,0.66,0.5259959919839676,0.7093707414829654,0.7721042084168332,0.7817555110220438,0.907222444889779,1.89,1.87,0.0,2.41,1.67,6,2003,16.414473684210524,32.82894736842105,24.95
2003-09-30,646.6599999999999,2.9299999999999997,0.08827833572453371,0.005446273502982771,48.079999999999984,4.299999999999997,15.849999999999994,18.5,642.3699999999999,15.920000000000002,69.82,745.73,460.22,1336.73,730.38,2300.71,166.05,197.94,0.0,512.55,223.0,735.55,330.0,1565.16,81.99000000000001,-58.380000000000024,11.480000000000018,11.55,52.38204778156997,3.9,0.47,0.84,0.5,0.6,0.5086513629842181,0.7020229555236728,0.7482639885222381,0.752467718794835,0.8617647058823529,1.42,1.41,0.0,2.61,1.71,9,2003,0.18076441102757101,33.19047619047619,27.88
2003-12-31,722.6999999999998,12.750000000000004,0.3859832635983264,-0.0023909145248056374,74.99000000000001,19.82,32.49000000000001,17.8,702.8699999999999,18.039999999999992,97.54,665.66,342.92,1155.82,774.85,2150.36,82.0,132.76,25.0,374.44,198.0,572.44,330.0,1577.92,184.25,-44.56,-111.96000000000001,12.669999999999998,11.527766666666665,3.72,0.36,1.23,0.5,0.41,2.372384937238494,3.3891213389121346,3.225941422594143,3.251046025104603,3.9916317991631813,1.51,1.5,0.0,3.09,2.17,12,2003,-0.07897793263646591,33.03252032520326,40.63
2004-03-31,639.38,1.65,0.05000000000000001,0.0,31.75,5.07,22.19,17.7,634.31,-0.69,69.89,704.62,467.23,1301.62,766.78,2262.96,70.42,290.65,37.5,497.9,185.5,683.4,330.0,1579.56,-9.95,16.3,-34.0,17.12,88.50000000000001,3.7,0.43,0.05,0.0,0.0,0.28,0.92,0.4,0.4,1.16,0.26,0.26,0.0,2.61,1.68,3,2004,0.0,32.99999999999999,1.65
2004-06-30,707.08,27.3,0.8298445595854922,0.5,43.92,31.75,49.86,17.3,675.3300000000002,14.33,74.13,878.83,524.74,1533.07,763.43,2483.49,167.49,414.7,50.0,720.12,173.0,893.12,330.0,1590.36,-59.39999999999999,-6.9,70.53,18.109999999999996,5.21206043956044,3.59,0.56,0.88,0.5,0.57,4.413264248704663,5.808911917098446,6.865077720207254,6.940518134715027,7.883523316062176,2.19,2.15,0.0,2.13,1.4,6,2004,16.448863636363637,32.89772727272727,28.95
2004-09-30,796.1700000000001,17.000000000000004,0.5142546245919478,0.0024174003363340514,51.14999999999999,25.83,43.8,17.3,770.3399999999999,17.349999999999998,66.26,845.92,501.14,1471.93,754.03,2413.01,184.45,321.99,50.0,640.98,164.67,805.64,330.0,1607.37,-10.25,-5.890000000000001,8.269999999999996,17.970000000000006,8.412904411764703,3.55,0.5,1.39,0.5,0.36,2.8117519042437435,3.9364526659412413,4.232426550598477,4.291621327529925,5.23873775843308,2.18,2.14,0.0,2.3,1.51,9,2004,0.07991334205363287,33.05755395683454,45.95
2004-12-31,792.8899999999999,-23.250000000000004,-0.706718061674009,-0.002416568947485307,45.870000000000005,-21.479999999999997,-0.35999999999999943,17.2,814.3699999999999,-0.629999999999999,59.17,844.34,434.53,1397.34,740.73,2320.58,230.74,220.14,50.0,584.29,152.17,736.45,330.0,1584.12,-18.64,-7.75,19.310000000000002,21.11999999999999,-6.085064516129031,3.58,0.46,0.69,0.5,0.72,-4.014977973568283,-7.538325991189429,-5.858590308370045,-5.89955947136564,-9.70969162995595,0.78,0.77,0.0,2.39,1.65,12,2004,-0.07950161609842965,32.89855072463768,22.7
2005-03-31,758.06,10.53,0.32,0.0,47.66,14.79,35.46,16.3,743.27,9.86,67.97,956.68,461.86,1537.9,730.59,2451.07,262.52,327.76,50.0,716.75,139.67,856.41,330.0,1594.66,-0.07,-10.48,19.35,20.67,12.735,3.37,0.54,0.32,0.0,0.0,1.72,2.52,2.64,2.64,3.4,1.4,1.39,0.0,2.15,1.5,3,2005,0.0,32.90625,10.53
2005-06-30,750.5800000000002,8.99,0.27172643442622946,0.5,23.710000000000008,13.130000000000003,38.57,16.9,737.45,-9.58,53.93,937.39,489.6,1532.3,709.23,2423.94,279.36,289.9,50.0,709.63,127.17,836.8,330.0,1587.14,-7.52,-3.3099999999999987,-3.200000000000003,25.439999999999998,15.546518353726363,3.51,0.53,0.59,0.5,0.85,1.4921926229508198,2.100122950819672,2.2659221311475406,2.2659221311475406,3.0028073770491805,1.32,1.29,0.0,2.16,1.47,6,2005,16.542372881355934,33.08474576271187,19.52
2005-09-30,806.4300000000001,8.75,0.26618323310930314,-0.003234548212455013,47.239999999999995,13.030000000000001,33.870000000000005,17.0,793.3900000000001,11.9,73.11,876.79,458.22,1455.61,694.83,2332.54,253.25,242.52,50.0,621.98,114.67,736.64,330.0,1595.89,63.0,-3.66,-40.17,20.840000000000003,15.968511428571427,3.52,0.46,0.86,0.5,0.58,1.4980544747081712,2.141846480367881,2.1913689423417053,2.1913689423417053,2.9589671029359748,1.24,1.22,0.0,2.34,1.6,9,2005,-0.106326369728027,32.872093023255815,28.27
2005-12-31,799.79,-3.849999999999998,-0.1166666666666666,0.001937984496124021,40.39,1.4699999999999989,17.459999999999994,16.2,798.3299999999999,-4.58,88.86,785.02,377.64,1281.73,678.85,2139.0,207.01,137.24,50.0,444.8,102.17,546.96,330.0,1592.04,127.6,3.7399999999999984,-115.60000000000001,15.989999999999995,-34.71128571428574,3.36,0.34,0.74,0.5,0.68,-0.7189189189189183,-1.1981981981981975,-0.9648648648648642,-0.9711711711711706,-1.5765765765765756,0.79,0.78,0.0,2.88,2.03,12,2005,0.06395348837209269,33.0,24.42
2006-03-31,741.88,-26.21,-0.79,0.0,26.03,-21.92,-2.09,16.5,763.8,-5.97,77.6,772.95,392.27,1312.77,663.06,2154.18,170.58,241.91,50.0,498.68,89.67,588.35,330.0,1565.83,45.46,-3.23,-53.49,19.83,-5.2225,3.48,0.38,-0.79,0.0,0.0,-4.88,-3.8,-6.68,-6.64,-5.28,-3.54,-3.53,0.0,2.63,1.85,3,2006,0.0,33.177215189873415,-26.21
2006-06-30,757.12,-14.0,-0.4247699577219597,0.5,41.94,-8.369999999999997,11.64,15.0,765.49,-10.64,76.33,912.64,481.59,1501.08,646.44,2313.05,279.54,325.15,50.0,698.66,79.06,777.72,330.0,1535.33,-101.43,16.71,83.45,20.010000000000005,-8.831839285714286,3.22,0.51,-1.22,0.5,-0.41,-2.423277791594131,-1.7826411340462571,-3.648843571250933,-3.5931360358119866,-2.61825416563044,-2.69,-2.68,0.0,2.15,1.46,6,2006,16.479508196721312,32.959016393442624,-40.21
2006-09-30,896.0300000000002,8.61,0.2615696202531645,-0.0006432869890018168,61.93000000000001,14.979999999999999,35.8,13.0,881.0500000000002,18.96,23.28,996.44,491.1,1565.14,652.67,2383.15,279.53,398.77,50.0,772.65,66.56,839.2,330.0,1543.94,-6.730000000000004,-26.86,-19.46,20.819999999999993,12.423461091753774,2.78,0.54,-0.96,0.5,-0.52,1.4495316455696203,0.7084177215189873,2.234240506329113,2.1906455696202527,1.0353797468354429,-1.32,-1.32,0.0,2.03,1.39,9,2006,-0.021174863387976472,32.91666666666667,-31.6
2006-12-31,839.27,-34.330000000000005,-1.0414075534657972,0.0007331007634359473,30.349999999999994,-28.839999999999996,-6.690000000000005,14.4,868.1099999999997,-3.41,23.36,976.09,387.79,1418.07,635.01,2219.5,320.11,228.2,50.0,657.73,52.16,709.89,330.0,1509.61,-18.25,-3.92,22.240000000000002,22.150000000000006,-3.4568598893096416,3.15,0.47,-2.0,0.5,-0.25,-6.185960867586836,-4.228114667071136,-9.101902017291067,-8.851964204459277,-5.894366752616412,-2.05,-2.04,0.0,2.16,1.57,12,2006,0.024166666666666003,32.965,-65.93
2007-03-31,703.51,-7.83,-0.24,0.0,62.92,-1.97,19.41,12.9,705.48,15.12,56.44,892.77,391.05,1376.52,609.87,2165.13,253.6,275.19,53.18,623.69,39.66,663.36,330.0,1501.78,123.53,-8.75,-81.7,21.38,-13.4375,2.83,0.44,-0.24,0.0,0.0,-1.44,-0.36,-2.08,-2.04,-0.52,-1.11,-1.11,0.0,2.21,1.58,3,2007,0.0,32.625,-7.83
2007-06-30,775.49,-15.4,-0.4640551011622901,0.5,30.340000000000003,-10.74,10.64,14.2,786.23,-6.059999999999999,42.12,910.47,483.76,1475.84,589.87,2244.2,286.07,362.14,50.0,747.15,27.16,774.31,330.0,1469.88,-18.700000000000003,0.7800000000000002,3.6000000000000085,21.38,-7.651569805194805,3.19,0.53,-0.7,0.5,-0.71,-2.75781317262161,-1.4849763237193285,-4.1897546276366775,-4.110202324580285,-2.2539819199311237,-1.57,-1.57,0.0,1.98,1.33,6,2007,16.592857142857145,33.18571428571429,-23.23
2007-09-30,742.02,-22.209999999999997,-0.6696236795774648,-0.0002688003018110107,18.939999999999998,-17.939999999999998,3.41,14.6,759.9699999999998,-21.020000000000003,55.29,776.76,551.07,1402.74,574.81,2155.82,277.41,318.04,50.0,693.48,14.66,708.14,330.0,1447.68,41.030000000000015,-0.09000000000000075,-27.77000000000001,21.35,-5.452390814948222,3.33,0.49,-1.37,0.5,-0.36,-4.125272887323943,-2.6393926056338026,-6.139031690140845,-5.943521126760563,-4.105721830985915,-2.06,-2.05,0.0,2.02,1.23,9,2007,-0.008915537017731623,33.16788321167883,-45.44
2007-12-31,906.8200000000002,-22.840000000000003,-0.6924253075571178,-0.002764486293022631,36.790000000000006,-18.25,3.3800000000000026,13.0,925.0500000000002,-15.39,40.31,750.11,481.42,1311.52,559.76,2049.49,270.45,239.51,50.0,622.5,2.16,624.66,330.0,1424.83,13.519999999999982,-4.219999999999999,-24.269999999999982,21.629999999999995,-4.693502626970227,3.01,0.44,-2.07,0.5,-0.24,-4.4556063268892805,-3.0640656121851206,-6.409115407147042,-6.221792618629176,-4.589408318687757,-2.19,-2.18,0.0,2.11,1.33,12,2007,-0.09118798265100736,32.98550724637681,-68.28
2008-03-31,899.12,-1.78,-0.049999999999999996,0.0,60.36,1.63,23.44,13.0,897.5,2.95,39.73,679.02,532.58,1301.83,540.32,2007.26,200.4,289.39,39.66,584.2,0.0,584.2,330.0,1423.05,72.19,13.31,-86.08,21.81,-65.0,3.01,0.41,-0.05,0.0,0.0,-0.36,0.32,-0.52,-0.48,0.44,-0.2,-0.2,0.0,2.23,1.32,3,2008,0.0,35.6,-1.78
2008-06-30,1020.8100000000001,19.900000000000002,0.604028697571744,0.5,105.02999999999999,22.900000000000002,44.97,13.2,997.9000000000001,16.17,38.31,858.9,584.78,1535.36,519.65,2219.66,302.04,365.68,27.16,793.22,0.0,793.22,330.0,1426.44,-77.69,-0.7800000000000011,77.05,22.070000000000004,5.4633165829145725,3.05,0.56,0.55,0.5,0.91,3.6022075055187637,4.832229580573952,5.5790286975717445,5.491169977924945,7.555849889624724,0.95,0.94,0.0,1.94,1.2,6,2008,16.472727272727273,32.945454545454545,18.12
2008-09-30,1038.8799999999999,42.66,1.2914511352418558,0.0013192138562325864,124.22000000000003,45.78999999999999,65.49000000000001,12.8,993.0999999999999,33.730000000000004,31.74,808.22,655.22,1528.9,501.82,2183.2,270.72,351.85,14.66,714.08,0.0,714.08,330.0,1469.12,27.09,14.63,-48.29,19.699999999999996,2.479071729957806,2.88,0.49,1.84,0.5,0.27,7.804856860809475,9.096307996051332,11.623060217176702,11.707285291214214,13.447936821322804,2.07,2.05,0.0,2.14,1.22,9,2008,0.04357707509881337,33.03260869565217,60.78
2008-12-31,1150.81,46.92999999999999,1.4204047906415371,0.00010999745693956229,-22.53000000000003,50.150000000000006,69.34,13.0,1100.65,-0.3299999999999983,16.05,998.65,445.23,1504.11,498.76,2070.28,272.91,179.64,0.0,554.24,0.0,554.24,330.0,1516.04,-130.44,130.62,-15.869999999999997,19.189999999999998,2.289382591093118,2.83,0.37,3.26,0.5,0.15,9.062705412682202,10.195543589267476,12.374078544239158,12.77492897595395,13.855482313619904,2.67,2.62,0.0,2.71,1.91,12,2008,0.0036343024806626545,33.0398773006135,107.71
2009-03-31,879.41,50.53,1.53,0.0,81.37,53.39,71.22,13.5,826.02,45.32,28.11,1204.79,449.76,1740.71,485.44,2294.35,272.73,367.94,0.0,727.78,0.0,727.78,330.0,1566.57,21.45,-5.07,-4.33,17.83,2.205,2.84,0.46,1.53,0.0,0.0,8.8,9.92,12.92,13.52,13.64,5.84,5.75,0.0,2.39,1.77,3,2009,0.0,33.02614379084967,50.53
2009-06-30,997.7200000000001,30.819999999999993,0.935776275353411,0.8,115.75,33.08,50.540000000000006,14.8,964.6400000000001,63.76,21.97,1206.16,508.09,1809.1,477.03,2353.76,277.8,399.83,0.0,782.78,0.0,782.78,330.0,1570.99,14.059999999999999,-9.65,-10.55,17.46,3.952680889033096,3.11,0.5,2.47,0.8,0.32,5.243377996312231,5.728314689612783,7.849912722802702,8.22876951444376,8.334849416103255,4.34,4.33,15.33,2.31,1.66,6,2009,26.34817813765182,32.935222672064775,81.35
2009-09-30,1083.37,38.45,1.1650542570951588,0.001637006346610042,89.27999999999997,40.57000000000001,58.010000000000005,17.9,1042.8,45.3,27.56,1158.91,558.88,1800.0,466.48,2334.21,185.38,438.89,0.0,724.77,0.0,724.77,330.0,1609.44,117.19,-16.950000000000003,-94.65,17.439999999999998,3.840143042912873,3.67,0.45,3.63,0.8,0.22,6.585926544240401,7.214991652754592,9.551519198664442,9.988013355592656,10.12923205342237,4.06,4.05,16.06,2.48,1.71,9,2009,0.054025719097488434,33.00275482093664,119.8
2009-12-31,1038.1599999999999,11.010000000000005,0.33330479321152834,0.0007283290824305185,64.68,10.929999999999993,25.48999999999998,27.75,1027.2199999999998,18.060000000000002,37.55,1117.84,473.54,1674.63,463.52,2204.83,162.31,307.45,0.18,583.83,0.55,584.38,330.0,1620.45,37.43000000000001,-6.609999999999999,-20.840000000000003,14.56000000000001,20.821482742960935,5.65,0.36,3.96,0.8,0.2,1.996462044186225,2.1715312284993513,2.7169390719363977,2.8078403791759055,2.8650745355859657,3.28,3.27,17.99,2.87,2.06,12,2009,0.024058769513317202,33.032828282828284,130.81
2010-03-31,1009.81,45.22,1.37,0.0,107.14,46.07,61.08,24.7,963.74,60.38,82.45,1100.72,486.09,1709.59,451.32,2226.23,172.71,296.46,0.36,559.47,1.09,560.56,330.0,1665.67,36.42,1.62,6.87,15.01,4.5075,4.89,0.34,1.37,0.0,0.0,8.12,8.16,10.84,11.2,11.04,4.51,4.48,52.35,3.06,2.19,3,2010,0.0,33.00729927007299,45.22
2010-06-30,1144.4500000000003,46.84,0.1424636106886813,1.25,79.36,48.99,64.15,3.0,1095.4599999999998,19.93999999999999,118.82,1014.83,526.93,1709.11,453.26,2226.64,165.8,282.29,0.37,554.39,0.99,555.38,330.0,1671.26,78.45,-11.830000000000002,-30.26,15.160000000000002,5.262396456020495,0.59,0.33,0.28,1.25,4.46,8.405353030632197,8.446056919400393,11.213921355637629,11.559904410167283,11.559904410167283,4.34,4.27,59.41,3.08,2.13,6,2010,410.98214285714283,328.7857142857143,92.06
2010-09-30,1004.7099999999996,11.5,0.034424488219389725,0.019752179550847012,88.06,12.009999999999991,27.760000000000005,3.7,992.71,42.67,74.88,927.36,638.22,1699.77,445.67,2209.19,92.63,324.23,0.38,525.53,0.9,526.43,330.0,1682.77,37.04999999999998,-8.509999999999998,-72.49,15.75,26.880573913043477,0.73,0.31,0.31,1.25,4.03,2.0832367709540365,2.0921205098493627,2.731749710312862,2.7939358825801466,2.8250289687137893,3.32,3.28,49.34,3.23,2.02,9,2010,6.598502304147473,334.06451612903226,103.56
2010-12-31,848.6700000000001,-64.68,-0.19962962962962963,-0.038829151732377304,-24.47,-63.91,-47.71000000000001,3.62,912.5700000000002,-60.269999999999996,73.76,978.1,600.54,1677.66,487.93,2204.31,153.44,321.44,0.38,585.43,0.8,586.23,330.0,1618.08,-56.86999999999999,-4.010000000000002,59.769999999999996,16.199999999999996,-4.533896103896104,0.74,0.36,0.12,1.25,10.42,-11.711604938271606,-13.042469135802468,-15.970370370370372,-15.970370370370372,-17.76703703703704,0.98,0.97,14.68,2.87,1.84,12,2010,-12.58064516129025,324.00000000000006,38.88
2011-03-31,932.84,-25.9,-0.08,0.0,13.16,-25.08,-13.34,3.24,957.92,-31.31,101.01,826.26,616.61,1585.33,334.11,2118.33,63.14,364.39,0.68,520.06,51.36,571.43,330.0,1546.9,137.79,-17.87,-92.66,11.74,-10.125000000000002,0.69,0.37,-0.08,0.0,0.0,-4.88,-4.6,-6.68,-6.44,-6.28,-2.81,-2.78,-28.5,3.05,1.86,3,2011,0.0,323.75,-25.9
2011-06-30,1098.4699999999998,33.22,0.09076502732240437,0.060000000000000005,75.57000000000001,34.04,45.480000000000004,3.22,1064.44,28.24,57.05,973.43,807.91,1865.67,337.73,2401.95,151.9,532.92,0.7,790.07,51.56,841.63,330.0,1560.32,-108.05,-13.559999999999999,77.64999999999999,11.44,8.86905478627333,0.68,0.54,0.02,0.06,3.0,5.445901639344262,7.07967213114754,8.531912568306009,8.168852459016392,10.16568306010929,0.36,0.36,5.57,2.36,1.34,6,2011,21.96,366.0,7.32
2011-09-30,1101.33,38.37,0.11757058437294814,-0.007288246881155619,71.64999999999999,43.92,54.150000000000006,3.04,1057.41,18.68,59.43,912.24,896.06,1906.41,347.93,2443.51,124.7,526.35,16.62,792.52,52.29,844.81,330.0,1598.7,8.220000000000002,8.55,-14.4,10.229999999999997,6.462926114151681,0.63,0.53,0.14,0.06,0.43,6.2816283650689435,7.625292186474065,9.607196323046617,9.338463558765593,10.749310571240972,1.49,1.46,18.69,2.41,1.27,9,2011,-2.37857142857143,326.35714285714283,45.69
2011-12-31,1215.1399999999999,27.070000000000007,0.08184991753710832,0.0007928218016178451,42.24000000000001,31.770000000000003,41.82000000000001,3.08,1183.3600000000001,-23.92,124.05,927.38,815.91,1906.79,368.26,2460.84,148.78,498.66,12.32,781.56,53.51,835.08,330.0,1625.76,68.18,-8.260000000000002,4.699999999999999,10.050000000000004,9.407462135205023,0.63,0.51,0.22,0.06,0.27,4.405013743815283,5.402094557449149,6.667047828477187,6.681929631665752,7.500428807036835,1.71,1.67,20.75,2.44,1.4,12,2011,0.2622077922077928,330.72727272727275,72.76
2012-03-31,1156.09,26.73,0.08,0.0,64.22,27.76,37.4,3.2,1128.33,16.82,100.86,1039.4,745.65,1920.94,398.34,2505.1,104.74,552.13,16.69,767.16,85.44,852.61,330.0,1652.49,27.96,-38.46,-12.69,9.64,10.0,0.64,0.52,0.08,0.0,0.0,4.28,4.8,6.48,6.68,6.4,2.33,2.31,28.62,2.5,1.53,3,2012,0.0,334.125,26.73
2012-06-30,1353.3500000000001,33.17999999999999,0.09968953430145217,0.07,88.15,39.86,49.6,3.7,1313.4900000000002,14.649999999999999,115.56,1104.16,1143.85,2401.66,404.09,2993.03,201.8,876.78,16.64,1224.85,105.6,1330.45,330.0,1662.57,-75.16,-14.36,104.22,9.739999999999998,9.280813743218808,0.73,0.8,0.18,0.07,0.39,4.430645968953429,5.560460691036553,7.975162744116173,8.24100150225338,8.46253380070105,2.42,2.39,41.48,1.96,1.03,6,2012,23.298333333333336,332.8333333333333,59.91
2012-09-30,1435.5499999999997,35.900000000000006,0.10866297881223255,-0.0005199526841317792,109.57,44.39999999999999,54.370000000000005,3.94,1391.1499999999996,45.39,28.62,1290.58,1163.55,2568.87,413.11,3172.27,254.56,970.16,16.56,1371.0,102.79,1473.79,330.0,1698.48,-113.82000000000001,-19.970000000000006,46.849999999999994,9.970000000000002,9.067255571030639,0.77,0.87,0.29,0.07,0.24,4.526375117419894,5.980210833942178,8.453230351737815,8.708026302056153,9.322534182235675,2.45,2.43,33.54,1.87,1.03,9,2012,-0.1717816091953992,330.3793103448276,95.81
2012-12-31,1366.7300000000005,1.1499999999999915,0.003439562706270601,0.0008302392739273902,57.94,9.060000000000002,20.109999999999985,3.88,1357.6600000000003,1.5799999999999983,42.14,1261.44,1084.58,2446.68,431.97,3066.2,287.46,815.73,16.39,1266.44,110.87,1377.32,330.0,1688.88,16.600000000000023,-29.00999999999999,25.920000000000016,11.049999999999997,282.02713043478474,0.76,0.82,0.29,0.07,0.24,0.14991749174917382,0.20779702970296876,0.27231848184818286,0.27753712871286923,0.3192863036303607,1.84,1.83,19.75,1.93,1.08,12,2012,0.2775862068965509,334.3448275862069,96.96
2013-03-31,1190.5,-28.39,-0.09,0.0,28.64,-27.3,-15.22,3.66,1217.8,-25.61,60.55,927.41,1158.02,2219.55,444.92,2869.02,247.06,697.27,16.26,1085.1,107.63,1192.73,330.0,1676.29,82.5,-15.8,-48.3,12.08,-10.1675,0.72,0.71,-0.09,0.0,0.0,-3.96,-4.08,-6.76,-6.84,-6.12,-2.41,-2.38,-9.29,2.05,0.98,3,2013,0.0,315.44444444444446,-28.39
2013-06-30,1087.3000000000002,-42.290000000000006,-0.12564940577249575,0.10000000000000002,9.689999999999998,-44.28,-32.17,2.96,1131.57,-38.93000000000001,65.04,1108.82,1281.94,2502.84,453.37,3165.67,336.34,955.42,16.16,1459.3,105.36,1564.67,330.0,1601.0,-29.79,-15.219999999999999,49.51,12.110000000000001,-5.891392764246866,0.61,0.98,-0.21,0.1,-0.48,-5.337108092812677,-5.5525070741369555,-10.554550084889645,-10.363084323712508,-10.028019241652519,-3.13,-3.1,-13.35,1.72,0.84,6,2013,33.657142857142865,336.5714285714286,-70.68
2013-09-30,1140.35,31.78000000000001,0.09803598971722367,-0.003826661770106511,96.55,36.879999999999995,49.33,2.98,1103.48,43.80000000000001,73.57,1140.72,1023.73,2269.21,462.83,2940.06,140.02,887.34,16.08,1204.18,103.1,1307.28,330.0,1632.78,220.54999999999998,-21.430000000000003,-190.59,12.45,7.598230018879796,0.6,0.8,-0.12,0.1,-0.83,4.313583547557842,3.725367609254499,7.777521850899745,7.646807197943446,6.535732647814912,-1.15,-1.14,-4.26,1.88,1.03,9,2013,-1.240476190476194,324.1666666666667,-38.9
2013-12-31,983.44,14.0,0.04497991967871486,-0.004149933065595732,51.52000000000001,18.040000000000003,32.14,3.06,965.4100000000003,5.3199999999999985,79.4,780.16,1017.37,1923.81,453.78,2586.7,122.48,544.64,16.08,839.09,100.83,939.92,330.0,1646.78,37.76999999999998,-4.849999999999994,-27.099999999999994,14.100000000000001,17.007589285714285,0.61,0.57,-0.08,0.1,-1.25,2.1590361445783133,1.3269076305220884,3.3959839357429717,3.351004016064257,2.1365461847389557,-0.57,-0.57,-1.72,2.29,1.08,12,2013,-1.2916666666666714,311.25,-24.9
2014-03-31,1252.15,38.65,0.12000000000000001,0.0,100.22,45.47,57.7,3.28,1206.68,38.93,92.82,1233.74,955.93,2333.65,448.78,2986.7,181.4,879.17,16.21,1205.46,95.81,1301.27,330.0,1685.43,-21.93,-4.85,40.21,12.23,6.8325,0.64,0.77,0.12,0.0,0.0,5.159999999999999,6.2,9.16,9.2,10.200000000000001,3.11,3.09,30.93,1.94,1.14,3,2014,0.0,322.0833333333333,38.65
2014-06-30,1372.9499999999998,68.38,0.2044436139400168,0.09999999999999999,141.32,78.3,90.68999999999998,3.46,1294.6499999999999,64.75,93.82,946.29,1143.62,2290.5,440.79,2936.78,115.49,845.48,16.21,1122.59,93.38,1215.97,330.0,1720.81,110.07,-1.7800000000000002,-107.30000000000001,12.39,4.2300171833869555,0.66,0.71,0.32,0.1,0.31,9.302184434270764,10.375513407455852,15.895490983836305,16.457710922171355,17.428818088386432,4.11,4.08,39.93,2.04,1.02,6,2014,33.446875,334.46875,107.03
2014-09-30,1406.2400000000002,36.97999999999999,0.11298659815290603,-0.002191688077216864,93.79999999999998,43.750000000000014,56.07000000000002,4.76,1362.5,32.91,74.6,1243.53,1221.11,2585.4,444.59,3237.56,253.12,959.87,16.22,1388.52,91.26,1479.77,330.0,1757.79,-138.36,-15.170000000000002,134.32,12.319999999999997,10.533992698756087,0.89,0.84,0.44,0.1,0.23,4.5708214707311985,5.567157836261369,8.412365807930003,8.720511075619747,9.30598708423026,3.6,3.57,36.1,1.86,0.98,9,2014,-0.7173295454545467,327.2954545454545,144.01
2014-12-31,1510.8199999999997,21.210000000000008,0.06418714441350928,0.0009516237303430342,77.11000000000001,30.73999999999998,43.139999999999986,4.0,1480.0699999999997,10.620000000000005,64.4,1182.94,1090.97,2390.48,436.64,3043.4,314.72,670.84,16.24,1175.28,89.12,1264.39,330.0,1779.0,-53.900000000000006,-11.739999999999998,55.42999999999999,12.400000000000006,15.579443658651574,0.74,0.71,0.5,0.1,0.2,2.7882895533228433,3.615019973368843,4.77038857281201,4.955247548722917,5.448204817818668,3.01,2.98,29.16,2.03,1.11,12,2014,0.3144545454545522,330.44,165.22
2015-03-31,1205.92,38.86,0.12000000000000001,0.0,107.18,47.25,59.09,4.24,1158.68,46.38,61.3,1167.5,1057.83,2336.71,432.26,2979.14,161.66,761.12,16.24,1075.23,86.05,1161.28,330.0,1817.87,167.72,-4.49,-166.33,11.84,8.8325,0.77,0.64,0.12,0.0,0.0,5.2,6.32,8.56,8.88,9.92,3.23,3.22,21.58,2.17,1.19,3,2015,0.0,323.8333333333333,38.86
2015-06-30,1190.38,57.8,0.173411959445479,0.15,98.98999999999998,67.07,78.97999999999999,3.86,1123.3,39.910000000000004,77.29,980.63,1132.81,2250.05,427.13,2885.57,184.37,632.14,16.24,975.68,83.73,1059.41,330.0,1826.16,46.91999999999999,-9.93,-21.00999999999999,11.91,5.564639273356401,0.7,0.58,0.29,0.15,0.52,8.01282847092903,9.400124146492862,12.653093316780467,13.035795572108421,14.327415683840265,4.08,4.03,32.76,2.31,1.15,6,2015,49.99655172413793,333.3103448275862,96.66
2015-09-30,1217.1499999999996,62.849999999999994,0.18912920820011284,-0.0004504095516657757,97.77000000000001,72.02000000000001,84.99000000000001,3.88,1145.13,34.0,60.7,990.53,1118.51,2227.84,423.59,2869.01,193.88,526.06,14.5,896.43,83.56,979.99,330.0,1889.01,-2.369999999999976,-9.6,-4.599999999999994,12.969999999999999,5.126653937947494,0.68,0.52,0.48,0.15,0.31,8.762986646605228,9.614068083505735,13.302087643407935,13.790671431258229,14.893925145758885,4.5,4.41,41.13,2.49,1.24,9,2015,-0.1496767241379331,332.3125,159.51
2015-12-31,1254.0700000000006,20.52000000000001,0.06268955174137647,-0.0022845150808198694,86.82999999999998,23.829999999999984,37.01999999999998,4.26,1230.2400000000002,12.760000000000005,93.51,932.52,1004.65,2096.58,420.84,2735.33,196.53,378.61,10.47,738.28,90.47,828.75,330.0,1906.58,51.99999999999997,-11.860000000000003,-7.340000000000003,13.189999999999998,16.998446637426895,0.74,0.43,0.55,0.15,0.27,2.9999800033327793,3.314567572071323,4.30392267955341,4.454377603732714,4.7963206132311305,3.76,3.7,37.13,2.84,1.48,12,2015,-0.7477840909090929,327.3272727272727,180.03
2016-03-31,1076.14,34.24,0.1,0.0,98.4,39.5,52.51,4.3,1036.64,45.3,112.48,788.28,871.26,1843.38,424.97,2477.96,2.95,299.36,6.43,445.58,91.57,537.14,330.0,1940.82,233.66,-16.0,-198.69,13.01,10.75,0.73,0.28,0.1,0.0,0.0,5.52,5.8,7.04,7.28,7.76,3.19,3.18,37.26,4.14,2.18,3,2016,0.0,342.4,34.24
2016-06-30,967.1899999999998,-10.780000000000001,-0.032165387894288154,0.15,33.650000000000006,-8.59,4.649999999999999,4.0,975.78,-19.889999999999997,84.85,750.14,966.34,1872.34,437.15,2515.62,16.28,391.11,0.09,541.4,93.68,635.08,330.0,1880.53,25.67999999999998,-23.740000000000002,-29.580000000000013,13.24,-31.08776437847866,0.7,0.34,0.07,0.15,2.14,-1.709360613810742,-2.0953452685421996,-2.297527706734868,-2.334288150042626,-2.885694799658994,1.15,1.15,27.11,3.46,1.67,6,2016,50.271428571428565,335.1428571428571,23.46
2016-09-30,1010.9700000000003,-48.1,-0.13664772727272728,0.007183441558441569,-5.5600000000000165,-63.760000000000005,-50.419999999999995,3.36,1074.7399999999998,-68.18,77.67,823.66,908.94,1863.52,436.59,2520.31,180.74,295.21,0.05,592.2,95.67,687.87,330.0,1832.44,-157.88,-11.699999999999996,162.41000000000003,13.340000000000003,-6.1471933471933475,0.61,0.38,-0.07,0.15,-2.14,-7.652272727272727,-9.526298701298701,-10.46331168831169,-10.307142857142859,-13.27435064935065,-0.81,-0.81,-23.46,3.15,1.61,9,2016,2.528571428571432,352.0,-24.64
2016-12-31,1045.0699999999997,-41.67,-0.12568240084451818,-0.00925199819031819,0.8900000000000006,-38.699999999999996,-24.32,3.34,1083.7600000000002,-66.66999999999999,88.95,817.39,874.76,1823.32,440.49,2480.83,127.28,330.03,0.01,592.27,97.79,690.06,330.0,1790.77,80.99,-17.0,-52.7,14.379999999999995,-6.643730501559874,0.62,0.39,-0.2,0.15,-0.75,-6.71144020509727,-6.887395566279596,-9.300497662494346,-9.023996380636405,-9.526725984014478,-1.64,-1.62,-33.13,3.08,1.6,12,2016,-3.0674999999999955,331.55,-66.31
2017-03-31,938.04,-61.62,-0.18999999999999997,0.0,0.5,-61.75,-48.14,3.3,999.79,-46.42,80.39,830.56,849.09,1821.72,433.32,2467.5,241.05,307.08,0.0,639.66,98.69,738.35,330.0,1729.15,-93.48,-6.08,91.0,13.61,-4.3425,0.63,0.43,-0.19,0.0,0.0,-10.0,-10.0,-14.24,-13.44,-13.52,-6.59,-6.57,-81.25,2.85,1.52,3,2017,0.0,324.3157894736842,-61.62
2017-06-30,1063.96,-48.74,-0.1457430228343603,0.1,-28.74,-46.349999999999994,-32.900000000000006,3.2,1110.31,-47.47,38.13,799.3,954.75,1866.27,424.57,2509.28,359.01,320.32,0.0,760.95,100.92,861.87,330.0,1647.41,-111.85000000000001,-4.529999999999999,74.12,13.45,-5.49082888797702,0.64,0.52,-0.33,0.1,-0.3,-7.77296121783255,-7.596303008336354,-11.836100036245018,-11.058803914461762,-10.917477346864807,-5.54,-5.51,-60.73,2.45,1.2,6,2017,33.44242424242424,334.4242424242424,-110.36
2017-09-30,1281.6799999999998,-20.88000000000001,-0.0636391344102408,-0.0019275350271997429,77.01,-15.650000000000006,-2.1899999999999977,3.18,1297.33,-16.200000000000003,39.02,937.82,989.74,2064.66,438.04,2706.06,460.85,412.87,0.0,976.34,103.19,1079.53,330.0,1626.53,-79.12999999999997,-26.71,106.73000000000002,13.460000000000004,-12.492313218390802,0.65,0.66,-0.4,0.1,-0.25,-3.086498018896679,-3.016494971045414,-5.135678146906433,-4.830210301737277,-4.550198110332218,-4.01,-4.0,-37.73,2.11,1.1,9,2017,-0.6324242424242357,328.1,-131.24
