,revenue,net_profit,eps,dps,gross_profit,ebit,ebitda,close_price,allowance_doubtful_accounts,expense,operating_profit,cash,account_receivable,property_plant_equipment,total_asset,total_liability,paid_in_capital,total_equity,cash_flow_operation,cash_flow_investment,cash_flow_financing,depreciation,P/E,P/BV,D/E,EPS,DPS,DPR%,ROA%,ROAA%,ROE%,ROAE%,TIE,month,year,dividend,ROCE%,number_of_shares,return_old
2000-03-31,1193.91,-19.27,-0.01,0.0,0.0,14.11,10.48,9.0,328.96,532.31,0.0,2448.25,0.0,645.2,67876.74,51310.23,13331.54,16277.38,1607.17,-2901.88,1560.5,-3.63,-225.0,7.37,3.15,-0.01,0.0,0.0,-0.12,0.0,-0.48,0.0,0.0,3,2000,0.0,,1927.0,-19.27
2000-06-30,1408.9199999999998,-1852.64,-1.38558798232821,0.0,0.0,-1782.07,-2631.95,5.5,2445.38,629.53,0.0,2092.71,0.0,631.44,72625.19,57591.76,13331.54,14737.08,4966.5599999999995,-5348.749999999999,5.089999999999918,-849.88,-0.9927193491450039,4.98,3.91,-1.4,0.0,0.0,-10.213762841162236,0.0,-50.27704964448077,0.0,0.0,6,2000,0.0,,1337.0785714285716,-1871.91
2000-09-30,1176.83,300.70000000000005,0.22582977450499933,0.0,0.0,296.8800000000001,-470.49000000000024,5.0,2303.79,519.5700000000002,0.0,2498.94,0.0,681.85,81730.53,66128.45,13331.54,15215.64,3720.58,-3545.460000000001,241.72000000000003,-767.3700000000001,5.538685068174259,4.38,4.35,-1.18,0.0,0.0,1.4698073459308432,-0.0,7.907869730971672,-0.0,0.0,9,2000,0.0,,1331.533898305085,-1571.21
2000-12-31,2810.62,118.16000000000008,0.0886372802037095,0.0,0.0,14.329999999999927,-52.11999999999989,5.3,3488.2,844.22,0.0,2337.59,0.0,715.02,85443.74,69583.91,13331.54,15246.33,1648.460000000001,-1793.9599999999991,0.0,-66.44999999999982,14.941230111712922,4.63,4.56,-1.09,0.0,0.0,0.5529665187020409,-0.0,3.0998652489590883,-0.0,0.0,12,2000,0.0,,1333.0733944954127,-1453.05
2001-03-31,2744.37,648.87,0.49000000000000005,0.0,0.0,660.81,547.09,7.0,806.42,687.67,0.0,1977.47,0.0,727.04,86566.64,70281.51,13331.54,15639.17,-906.95,1122.52,-576.82,-113.72,3.5724999999999993,5.97,4.49,0.49,0.0,0.0,3.0,3.44,16.6,16.28,0.0,3,2001,0.0,,1324.2244897959183,648.87
2001-06-30,1963.79,-188.04000000000002,-0.14281622290215482,0.0,0.0,-171.05999999999995,-348.46000000000004,9.4,1359.15,825.82,0.0,1964.47,0.0,604.28,91395.8,76224.54,13331.54,14792.71,-12698.929999999998,12825.17,-140.37,-177.4,-16.45646378430121,8.47,5.15,0.35,0.0,0.0,-0.8160927022980277,-0.9793112427576331,-5.092418462339692,-5.092418462339692,0.0,6,2001,0.0,,1316.6571428571428,460.83
2001-09-30,1470.6500000000005,-476.51,-0.3038966836734694,0.0,0.0,-487.83,-684.3299999999999,7.3,1802.59,796.1299999999999,0.0,2397.52,0.0,616.06,93898.3,78983.52,13331.54,14544.32,9128.099999999999,-8706.990000000002,0.0,-196.5,-6.005330423285975,6.69,5.43,-0.01,0.0,0.0,-2.431173469387755,0.0,-13.371454081632653,-13.371454081632653,0.0,9,2001,0.0,,1568.0,-15.68
2001-12-31,2607.0099999999993,507.41,0.38179834462001505,0.0,0.0,526.71,216.51,9.45,2055.86,838.2600000000002,0.0,1868.45,0.0,688.22,98374.66,82094.27,13331.54,15889.42,-1138.6400000000003,615.3600000000006,-7.449999999999932,-310.20000000000005,6.18769052639877,7.93,5.17,0.37,0.0,0.0,2.0637748357838652,2.3939788095092838,12.754128485144287,13.04305696215403,0.0,12,2001,0.0,,1329.0,491.73
2002-03-31,2182.79,373.96,0.28,0.0,0.0,418.86,116.99,12.4,80.26,954.86,0.0,1427.23,0.0,707.13,101148.23,84725.88,13331.54,16031.04,1351.86,-1139.5,0.0,-301.87,11.0725,10.31,5.29,0.28,0.0,0.0,1.4799999999999998,1.8,9.32,9.44,0.0,3,2002,0.0,,1335.5714285714284,373.96
2002-06-30,2785.7700000000004,668.76,0.500261623446371,0.0,0.0,681.85,332.8,14.5,321.99,998.7399999999999,0.0,2853.98,0.0,714.89,108274.57,90809.3,13331.54,17078.98,3545.4000000000005,-2112.32,-7.5,-349.04999999999995,7.246308391650218,11.32,5.32,0.78,0.0,0.0,2.4628264538898264,2.8219886450820932,15.674864201319627,16.77800521712444,0.0,6,2002,0.0,,1336.8205128205127,1042.72
2002-09-30,2280.379999999999,273.89999999999986,0.20595236286855725,0.0,0.0,304.5999999999999,-142.82,12.3,754.29,1017.6800000000003,0.0,1559.53,0.0,716.0,111430.8,93389.36,13331.54,17661.79,-3161.9100000000003,1877.8400000000001,0.0,-447.41999999999996,14.92553888280395,9.28,5.29,0.99,0.0,0.0,0.9819142956965559,1.1400191399188828,6.1993741550333405,6.806829609150701,0.0,9,2002,0.0,,1329.919191919192,1316.62
2002-12-31,3411.2300000000005,406.6100000000001,0.3043858916105222,0.0,0.0,437.99,-114.85000000000002,13.3,1744.28,1307.1,0.0,1777.19,0.0,739.69,125486.23,107005.57,13331.54,18090.46,10451.63,-10211.470000000001,-0.03000000000000025,-552.8400000000001,10.923551621947317,9.8,5.92,1.29,0.0,0.0,1.2930501442059392,1.5573231663794158,8.994721076118687,9.570458731568047,0.0,12,2002,0.0,,1335.8372093023256,1723.23
2003-03-31,2783.04,452.61,0.34,0.0,0.0,545.82,660.51,11.6,159.17,1208.8,0.0,6558.95,0.0,778.38,140930.04,121854.96,13331.54,18673.01,2945.36,-2116.16,4123.25,114.69,8.53,8.28,6.53,0.34,0.0,0.0,1.28,1.8000000000000003,9.68,10.44,0.0,3,2003,0.0,,1331.2058823529412,452.61
2003-06-30,3950.0600000000004,760.57,0.5704995961028042,0.5,0.0,760.2699999999999,-566.19,13.8,1102.01,1515.36,0.0,1979.9,0.0,799.58,150413.62,130541.0,13331.54,19478.0,-9707.11,-4639.07,10264.31,-1326.46,6.045403052973429,9.45,6.7,0.91,0.5,0.55,2.031229331179215,2.5327674376432188,15.622912016353718,16.65106513460492,0.0,6,2003,666.5824175824176,,1333.1648351648353,1213.18
2003-09-30,3723.959999999999,643.48,0.48174528454321197,0.000958947551215403,0.0,814.05,-87.33,17.5,1671.98,1485.3500000000004,0.0,2362.7,0.0,428.28,158702.35,139049.52,13331.54,19236.78,6120.63,-8069.93,2331.8599999999988,-901.3800000000001,9.08161458009573,12.13,7.23,1.39,0.5,0.36,1.6219913177426128,2.176518263979404,13.37796257796258,13.94635269785529,0.0,9,2003,1.2808917701004248,,1335.7266187050361,1856.66
2003-12-31,4339.32,812.7299999999998,0.608925634695567,-0.00038646233972412444,0.0,1059.0300000000002,20.020000000000003,16.7,2440.15,1772.3199999999997,0.0,1486.57,0.0,421.76,167748.46,147972.48,13331.54,19247.29,1167.6399999999999,-2256.6800000000003,257.0,-1039.0099999999998,6.856338051997589,11.57,7.69,2.0,0.5,0.25,1.9363835183319034,2.6427372545787606,16.89159710645503,17.41527315229322,0.0,12,2003,-0.5158093525180902,,1334.695,2669.39
2004-03-31,3575.37,589.69,0.44,0.0,0.0,850.31,-253.27,15.1,487.07,1596.58,0.0,1380.18,0.0,460.15,171697.15,150993.15,13331.54,20157.12,-7919.77,7781.25,0.0,-1103.58,8.58,9.99,7.49,0.44,0.0,0.0,1.36,2.16,11.72,12.16,0.0,3,2004,0.0,,1340.2045454545455,589.69
2004-06-30,3907.9300000000003,800.69,0.598913678275004,0.6,0.0,1088.95,-107.33000000000001,14.6,596.38,1764.25,0.0,1912.54,0.0,475.04,178476.16,158432.05,13331.54,19513.77,2227.9700000000003,-3430.2299999999996,1734.63,-1196.2800000000002,6.095035282069214,9.97,8.12,1.04,0.6,0.58,1.796741034825012,2.7181466937096332,16.42405586961838,16.42405586961838,0.0,6,2004,802.1423076923077,,1336.9038461538462,1390.38
2004-09-30,3858.05,664.81,0.4981570560386144,-0.0010632369007993038,0.0,1014.1200000000001,-430.14,12.4,817.81,1870.0600000000004,0.0,1997.01,0.0,579.28,182968.86,162113.11,13331.54,20279.2,-8216.07,3270.54,5030.0,-1444.2599999999998,6.221431499225344,8.15,7.99,1.54,0.6,0.39,1.449184163021424,2.2384719660955916,13.10735318875627,13.456710085198935,0.0,9,2004,-1.4189310689309877,,1334.5389610389611,2055.19
2004-12-31,5714.01,927.6100000000001,0.6966093603325735,0.2986789715581455,0.0,1256.6099999999997,5173.54,13.6,1414.82,2123.75,0.0,2016.74,0.0,690.18,185043.52,163549.79,13331.54,20744.24,1360.5400000000009,6636.03,-7976.84,3916.93,4.879635838337232,8.74,7.88,2.24,0.9,0.4,2.0027519109561487,2.9730292342765194,17.887933217111442,18.559663671717853,0.0,12,2004,397.723051948052,,1331.607142857143,2982.8
2005-03-31,4247.21,687.1,0.52,0.0,0.0,814.74,884.47,13.5,184.3,2257.16,0.0,2273.36,0.0,816.9,199014.21,176802.17,13331.54,21464.74,-4149.95,4406.57,0.0,69.73,6.49,8.38,8.24,0.52,0.0,0.0,1.4,1.76,12.800000000000002,13.2,0.0,3,2005,0.0,,1321.3461538461538,687.1
2005-06-30,4836.339999999999,781.36,0.5853043324298925,0.4,0.0,1130.92,1211.41,12.8,0.0,2638.3500000000004,0.0,2569.16,0.0,963.72,207274.66,184926.09,13331.54,21616.99,-2186.1000000000004,3031.2700000000004,-549.37,80.49,5.468949779870994,7.89,8.55,1.1,0.4,0.36,1.5111493673644496,2.149663184560696,14.45169606254171,15.196628849270663,0.0,6,2005,533.9854545454546,,1334.9636363636364,1468.46
2005-09-30,5064.25,697.5099999999998,0.521690605133035,0.0006147655029218092,0.0,1011.8999999999999,-4034.78,13.1,0.0,2837.88,0.0,3097.83,0.0,1070.42,208966.38,186011.11,13331.54,22211.52,853.1300000000001,-290.46000000000004,-34.0,-5046.68,6.280446624421157,7.86,8.37,1.62,0.4,0.25,1.339649948983596,1.9450686759281055,12.559218271721212,13.138874499646805,0.0,9,2005,0.8219528619528091,,1337.0185185185182,2165.97
2005-12-31,5471.060000000001,938.1300000000001,0.704179279018073,0.29856278494273397,0.0,1150.85,-1149.87,13.4,0.0,3276.489999999999,0.0,5534.39,0.0,1304.24,228073.0,204687.41,13331.54,22638.83,1645.0700000000002,1187.9000000000005,-396.40999999999997,-2300.7200000000003,4.756423683284832,7.89,9.04,2.33,0.7,0.3,1.6440923939306082,2.40569401758964,16.57390200057988,17.299236880255147,0.0,12,2005,397.7548243522491,,1332.2317596566522,3104.1
2006-03-31,7038.41,748.05,0.56,0.0,0.0,1157.46,-1121.97,16.2,49.08,3594.83,0.0,4118.7,0.0,1404.44,261085.94,236899.58,13331.54,23423.53,2948.83,-4364.52,0.0,-2279.43,7.2325,9.22,10.11,0.56,0.0,0.0,1.16,2.0,12.76,13.320000000000002,0.0,3,2006,0.0,,1335.8035714285713,748.05
2006-06-30,6762.880000000001,360.75,0.27004193722943726,0.5,0.0,614.8,-1467.76,14.4,0.0,3609.9400000000005,0.0,1799.86,0.0,1446.31,289425.2,265466.93,13331.54,23167.0,2616.83,1217.7600000000002,-1420.0,-2082.56,13.331725571725572,8.29,11.46,0.83,0.5,0.6,0.49453463203463205,0.9239989177489177,6.233739177489178,6.4419642857142865,0.0,6,2006,667.9518072289156,,1335.9036144578313,1108.8
2006-09-30,8143.5999999999985,476.34000000000015,0.3575990764222719,-0.0014463395046554397,0.0,696.1600000000001,-2324.5499999999997,14.9,26.03,4080.959999999999,0.0,2153.85,0.0,1515.02,300662.86,276570.95,13331.54,23236.62,4052.3500000000004,1938.9400000000003,-5637.29,-3020.71,10.41585464164252,8.55,11.9,1.19,0.5,0.42,0.637067262197661,1.1659532911919455,8.19773344941141,8.390055641772967,0.0,9,2006,-1.9265971448819528,,1332.0504201680674,1585.14
2006-12-31,7972.740000000002,-117.27000000000021,-0.08788039812789977,0.30089058902189086,0.0,116.5,7512.5,14.0,103.28,4639.01,0.0,2466.13,0.0,1758.01,286768.01,262798.13,13331.54,23104.39,-109.05000000000109,-1914.74,2336.0600000000004,7396.0,-39.83539076490143,8.08,11.37,1.1,0.8,0.73,-0.1629781928917414,-0.31956508410145373,-2.0292382840442307,-2.051607839931333,0.0,12,2006,401.51660809778446,,1334.4272727272726,1467.87
2007-03-31,7539.43,576.81,0.43,0.0,0.0,1235.09,1241.76,14.1,0.0,3997.88,0.0,2097.71,0.0,1910.81,302564.23,277921.38,13331.54,23777.33,-1879.42,-7836.29,9347.3,6.67,8.1975,7.91,11.69,0.43,0.0,0.0,0.76,1.76,9.72,9.76,0.0,3,2007,0.0,,1341.4186046511627,576.81
2007-06-30,8801.22,634.72,0.47674857411702565,0.5,0.0,911.1400000000001,847.8300000000002,14.5,382.63,3628.9300000000003,0.0,2201.54,0.0,2025.73,309067.04,284860.04,13331.54,23322.57,1726.47,8480.5,-10103.15,-63.31,7.601648325245776,8.29,12.21,0.91,0.5,0.55,0.8172832699149011,1.5088306521505865,10.876154284252147,10.918066246811883,0.0,6,2007,665.6758241758241,,1331.3516483516482,1211.53
2007-09-30,8823.76,824.0,0.6193571207498785,-0.00035323035720967694,0.0,1734.9499999999998,1692.4699999999998,15.7,1049.89,4461.79,0.0,2537.07,0.0,2095.09,308335.64,276643.48,13331.54,25638.7,-11587.949999999999,104.11000000000001,11819.37,-42.480000000000004,6.3363282160194165,8.16,10.79,1.53,0.5,0.33,1.0686946397252803,2.0564275643198577,12.856720362755647,13.48822174077513,0.0,9,2007,-0.46994182288301545,,1330.4117647058822,2035.53
2007-12-31,11084.91,782.22,0.5857454351876497,0.3018775931985785,0.0,992.3600000000001,1020.1200000000003,14.6,2051.23,5306.769999999999,0.0,3274.65,0.0,2308.2,321256.15,288993.88,13331.54,26208.3,-30522.97,7487.300000000001,23773.249999999996,27.760000000000005,6.2318880877502485,7.43,11.03,2.11,0.8,0.38,0.9771677402182594,1.776668618578653,11.936992281075327,12.692076443971255,0.0,12,2007,403.13534987454716,,1335.4265402843603,2817.75
2008-03-31,10257.42,1015.58,0.76,0.0,0.0,1722.14,1804.47,15.5,726.04,4841.87,0.0,2475.27,0.0,2304.64,337971.36,304166.48,13331.54,27504.74,24708.43,-2837.21,-22670.6,82.33,5.0975,7.51,11.06,0.76,0.0,0.0,1.2,2.16,14.76,15.84,0.0,3,2008,0.0,,1336.2894736842106,1015.58
2008-06-30,10335.65,761.13,0.569762594908567,0.6,0.0,1263.93,1296.66,13.4,1746.98,5319.000000000001,0.0,2976.49,0.0,2314.9,346671.65,313551.65,13331.54,26916.72,-7400.68,-4179.19,12081.089999999998,32.730000000000004,5.882450041385834,6.64,11.65,1.33,0.6,0.45,0.8739215741454711,1.5593502597497622,11.309573312470802,12.114952018055845,0.0,6,2008,801.5233082706767,,1335.8721804511279,1776.71
2008-09-30,9833.57,576.23,0.4310202555101278,0.00046026564366664577,0.0,827.46,891.4299999999998,10.6,2898.25,5186.519999999999,0.0,2546.75,0.0,2419.04,368694.3,336296.07,13331.54,26244.72,20097.879999999997,-6222.630000000001,-14304.99,63.97,6.145418843170262,5.38,12.81,1.76,0.6,0.34,0.6269385534692767,1.1069383834691917,8.786935663467833,8.884894812447406,0.0,9,2008,0.6153280929596576,,1336.8977272727273,2352.94
2008-12-31,10912.900000000001,415.4699999999998,0.3121566530969039,0.2973261317375808,0.0,528.4599999999996,673.3899999999999,7.05,3579.67,6333.43,0.0,4017.99,0.0,2522.25,394135.71,361774.54,13331.54,26592.13,-6229.479999999996,1226.1500000000015,6474.580000000002,144.92999999999998,5.647164596721788,3.53,13.6,2.08,0.9,0.43,0.420210879168909,0.726364519706257,6.249136074497634,6.2971601749740795,0.0,12,2008,395.73107517482504,,1330.966346153846,2768.41
2009-03-31,17062.48,2190.44,1.7,0.0,0.0,3604.98,3771.28,9.6,1257.38,6152.86,0.0,2850.5,0.0,2589.74,386076.5,346709.18,13331.54,28146.22,12031.32,5653.04,-18851.84,166.3,1.4125,4.55,12.32,1.7,0.0,0.0,2.28,4.0,31.12,31.48,0.0,3,2009,0.0,,1288.4941176470588,2190.44
2009-06-30,10011.66,743.7999999999997,0.5804917116527617,0.6,0.0,1523.48,1702.6599999999994,13.7,2602.87,13124.619999999999,0.0,2597.92,0.0,2553.52,391424.04,349888.95,13331.54,29416.17,1926.17,-2690.4,511.6399999999994,179.18,5.897672492605541,0.65,11.89,2.29,0.6,0.26,0.7604694912481595,1.4094034571132554,10.1091744369922,10.565456131741096,4.16,6,2009,768.7965065502182,,1281.3275109170304,2934.24
2009-09-30,18781.800000000003,1001.5400000000004,0.7812245095000231,0.0003208321834122963,0.0,2459.1899999999996,2637.9100000000008,17.4,2788.62,17031.63,0.0,2737.08,0.0,2495.78,402098.1,357806.32,13331.54,31153.64,-11525.76,281.84000000000015,11383.07,178.72000000000003,5.5703897497853285,0.82,11.49,3.07,0.6,0.2,0.9975244551270653,2.005227731224815,12.855850885974322,13.955163550808232,4.81,9,2009,0.41131103935845204,,1282.0130293159611,3935.78
2009-12-31,14364.129999999997,1173.23,0.9162612130334449,0.34926929244953303,0.0,2576.130000000001,2763.66,22.1,2796.0,12726.07,0.0,3665.41,0.0,2423.02,459965.26,412558.64,13331.54,33322.66,12276.74,-47063.630000000005,35715.229999999996,187.52999999999997,6.031194948986985,0.98,12.38,3.99,0.95,0.24,1.0195989438266906,2.1861671047815525,14.08148811609294,15.661407200220786,5.05,12,2009,447.2231347913756,,1280.453634085213,5109.01
2010-03-31,13061.36,1343.38,1.05,0.0,0.0,3175.35,3356.38,24.8,239.01,10049.0,0.0,3159.14,0.0,2310.37,444003.43,393987.76,13331.54,35022.92,23355.34,-5078.33,-18783.29,181.03,5.905,1.13,11.25,1.05,0.0,0.0,1.2,3.08,15.36,17.0,5.13,3,2010,0.0,,1279.4095238095238,1343.38
2010-06-30,17002.27,1368.5299999999997,1.0698303409773922,0.6,0.0,4183.9,4565.3099999999995,29.0,861.27,13764.71,0.0,12487.5,0.0,9343.0,838775.13,771517.01,13331.54,33544.17,7685.369999999999,-33541.21,35129.34,381.4100000000001,6.777149350032517,0.67,23.0,2.12,0.6,0.28,0.6459353002127651,2.422257375797869,16.30986633037232,17.37969667134971,3.0,6,2010,767.5216981132074,,1279.2028301886792,2711.91
2010-09-30,17402.98,1537.9899999999998,1.2050887550295302,-0.0013899749916423986,-7881.53,4167.57,4547.240000000001,41.25,1265.11,-5427.209999999999,-7881.53,11439.36,0.0,9216.92,845117.82,775081.21,13331.54,34765.14,-75082.18,21395.45,52638.59,379.66999999999996,8.559265827476123,1.03,22.29,3.33,0.6,0.18,0.7237770300477658,2.6779750111767338,17.689110614367397,18.6589718346314,3.22,9,2010,-1.7739503654597684,,1276.246246246246,4249.9
2010-12-31,19227.479999999996,1388.9500000000007,1.086262181118491,0.5011283209222508,-3433.260000000001,3619.0699999999997,4015.6699999999983,36.0,1819.96,7841.0999999999985,-3433.260000000001,15298.1,0.0,9111.0,881914.52,810196.54,13331.54,36092.17,3208.8700000000026,-3225.0499999999993,3874.9300000000076,396.6,8.281978472947186,0.84,22.45,4.41,1.1,0.25,0.6305739645495095,2.226714312315455,15.389945822286466,16.01066706863989,2.91,12,2010,640.7681252681256,,1278.6507936507937,5638.85
2011-03-31,13720.27,1144.27,0.9,0.0,-3756.6,3305.46,3738.75,32.5,723.22,5087.47,-3756.6,11400.95,0.0,8906.75,862729.11,791277.52,13331.54,36001.36,-36643.97,4739.5,28007.31,433.29,9.0275,0.84,21.98,0.9,0.0,0.0,0.52,2.04,12.720000000000002,12.88,2.23,3,2011,0.0,,1271.411111111111,1144.27
2011-06-30,15504.689999999999,1582.8200000000002,1.2362652497717348,0.7,-3363.8799999999997,3148.17,3585.1899999999996,28.5,1610.17,5245.53,-3363.8799999999997,12474.75,0.0,8753.88,860547.96,788630.11,13331.54,36625.16,-23388.53,3155.3100000000004,21307.02,437.0199999999999,5.763204944339849,0.79,21.53,2.13,0.7,0.33,0.7429199623041411,1.7644349104723351,17.296105372393285,18.039025334697428,1.77,6,2011,896.2267605633803,,1280.323943661972,2727.09
2011-09-30,14911.870000000003,1337.1499999999996,1.0462317678089874,-0.001238386166060461,-4357.98,3109.5600000000004,3583.8200000000006,27.25,1742.33,5870.52,-4357.98,15194.94,0.0,8850.87,888110.0,815201.12,13331.54,36982.25,11289.779999999999,-7923.34,-646.2400000000052,474.26,6.51208480723928,0.73,22.04,3.18,0.7,0.22,0.6053668090467097,1.4476162825030015,14.46300267700726,14.910447709780914,1.65,9,2011,-1.5827354061476626,,1278.0628930817609,4064.24
2011-12-31,14480.089999999997,938.1900000000005,0.7333081922185821,0.5007282184128954,-4511.6500000000015,2344.709999999999,2756.42,26.75,2097.95,5556.279999999999,-4511.6500000000015,16005.68,0.0,8814.75,895156.64,819475.5,13331.54,38258.66,-28112.520000000004,11015.970000000001,17907.28,411.71000000000004,9.117721676845838,0.75,21.42,3.91,1.2,0.31,0.4201049489947888,1.005251127951816,9.812451308663993,10.097522524053316,1.53,12,2011,640.628609113867,,1279.3938618925831,5002.43
2012-03-31,17017.44,1193.38,0.93,0.0,-3510.06,2823.45,3233.44,33.5,416.0,5808.31,-3510.06,10518.45,0.0,8756.28,903646.66,826147.34,13331.54,39311.27,56857.42,-4918.2,-57426.45,409.99,9.005,0.85,21.02,0.93,0.0,0.0,0.52,1.28,12.16,12.68,1.09,3,2012,0.0,,1283.2043010752689,1193.38
2012-06-30,16502.430000000004,1709.37,1.3367564895357849,0.7,-3876.3300000000004,3535.13,3939.9199999999996,28.75,901.46,5251.21,-3876.3300000000004,11818.57,0.0,8555.97,928942.33,850092.27,12778.3,40426.75,53444.46000000001,10357.099999999999,-62501.43000000001,404.78999999999996,5.378859243463967,0.6,21.03,2.27,0.7,0.31,0.7302105934028076,1.672417810696753,16.912619550426317,17.737050865558523,1.37,6,2012,895.1211453744494,,1278.7444933920706,2902.75
2012-09-30,17680.649999999994,1241.1999999999998,0.9704480025096827,0.00013815055364657043,-3615.05,2914.0200000000004,3323.0600000000004,37.75,2000.12,5523.119999999999,-3615.05,10786.14,1390.28,8431.42,957209.27,876212.63,12778.3,41316.96,53263.350000000006,9030.890000000001,-63326.669999999984,409.03999999999996,9.723859470673544,0.7,21.21,3.24,0.7,0.22,0.5151761000977327,1.1980839537156576,12.016782055768045,12.675728230311657,1.54,9,2012,0.1766941317233659,,1278.9969135802469,4143.95
2012-12-31,18316.739999999998,1337.5900000000001,1.0468337547477535,0.4993159346677246,-4147.42,2941.49,3342.379999999999,37.75,2895.8,5995.0,-4147.42,15181.4,1532.39,8344.28,1023912.27,940122.55,12778.3,42771.72,16014.809999999998,-11755.09,135.52999999999884,400.8900000000001,9.015758191972129,0.66,21.98,4.29,1.2,0.28,0.5270771352576102,1.2396073366243794,12.513201618523263,13.206210444510122,1.67,12,2012,638.0000625917294,,1277.7482517482517,5481.54
2013-03-31,18079.2,1953.21,1.5300000000000002,0.0,-3654.16,3875.85,4244.19,44.5,1347.74,5164.19,-3654.16,12006.24,1304.0,8079.68,1033719.32,944816.74,12778.3,45677.65,-1896.08,-4679.63,3400.76,368.34,7.27,0.77,20.68,1.53,0.0,0.0,0.76,1.6,17.12,18.4,4.64,3,2013,0.0,,1276.6078431372548,1953.21
2013-06-30,22680.34,4078.1400000000003,3.2387924096595286,0.9,-4276.52,9859.38,10228.369999999999,38.5,8090.88,7644.79,-4276.52,12493.32,0.0,7955.28,1024069.08,933743.51,12778.3,44884.94,-21723.75,15369.330000000002,6841.289999999999,368.99000000000007,2.9726820315143665,0.66,20.8,4.79,0.9,0.19,1.5957307070556341,3.8135259270312614,36.35020458106394,38.243444402994356,6.39,6,2013,1133.239039665971,,1259.1544885177454,6031.35
2013-09-30,14194.470000000001,1661.25,1.3389166211683956,-0.01335595844435164,-3526.5699999999997,3649.3899999999994,4030.789999999999,33.5,9756.46,3053.3100000000013,-3526.5699999999997,12605.85,1275.71,7843.47,1027291.86,934838.6,12778.3,45754.59,15972.52,-10080.460000000001,-5779.5199999999995,381.4,6.251322799097067,0.57,20.43,6.2,0.9,0.15,0.6478628812105139,1.5116800561578658,14.520766710864985,15.26364948131971,5.43,9,2013,-16.571297730487004,,1240.741935483871,7692.6
2013-12-31,18224.469999999994,1538.4899999999998,1.2483130486215601,0.5939486683482911,-4474.32,3552.920000000002,3933.2000000000007,32.25,11494.24,5613.119999999999,-4474.32,17940.11,1216.15,8083.96,1050913.89,955474.47,12778.3,47368.9,1158.67,-286.75,4462.320000000001,380.28,6.465105054306496,0.54,20.17,7.49,1.5,0.2,0.586657133664605,1.3466447840937525,12.993122199003581,13.653111474376264,4.65,12,2013,732.0151686119127,,1232.4552736982644,9231.09
2014-03-31,17399.04,1323.34,1.1,0.0,-4050.07,3336.62,3687.35,36.0,1654.96,5022.61,-4050.07,13246.08,1200.42,7963.24,1031317.34,932807.4,12778.3,48932.18,-6120.92,-287.52,1714.41,350.73,8.1825,0.63,19.06,1.1,0.0,0.0,0.52,1.28,10.8,11.2,3.25,3,2014,0.0,,1203.0363636363634,1323.34
2014-06-30,17436.79,1235.3,1.0235265609855237,1.0,-3330.1,3168.1000000000004,3528.1200000000003,35.25,3812.73,4580.14,-3330.1,12950.26,1195.57,7960.08,1021546.51,922442.22,12778.3,49162.34,3532.13,13270.78,-17098.74,360.02,8.611305593782886,0.59,18.76,2.12,1.0,0.47,0.4827955476346809,1.2359566019447832,10.042147390801363,10.505631116530658,2.53,6,2014,1206.9056603773583,,1206.9056603773583,2558.64
2014-09-30,17169.159999999996,1202.31,0.9974094843058271,-0.00122194136517596,-4034.25,3110.2300000000005,3476.3399999999992,37.25,5492.06,5012.91,-4034.25,12155.47,1053.8,7931.9,1012132.2,911074.37,12778.3,49752.44,-14110.14,-3133.120000000001,16448.48,366.1099999999999,9.337388651845197,0.64,18.31,3.12,1.0,0.32,0.4731301399912256,1.2020063015993299,9.667199617118015,10.07639325170502,2.79,9,2014,-1.4729680696661944,,1205.4326923076922,3760.95
2014-12-31,17422.33000000001,1359.25,1.125584938088356,0.6017900442590887,-4557.42,3379.0999999999985,3749.67,31.75,7102.32,5475.139999999999,-4557.42,16605.43,1127.06,7981.57,1025630.37,921354.75,12778.3,51353.0,40217.46,-15561.279999999999,-20206.210000000003,370.57000000000016,7.053576972595182,0.54,17.94,4.24,1.6,0.38,0.5309362915511113,1.327340728877778,10.58686965352916,11.011618686770047,2.66,12,2014,726.7182510885343,,1207.5943396226414,5120.2
2015-03-31,16455.5,1331.51,1.1,0.0,-4228.89,3368.0,3741.83,34.75,1647.41,5153.24,-4228.89,12454.87,1064.04,7792.98,990377.04,883456.57,12778.3,52637.71,-7952.76,11148.0,-7345.81,373.83,7.8975,0.61,16.78,1.1,0.0,0.0,0.52,1.32,10.12,10.48,3.56,3,2015,0.0,,1210.4636363636362,1331.51
2015-06-30,16251.09,1392.8,1.1656470812792963,1.0,-3762.67,1777.04,2132.62,33.25,5179.14,4966.120000000001,-3762.67,11035.28,1739.97,7727.95,967253.79,861701.61,12778.3,51289.47,-7926.949999999999,16984.2,-10476.829999999998,355.58,7.1296022041929925,0.6,16.8,2.28,1.0,0.44,0.5725985662424614,1.0633973373074284,10.858922809812391,11.083872246550504,2.43,6,2015,1194.872807017544,,1194.872807017544,2724.31
2015-09-30,16205.890000000003,1353.1399999999999,1.1415962427497577,-0.008071823355369392,-3983.079999999999,3171.96,3549.05,31.75,6886.94,5005.719999999999,-3983.079999999999,10721.28,1050.74,7801.5,982280.26,875207.11,12778.3,51621.86,30317.91,-35207.36,4575.439999999999,377.09000000000003,6.953246430524558,0.57,16.95,3.44,1.0,0.29,0.557523746459184,1.101773118002673,10.486756183398938,10.672597432218664,2.89,9,2015,-9.56757445940434,,1185.3052325581396,4077.45
2015-12-31,15670.46,1359.13,1.152487280606558,0.6949090931995806,-4305.380000000001,2968.58,3358.959999999999,36.5,8600.15,5193.870000000001,-4305.380000000001,13337.37,1201.72,8046.76,997580.84,886257.73,12778.3,52673.76,25714.63,-16184.18,-6914.3499999999985,390.3800000000001,7.920087408857135,0.65,16.83,4.61,1.7,0.37,0.5399940403709685,1.1199876392879349,10.319886104867399,10.449884670141891,2.84,12,2015,819.5073487867626,,1179.3015184381777,5436.58
2016-03-31,15059.93,1350.5,1.16,0.0,-4431.81,3001.35,3391.72,37.75,1767.02,5134.51,-4431.81,10061.04,1330.52,9456.4,1000124.48,883585.35,12778.3,55356.6,-9617.47,10683.78,-4342.63,390.37,8.135,0.66,15.96,1.16,0.0,0.0,0.56,1.2,9.76,10.0,4.04,3,2016,0.0,,1164.2241379310346,1350.5
2016-06-30,15797.489999999998,1466.35,1.2597642756980314,1.1,-3913.069999999999,3282.93,3682.6700000000005,35.0,3175.33,5138.48,-3913.069999999999,10242.04,1339.62,9428.32,988193.49,871795.64,12064.8,55253.49,36523.9,-24568.800000000003,-11774.11,399.74,6.944394414703175,0.58,15.78,2.42,1.1,0.45,0.6038539503345935,1.3326432007384135,10.619500505884231,11.015128956103448,3.69,6,2016,1280.3863636363637,,1163.9876033057851,2816.85
2016-09-30,15583.980000000003,1502.3399999999997,1.2904459864002278,0.00020272109101256768,-4247.51,3281.0199999999995,3682.7300000000005,40.5,4851.52,5300.33,-4247.51,10212.81,630.28,9573.6,993724.23,876401.74,12064.8,55738.08,-6687.580000000002,16205.59,-9547.24,401.7099999999999,7.848681856304167,0.65,15.72,3.71,1.1,0.3,0.5982660637758468,1.3495769345641195,10.782702312239099,11.200097240454806,3.96,9,2016,0.2360083312912593,,1164.2021563342316,4319.19
2016-12-31,16521.93,1693.5300000000007,1.4533546880613106,0.8009946514467493,-4004.869999999999,3898.4000000000015,4322.539999999999,44.0,6209.86,5499.82,-4004.869999999999,12077.05,777.38,9604.93,966866.99,847015.62,12064.8,56890.88,4846.050000000003,2571.19,-5553.0,424.1400000000001,7.571241962055584,0.72,14.89,5.16,1.9,0.37,0.6985115555023353,1.5434852113519346,11.908495389773686,12.370414321638131,4.05,12,2016,933.3636745439726,,1165.2558139534883,6012.72
2017-03-31,15035.99,1602.29,1.3800000000000001,0.0,-4491.31,3634.58,4029.2,48.25,852.05,5465.97,-4491.31,9553.1,646.96,9392.28,972981.48,849538.07,12064.8,58621.02,17716.03,-22809.12,2569.15,394.62,8.74,0.79,14.49,1.38,0.0,0.0,0.64,1.48,10.92,11.24,6.2,3,2017,0.0,,1161.0797101449275,1602.29
2017-06-30,15711.15,1674.96,1.436154580822336,1.2,-4189.099999999999,3609.55,4002.17,46.0,2220.84,5493.14,-4189.099999999999,9292.6,665.91,9150.69,980426.2,855902.18,12064.8,59154.51,-19551.12,22082.149999999998,-2791.53,392.62,8.007442341906673,0.77,14.47,2.81,1.2,0.43,0.6746348920588909,1.5128176367381188,11.32568879395835,11.714114943931651,5.17,6,2017,1399.5373665480427,,1166.2811387900356,3277.25
2017-09-30,15996.050000000003,1788.4300000000003,1.5357603520159189,-0.0018105258295006647,-4121.0,3978.13,4380.72,48.75,3917.27,5238.58,-4121.0,9309.45,1404.1,8809.88,996713.12,870513.56,12064.8,60070.96,-11376.71,22749.870000000003,-11356.310000000001,402.5899999999999,7.938006072365146,0.77,14.49,4.35,1.2,0.28,0.7202186478419482,1.5957785726694147,11.90479059079926,12.356692487484406,5.47,9,2017,-2.108401030801133,,1164.5241379310346,5065.68
