,revenue,net_profit,eps,dps,gross_profit,ebit,ebitda,close_price,allowance_doubtful_accounts,expense,operating_profit,cash,account_receivable,inventory,current_asset,property_plant_equipment,total_asset,short_term_loan,account_payable,current_portion_long_term_debt,current_liability,non_current_liability,total_liability,paid_in_capital,total_equity,cash_flow_operation,cash_flow_investment,cash_flow_financing,depreciation,P/E,P/BV,D/E,EPS,DPS,DPR%,ROA%,ROAA%,ROE%,ROAE%,ROCE%,NPM%,NPMA%,CurrentRatio,QuickRatio,month,year,dividend,number_of_shares,return_old
2001-09-30,,,,,,,,,0.0,,,52.4,40.29,185.8,287.83,132.61,448.73,132.12,35.27,16.62,240.75,7.77,248.52,120.0,200.2,,,,,,0.0,1.24,0.29,0.0,0.0,,,,,,7.65,7.63,1.2,0.42,9,2001,,113.41379310344828,32.89
2001-12-31,160.10999999999996,2.6000000000000014,0.021978021978021987,0.0,21.64,4.840000000000003,16.909999999999997,0.63,0.0,155.27000000000004,4.590000000000003,47.99,62.88,142.18,262.84,132.34,423.9,65.82,48.17,15.23,148.27,6.71,154.98,150.0,268.91,36.489999999999995,-10.569999999999999,-30.33,12.07,7.132124999999996,0.35,0.58,0.3,0.0,0.0,2.452747252747254,0.0,3.86813186813187,0.0,5.219047619047621,6.02,6.0,1.77,0.81,12,2001,0.0,118.30000000000001,35.49
2002-03-31,176.93,9.34,0.060000000000000005,0.0,28.49,10.79,19.76,0.66,0.0,166.14,10.67,45.76,99.55,127.72,285.18,120.48,435.63,58.44,64.1,12.84,169.22,3.16,172.37,150.0,263.26,7.87,3.03,-13.13,8.97,2.7525,0.38,0.65,0.06,0.0,0.0,8.56,0.0,14.2,0.0,16.2,5.29,5.28,1.69,0.93,3,2002,0.0,155.66666666666666,9.34
2002-06-30,141.32,-6.89,-0.05624489795918367,0.1,10.690000000000001,-5.859999999999999,3.139999999999997,0.58,0.0,147.18,-6.05,45.89,74.86,128.24,267.98,125.9,402.9,55.52,59.36,10.48,143.45,3.1,146.54,150.0,256.36,13.07,6.860000000000001,-19.79,8.999999999999998,-2.572677793904209,0.34,0.57,0.02,0.1,5.0,-6.861877551020408,-0.0,-10.799020408163264,-0.0,-21.373061224489792,0.77,0.77,1.87,0.97,6,2002,12.25,122.5,2.45
2002-09-30,149.76,12.82,0.08395546823837591,0.019777341191879502,30.369999999999997,14.05,23.92,0.51,0.0,135.70999999999998,13.849999999999998,38.13,67.06,199.89,330.26,148.1,487.7,121.41,68.75,7.4,216.24,2.27,218.51,150.0,269.19,-35.160000000000004,-32.010000000000005,59.400000000000006,9.870000000000001,1.521640015600624,0.28,0.81,0.1,0.1,1.0,10.511224623444663,13.600785854616895,19.041100196463656,21.862003929273087,23.473948919449903,3.27,3.26,1.53,0.6,9,2002,3.0199999999999996,152.7,15.27
2002-12-31,259.4,33.07000000000001,0.21891601158460908,-0.0010839884153909707,57.60000000000001,34.69,44.71,0.5,0.0,224.71000000000004,34.04,53.58,115.42,143.65,336.78,155.8,502.18,96.85,56.99,9.72,173.59,26.35,199.93,150.0,302.25,28.96,-16.76,3.2399999999999984,10.02,0.5700816449954641,0.25,0.66,0.32,0.1,0.31,26.352014894497316,31.715457178320236,43.75583781547374,46.32810095159289,44.686230864708314,6.66,6.65,1.94,1.11,12,2002,-0.1637499999999985,151.0625,48.34
2003-03-31,146.19,3.52,0.02,0.0,22.09,4.81,15.32,0.8,0.0,141.38,4.76,54.7,71.23,167.96,316.74,152.03,474.02,75.62,48.02,9.51,173.72,24.54,198.26,150.0,275.76,26.02,-0.6,-24.29,10.51,10.03,0.44,0.72,0.02,0.0,0.0,2.96,4.24,5.12,5.24,6.4,2.42,2.41,1.82,0.86,3,2003,0.0,176.0,3.52
2003-06-30,179.92000000000002,6.610000000000001,0.0326258637709773,0.2,29.099999999999998,12.02,22.58,0.67,0.0,167.89999999999998,11.09,55.92,78.61,149.1,295.22,142.2,442.04,71.94,34.85,12.02,137.8,21.86,159.66,200.0,282.38,35.239999999999995,-0.5100000000000001,-33.51,10.56,5.141626323751891,0.48,0.57,0.05,0.2,4.0,5.977058242843041,10.388075024679171,9.37014807502468,9.81385982230997,14.433682132280358,3.12,3.11,2.14,1.06,6,2003,40.52,202.6,10.13
2003-09-30,187.18999999999994,14.08,0.0697893432465923,-0.0008426270136307042,35.650000000000006,14.350000000000001,24.950000000000003,1.17,0.0,172.84000000000003,16.809999999999995,62.52,79.06,180.34,338.96,152.48,495.95,65.21,67.07,10.71,180.15,19.34,199.49,200.0,296.46,39.61000000000001,-22.32,-10.700000000000003,10.600000000000001,4.195482954545454,0.79,0.67,0.12,0.2,1.67,11.352399834779016,14.748814539446508,19.00596447748864,19.913225939694343,22.96069392812887,4.74,4.72,1.88,0.88,9,2003,-0.1699999999999946,201.75000000000003,24.21
2003-12-31,206.3900000000001,3.0299999999999976,0.015572687224669592,-0.007378854625550722,31.11,1.1499999999999986,-4.910000000000004,1.38,0.0,205.24,-2.429999999999996,46.28,81.1,170.48,314.36,207.11,525.77,103.34,47.24,10.72,209.63,16.65,226.28,200.0,299.49,-27.08,-6.59,28.93,-6.060000000000002,22.11564356435645,0.92,0.76,0.14,0.2,1.43,2.3047577092510996,2.798634361233478,4.048898678414093,4.026651982378851,4.551674008810569,3.8,3.78,1.5,0.69,12,2003,-1.4357142857142975,194.57142857142856,27.24
2004-03-31,143.89,1.65,0.01,0.1,22.89,2.83,16.27,0.89,0.0,141.06,2.64,43.38,69.81,176.47,301.63,208.85,514.86,119.03,50.08,10.38,215.74,17.98,233.72,200.0,281.14,-4.07,-15.13,16.3,13.44,22.3675,0.64,0.83,0.01,0.1,10.0,1.28,2.28,2.36,2.36,3.8000000000000003,1.15,1.15,1.4,0.58,3,2004,16.5,165.0,1.65
2004-06-30,232.01,25.67,0.13154465592972184,0.015446559297218164,48.150000000000006,27.060000000000002,44.480000000000004,0.88,0.0,204.95,26.419999999999998,29.82,138.02,174.58,355.77,243.14,602.98,108.65,95.85,12.06,240.8,55.38,296.18,200.0,306.8,26.3,-47.989999999999995,8.14,17.42,1.6735761589403972,0.57,0.97,0.14,0.1,0.71,17.025636896046855,21.498155197657393,33.449926793557836,34.84054172767203,31.006954612005856,7.29,7.27,1.48,0.75,6,2004,3.014285714285716,195.14285714285714,27.32
2004-09-30,237.39999999999998,24.380000000000003,0.12260735009671181,0.0018623929262227158,48.08999999999999,25.740000000000002,40.2,0.85,0.0,211.64999999999998,25.41,57.84,103.09,244.95,419.2,241.44,664.54,95.96,120.73,10.4,250.03,83.32,333.35,200.0,331.19,26.8,-12.720000000000006,13.929999999999996,14.46,1.7388843314191957,0.51,1.01,0.26,0.1,0.38,14.675156673114122,18.089299806576403,29.44462669245648,31.066816247582207,25.313702127659575,8.46,8.43,1.68,0.7,9,2004,0.3703296703296708,198.84615384615384,51.7
2004-12-31,269.38,10.729999999999997,0.05328047413102674,0.001261720819625671,41.41,12.389999999999993,28.38000000000001,0.92,0.43,257.0,13.11,55.12,88.55,219.72,374.32,232.58,611.66,74.84,75.85,10.4,179.03,90.72,269.74,200.0,341.92,16.769999999999996,-6.590000000000003,-12.899999999999999,15.990000000000002,4.334608574091334,0.54,0.79,0.31,0.1,0.32,7.019272785519781,8.222380265897803,12.553567195258687,13.38543008169149,10.807342623738585,7.09,7.07,2.09,0.86,12,2004,0.2540942928039698,201.38709677419354,62.43
2005-03-31,268.8,7.87,0.04,0.2,35.8,9.41,23.58,0.89,0.0,259.38,9.29,56.56,133.76,268.68,473.21,236.9,713.5,94.41,143.54,14.39,314.82,88.89,403.71,200.0,309.78,-3.02,-17.0,21.46,14.17,5.5925,0.58,1.3,0.04,0.2,5.0,4.4,6.12,10.16,10.64,9.44,2.93,2.93,1.5,0.65,3,2005,39.35,196.75,7.87
2005-06-30,331.21,32.64,0.16114539619846954,0.005726980992347552,65.21000000000001,35.510000000000005,49.71000000000001,1.03,0.0,295.71000000000004,35.35,30.13,170.61,339.47,559.42,226.48,788.95,120.79,184.54,18.16,363.96,82.56,446.52,200.0,342.42,-5.34,-3.9800000000000004,-17.1,14.200000000000001,1.5979358149509804,0.6,1.3,0.2,0.2,1.0,16.533517649962974,20.787756109602572,38.12700074055789,40.22189089113799,34.066136756356464,6.76,6.75,1.54,0.6,6,2005,1.1599999999999966,202.54999999999998,40.51
2005-09-30,377.35,36.449999999999996,0.1799766112266112,-2.3388773388755812e-05,70.33,40.019999999999996,53.06999999999999,1.04,0.0,337.3299999999999,39.44,65.23,206.89,419.31,713.08,215.93,931.85,136.2,291.09,13.6,476.73,76.24,552.97,200.0,378.88,31.98,-2.469999999999999,5.589999999999999,13.05,1.4515775034293554,0.55,1.46,0.38,0.2,0.53,15.648492723492721,20.157380457380455,38.47710498960499,41.072557172557175,35.351195426195424,7.89,7.87,1.5,0.62,9,2005,-0.004736842105259598,202.52631578947367,76.96
2005-12-31,643.2099999999999,94.52,0.4740331233963144,-0.00314046137036082,137.08,96.84,110.63000000000001,1.28,0.0,546.37,92.67,85.52,166.62,416.37,687.28,230.67,920.69,61.51,263.73,18.04,380.06,67.24,447.3,200.0,473.39,126.28,-26.88,-79.11,13.79,0.6757966567922132,0.54,0.94,0.86,0.2,0.23,41.07552134359692,52.32002799160252,79.85804525309074,92.73410776766971,74.12555166783298,10.62,10.58,1.81,0.71,12,2005,-0.626193390452876,199.3953488372093,171.48
2006-03-31,534.03,60.75,0.3,0.3,100.64,62.81,76.37,2.25,0.0,471.22,56.66,102.16,233.94,645.55,1011.47,226.14,1240.79,157.35,417.17,18.0,803.91,62.74,866.66,200.0,374.14,-66.67,-9.22,92.52,13.56,1.875,1.2,2.32,0.3,0.3,1.0,19.6,25.72,64.96,71.08,57.52,11.53,11.38,1.26,0.46,3,2006,60.75,202.5,60.75
2006-06-30,867.29,120.87,0.40596134786917737,0.09596134786917741,190.96000000000004,125.1,139.51999999999998,2.53,0.0,742.19,122.70000000000002,134.51,349.06,479.26,985.99,221.29,1212.09,137.17,344.89,18.0,558.84,58.24,617.08,300.0,595.02,129.5,-10.859999999999998,-86.28999999999999,14.42,1.5551973194341027,1.27,1.04,0.61,0.3,0.49,39.87738354806739,49.993141724479685,81.24551040634292,103.15411298315163,76.58693756194252,13.05,12.96,1.76,0.91,6,2006,28.571311475409843,297.7377049180328,181.62
2006-09-30,637.2,68.44999999999999,0.22719038669172625,0.003536255750029322,135.0,71.15,85.91000000000003,3.2,0.0,566.05,68.38,223.26,228.34,378.69,853.17,237.28,1095.2,24.99,253.48,18.0,373.54,53.74,427.28,301.04,667.91,231.28000000000003,-30.940000000000005,-111.58,14.760000000000002,3.51632395909423,1.44,0.64,0.83,0.3,0.36,24.996417003239088,27.985476066701317,40.9928100131963,52.31400807773823,39.30667413124325,12.35,12.27,2.28,1.27,9,2006,1.065435512541967,301.28915662650604,250.07
2006-12-31,485.2600000000002,65.72000000000003,0.21851863580227374,-0.0005354328425516837,112.69999999999993,67.93,85.37,3.38,0.0,417.34000000000015,69.05000000000001,215.19,272.6,399.45,898.58,271.09,1173.72,40.18,264.9,18.15,388.44,50.47,438.9,301.31,734.82,29.889999999999986,-49.21,11.239999999999995,17.439999999999998,3.868091144248325,1.39,0.6,1.05,0.3,0.29,22.401281864530233,25.997474270876225,35.77878463535895,43.51226321289466,34.66329902783497,12.57,12.51,2.31,1.28,12,2006,-0.1610327022375202,300.752380952381,315.79
2007-03-31,628.23,85.83,0.28,0.4,136.66,87.24,104.69,4.6,0.0,540.99,86.55,248.95,317.18,430.67,1012.4,280.52,1296.63,18.47,295.08,26.49,679.08,67.57,746.66,301.46,549.98,55.98,-26.58,4.37,17.45,4.1075,2.52,1.36,0.28,0.4,1.43,26.48,27.519999999999996,62.43999999999999,74.32,56.52000000000001,13.69,13.66,1.49,0.86,3,2007,122.61428571428571,306.5357142857143,85.83
2007-06-30,766.29,112.11,0.2492088511670203,0.1274412159528862,170.64000000000001,114.97000000000001,134.32,5.96,0.0,651.31,112.42,206.38,412.61,375.78,1009.49,311.7,1324.84,18.93,295.97,34.83,436.85,74.69,511.54,452.36,813.3,111.33000000000001,-49.84,-104.08,19.349999999999998,5.980927214343056,3.31,0.63,0.44,0.4,0.91,33.84709305850257,36.11262806911185,55.143122158229765,63.68418914822673,51.5862321915732,14.24,14.19,2.31,1.45,6,2007,57.33116883116885,449.8636363636364,197.94
2007-09-30,551.55,81.19,0.18033819367319887,0.0003074487938171256,109.92000000000002,84.24999999999997,103.25,7.08,0.0,467.31999999999994,82.09,298.85,318.05,341.68,973.73,352.83,1330.07,0.0,220.69,43.18,338.77,95.86,434.63,452.73,895.44,140.41000000000003,-59.469999999999985,11.539999999999992,19.0,9.815447099396478,3.58,0.49,0.62,0.4,0.65,24.421281840002862,27.481213771361016,36.26542901157167,41.54759287787052,33.62434707842224,14.4,14.34,2.87,1.87,9,2007,0.13841642228737783,450.2096774193548,279.13
2007-12-31,466.9400000000003,59.45999999999998,0.13170796538586488,0.00110191315217089,86.14999999999998,63.52000000000004,82.34000000000003,5.88,0.0,403.4100000000003,61.610000000000014,343.82,340.8,243.57,943.71,426.86,1374.0,0.96,180.81,52.33,331.52,87.03,418.54,452.91,955.46,135.95,-85.82000000000002,-5.159999999999997,18.820000000000007,11.16105617221662,2.79,0.44,0.75,0.4,0.53,17.30818275790779,19.296094982131777,24.894561564133607,28.139845831241317,23.580994122685247,14.1,14.03,2.85,2.11,12,2007,0.4974623655913888,451.4533333333333,338.59
2008-03-31,308.24,10.36,0.02,0.35,33.18,12.19,31.31,4.92,0.0,296.05,-12.53,370.76,194.77,298.55,883.81,456.59,1343.51,0.01,164.74,52.52,574.44,74.65,649.09,453.02,694.42,88.21,-47.28,-13.98,19.12,61.5,3.21,0.93,0.02,0.35,17.5,3.08,3.6799999999999997,5.960000000000001,6.68,6.36,3.39,3.36,1.54,1.02,3,2008,181.29999999999998,518.0,10.36
2008-06-30,363.48,12.010000000000002,0.021475189986589184,0.025815824765310684,40.62,13.700000000000001,36.709999999999994,2.7,0.0,349.79,10.809999999999999,187.06,238.09,349.37,784.75,451.77,1240.09,0.13,208.91,52.57,358.41,61.57,419.98,566.28,820.11,7.170000000000002,-19.39,-171.49,23.01,31.43161948376353,1.86,0.51,0.04,0.35,8.75,3.865534197586053,4.337988377291015,5.862726866338847,5.884202056325437,6.31370585605722,3.36,3.33,2.19,1.21,6,2008,14.4375,559.25,22.37
2008-09-30,402.93000000000006,26.23,0.048574074074074075,-0.01247685185185182,57.480000000000004,27.810000000000002,53.370000000000005,2.4,0.0,375.1,15.41,153.71,265.69,379.57,810.61,453.89,1267.74,0.08,215.49,52.77,373.03,49.0,422.03,566.28,845.71,5.280000000000001,-25.25,-13.390000000000015,25.559999999999995,12.353812428516965,1.61,0.5,0.09,0.35,3.89,8.26838683127572,8.916041152263373,12.413374485596709,12.04637037037037,12.953086419753086,4.57,4.52,2.17,1.16,9,2008,-6.737499999999983,540.0,48.6
2008-12-31,395.40999999999985,24.740000000000002,0.04385328606490319,0.014985001363512388,86.62,28.58,51.260000000000005,1.7,0.0,366.8399999999999,59.010000000000005,82.88,281.16,353.74,753.8,434.55,1192.67,0.0,170.26,52.88,286.19,35.8,321.99,566.28,870.68,-51.88999999999999,-5.670000000000002,-13.259999999999991,22.680000000000007,9.69368633791431,1.11,0.37,0.13,0.35,2.69,8.298391055358604,8.64921734387783,11.361374420507227,10.835134987728388,12.251933460594492,5.04,4.99,2.63,1.4,12,2008,8.453846153846143,564.1538461538462,73.34
2009-03-31,353.88,2.93,0.01,0.1,34.83,4.72,26.6,1.56,0.0,349.16,-3.62,124.12,214.6,386.95,805.44,427.24,1236.9,30.08,190.34,61.76,398.8,21.67,420.47,566.28,816.43,31.63,-7.23,16.84,21.88,39.0,1.08,0.52,0.01,0.1,10.0,0.9600000000000001,1.48,1.44,1.5600000000000003,2.24,0.85,0.83,2.02,1.05,3,2009,29.3,293.0,2.93
2009-06-30,423.28,15.36,0.02519409513395298,0.051940951339529806,54.05,16.0,38.309999999999995,2.4,0.0,407.28000000000003,16.44,188.15,220.88,294.16,713.35,408.27,1125.62,30.05,158.81,45.79,289.3,4.24,293.54,566.28,832.08,155.77,-2.42,-89.32000000000001,22.31,23.815104166666664,1.63,0.35,0.03,0.1,3.33,5.441924548933844,5.878622197922362,7.390267905959541,7.423860032804811,8.330847457627119,2.38,2.35,2.47,1.45,6,2009,31.666666666666668,609.6666666666666,18.29
2009-09-30,331.9900000000001,-11.889999999999999,-0.018578124999999997,0.00473958333333333,24.08,-10.77,10.329999999999998,2.76,0.0,342.76,-13.68,113.8,200.06,322.01,715.31,395.07,1115.16,0.0,196.28,32.29,291.3,3.29,294.59,566.28,820.57,-20.879999999999995,-9.08,-44.5,21.10000000000001,-37.140454163162325,1.9,0.36,0.01,0.1,10.0,-4.235812499999999,-6.2422499999999985,-5.796374999999999,-5.7220625,-8.991812499999998,0.58,0.58,2.46,1.35,9,2009,3.0333333333333314,640.0,6.4
2009-12-31,371.4399999999998,-32.85,-0.062098298676748584,-0.020982986767485813,10.330000000000013,-32.129999999999995,-10.739999999999995,1.86,0.0,403.5799999999999,-34.62,132.23,234.81,315.84,697.85,378.3,1082.5,0.0,207.13,19.95,292.28,2.94,295.21,566.28,787.28,37.369999999999976,-6.140000000000001,-12.689999999999984,21.39,-7.488127853881279,1.34,0.37,-0.05,0.1,-2.0,-12.121587901701323,-9.687334593572778,-16.69202268431002,-15.84748582230624,-13.959697542533082,-1.81,-1.79,2.39,1.31,12,2009,-11.099999999999994,529.0,-26.45
2010-03-31,384.4,1.62,0.0,,34.04,2.56,23.28,1.74,0.0,381.84,-4.87,93.21,242.08,391.54,742.5,458.82,1209.56,20.79,223.55,10.35,419.84,2.57,422.42,566.28,787.15,49.27,-99.56,11.27,20.72,0.0,1.25,0.54,0.0,0.0,0.0,0.52,0.84,0.84,0.8,1.28,0.43,0.42,1.77,0.84,3,2010,,inf,1.62
2010-06-30,496.82000000000005,16.18,0.027269662921348314,,49.49,17.48,38.74,1.91,0.0,479.34,8.49,92.01,302.08,437.79,853.45,462.91,1321.5,30.01,308.78,2.04,517.55,2.2,519.75,566.28,801.74,-74.12,76.18,0.09999999999999964,21.259999999999998,17.511217552533992,1.35,0.65,0.03,0.0,0.0,4.908539325842697,5.962966292134831,8.0718202247191,7.92638202247191,9.05352808988764,2.06,2.02,1.65,0.8,6,2010,,593.3333333333334,17.8
2010-09-30,624.8,21.55,0.03833545108005083,0.0,61.359999999999985,23.0,45.79,1.87,0.0,601.8000000000001,16.759999999999998,116.48,372.81,565.82,1073.25,449.4,1527.18,209.08,350.83,1.47,701.23,1.83,703.05,566.28,824.13,-105.37,-58.32000000000001,184.79999999999998,22.79,12.193022041763342,1.28,0.85,0.07,0.0,0.0,5.65174078780178,7.141346886912325,10.449148665819568,10.492960609911055,11.413011435832274,2.66,2.61,1.53,0.72,9,2010,0.0,562.1428571428571,39.35
2010-12-31,684.3499999999999,66.93,0.11965280391418895,0.0,95.56,67.16,49.66,2.78,0.0,617.19,58.47,138.34,419.01,439.11,1014.3,489.06,1507.25,123.99,283.35,33.19,522.3,94.1,616.4,566.28,890.85,49.72,-54.269999999999996,26.410000000000025,-17.499999999999993,5.807845510234573,1.77,0.69,0.19,0.0,0.0,17.758995107263832,21.436744448626275,30.051746330447877,31.91581106511103,28.187681595784724,4.93,4.85,1.94,1.1,12,2010,0.0,559.3684210526316,106.28
2011-03-31,595.63,15.42,0.03,0.15,55.64,17.61,31.81,2.64,0.0,578.02,15.68,124.39,346.38,434.45,923.87,477.64,1405.01,30.71,284.71,33.26,495.24,106.64,601.87,566.28,803.14,89.45,-1.5,-101.9,14.2,22.0,1.86,0.75,0.03,0.15,5.0,4.4,5.4,7.68,7.76,7.76,2.6,2.59,1.87,0.99,3,2011,77.1,514.0,15.42
2011-06-30,507.9699999999999,8.500000000000002,0.014214046822742478,0.02107023411371239,48.42,10.379999999999999,24.570000000000004,2.02,0.0,497.5799999999999,7.52,137.95,292.27,416.86,937.2,474.36,1416.05,85.84,292.56,33.32,503.83,99.52,603.35,566.28,812.7,54.489999999999995,-3.1799999999999997,-37.75999999999999,14.190000000000001,35.52823529411764,1.41,0.74,0.04,0.15,3.75,2.4021739130434785,2.8996655518394654,4.178929765886288,4.207357859531773,4.363712374581941,2.18,2.17,1.86,1.03,6,2011,12.600000000000009,598.0,23.92
2011-09-30,531.8000000000002,11.439999999999998,0.019411764705882347,-0.0022058823529411717,43.99000000000001,13.09,27.389999999999993,1.5,0.0,518.72,5.490000000000002,141.29,262.2,330.89,787.64,469.89,1260.66,0.04,221.2,33.46,345.5,92.3,437.8,566.28,822.86,109.03999999999999,-11.580000000000002,-94.1,14.299999999999997,19.318181818181824,1.03,0.53,0.06,0.15,2.5,3.623529411764705,3.817647058823529,5.56470588235294,5.551764705882352,5.810588235294118,2.18,2.16,2.28,1.32,9,2011,-1.2999999999999972,589.3333333333334,35.36
2011-12-31,442.3199999999997,10.149999999999999,0.017842232476378814,-0.00539441880905297,42.70999999999998,11.340000000000003,25.58,1.51,0.0,430.98,4.709999999999997,129.87,294.61,264.83,796.24,461.89,1261.26,0.0,303.99,33.27,343.12,85.41,428.52,566.28,832.74,6.070000000000022,-9.129999999999999,-8.360000000000014,14.240000000000002,21.16327093596059,1.03,0.51,0.08,0.15,1.88,3.220522961986376,3.381103054273786,4.879850582289606,4.710349373764008,5.093957372006152,2.21,2.19,2.32,1.55,12,2011,-3.0687500000000085,568.875,45.51
2012-03-31,441.04,7.85,0.01,0.08,42.72,8.57,23.15,1.57,0.0,432.47,1.58,141.19,287.31,294.26,776.17,474.6,1257.06,0.0,381.77,3.53,504.88,27.42,532.3,566.28,724.75,117.09,-16.58,-89.19,14.58,39.25,1.23,0.73,0.01,0.08,8.0,2.48,2.56,4.32,4.12,4.56,1.81,1.78,1.54,0.95,3,2012,62.800000000000004,785.0,7.85
2012-06-30,497.2699999999999,10.459999999999999,0.017138175860185692,-0.02289459311851449,48.620000000000005,10.73,25.89,1.49,0.0,486.53999999999996,2.7,115.85,324.45,284.49,767.39,527.26,1301.65,30.71,431.22,3.48,468.88,27.93,496.81,637.06,804.84,28.47,-40.31,-13.5,15.159999999999998,21.73656070745698,1.18,0.62,0.03,0.08,2.67,3.2219770617149095,3.244827962861824,5.187154560349536,5.164303659202621,5.301409066084107,1.99,1.95,1.64,1.03,6,2012,-13.973333333333343,610.3333333333333,18.31
2012-09-30,489.03,10.64,0.014701208981001728,0.012536557282671279,45.359999999999985,10.829999999999998,28.259999999999998,1.71,0.0,478.20000000000005,6.430000000000001,113.5,275.8,278.9,697.95,515.48,1219.53,0.39,367.14,2.83,374.16,29.04,403.2,637.06,816.33,76.96000000000001,-45.86,-33.44,17.430000000000003,29.07924107142857,1.33,0.49,0.04,0.08,2.0,3.48418652849741,3.57239378238342,5.218929188255613,5.18952677029361,5.233630397236615,2.06,2.03,1.87,1.12,9,2012,9.073333333333338,723.75,28.95
2012-12-31,410.52,0.990000000000002,0.0016533066132264564,-0.0166933867735471,29.47,1.1000000000000014,18.49000000000001,1.73,0.0,409.4200000000001,-6.690000000000001,126.38,217.21,253.38,659.92,510.48,1176.78,0.0,322.22,2.03,328.9,30.43,359.33,637.06,817.46,26.349999999999994,-12.319999999999993,-1.240000000000009,17.39,261.59696969696915,1.35,0.44,0.05,0.08,1.6,0.3359519038076159,0.3385971943887782,0.48408817635270635,0.48012024048096286,0.4867334669338687,1.66,1.63,2.01,1.24,12,2012,-9.996000000000002,598.8,29.94
2013-03-31,323.22,-14.72,-0.02,0.05,15.66,-14.36,2.05,1.67,0.0,337.59,-21.54,99.63,229.49,264.32,608.46,503.85,1118.3,0.0,282.8,1.38,319.71,30.93,350.65,637.06,767.65,-23.28,-2.81,-0.65,16.41,-20.875,1.39,0.46,-0.02,0.05,-2.5,-5.28,-4.84,-7.68,-7.88,-7.2,-4.67,-4.55,1.9,1.08,3,2013,36.800000000000004,736.0,-14.72
2013-06-30,381.4,0.25,0.0003455425017277125,-0.0008638562543192813,24.389999999999997,0.2699999999999996,16.419999999999998,1.34,0.0,381.12000000000006,-10.93,118.58,232.14,216.97,630.68,490.76,1126.7,0.0,300.13,0.73,324.62,32.44,357.06,637.06,769.64,54.46,-3.02,-32.5,16.150000000000002,969.49,1.11,0.46,-0.02,0.05,-2.5,0.0884588804422944,0.08016586040082929,0.12992398064961988,0.1271596406357982,0.1216309606081548,-2.11,-2.05,1.94,1.27,6,2013,-0.625,723.5,-14.47
2013-09-30,331.67999999999995,-5.85,-0.008636811023622046,-0.0034079724409448874,25.290000000000006,-5.870000000000001,10.040000000000003,1.3,0.0,337.54999999999995,-7.0,86.84,215.0,271.22,690.26,478.06,1172.89,0.0,350.57,0.0,374.39,33.8,408.19,637.06,764.7,-27.85,-3.16,-0.730000000000004,15.909999999999997,-37.62673504273504,1.08,0.53,-0.03,0.05,-1.67,-1.9922244094488188,-1.9231299212598423,-3.063188976377953,-2.959547244094488,-2.8789370078740157,-2.0,-1.96,1.84,1.12,9,2013,-2.308333333333337,677.3333333333334,-20.32
2013-12-31,432.6700000000001,25.1,0.052510460251046026,-0.020850767085076705,53.22999999999999,24.91,39.92999999999999,1.24,0.0,407.76,19.79,108.96,340.66,235.83,736.29,469.81,1211.93,0.0,361.74,0.0,385.55,35.02,420.57,637.06,791.36,28.08,-5.959999999999999,0.0,15.020000000000003,5.903585657370518,1.0,0.53,0.01,0.05,5.0,8.191631799163181,8.611715481171547,12.602510460251047,12.392468619246861,12.602510460251047,0.33,0.33,1.91,1.3,12,2013,-9.966666666666665,478.0,4.78
2014-03-31,388.2,4.87,0.01,0.0,40.96,4.99,19.64,1.51,0.0,383.21,4.63,103.72,314.3,273.73,774.2,461.74,1242.47,0.0,386.34,0.0,409.76,36.77,446.53,637.06,795.94,-0.8,-4.45,0.0,14.65,37.75,1.21,0.56,0.01,0.0,0.0,1.5600000000000003,1.6800000000000002,2.44,2.48,2.4,1.26,1.25,1.89,1.22,3,2014,0.0,487.0,4.87
2014-06-30,434.46999999999997,10.469999999999999,0.013650586701434158,0.0,39.35,10.29,25.269999999999996,1.58,0.0,424.18,6.89,75.45,408.92,307.85,906.29,538.0,1448.02,60.27,519.58,0.0,603.56,38.15,641.7,637.06,806.32,-21.27,-67.25999999999999,60.27,14.979999999999999,28.936485195797516,1.25,0.8,0.02,0.0,0.0,2.8939243807040413,3.2488396349413295,5.1872229465449795,5.323728813559321,4.941512385919165,1.88,1.86,1.5,0.99,6,2014,0.0,767.0,15.34
2014-09-30,495.16999999999996,20.639999999999997,0.03441912173429683,0.0,47.71000000000001,23.14,40.91,2.24,0.0,472.0400000000001,15.68,125.07,387.34,317.48,842.37,556.22,1403.66,5.46,460.91,13.01,485.11,93.86,578.97,637.06,824.69,78.03999999999999,-38.02000000000001,9.589999999999996,17.77,16.268573158914727,1.73,0.7,0.06,0.0,0.0,5.874196775986659,6.83793218454697,10.004491384102279,10.394574763757644,9.591461923290716,2.76,2.73,1.74,1.08,9,2014,0.0,599.6666666666666,35.98
2014-12-31,440.4100000000001,23.970000000000006,0.03598498748957465,0.0,52.369999999999976,23.47,42.73000000000002,3.5,0.0,416.91999999999985,17.49,85.25,328.29,293.73,720.15,543.03,1267.61,0.0,306.85,13.25,326.08,93.08,419.16,637.06,848.45,-8.689999999999998,-22.450000000000003,-8.68,19.259999999999998,24.316390279516057,2.63,0.49,0.09,0.0,0.0,7.56484403669725,7.980670558799001,11.307282735613015,11.691122602168475,10.507616346955798,3.45,3.41,2.21,1.31,12,2014,0.0,666.1111111111112,59.95
2015-03-31,395.88,5.6,0.01,0.05,37.1,6.52,25.14,2.94,0.0,389.37,-0.66,79.44,330.28,275.95,740.38,529.81,1275.4,0.0,314.2,13.45,363.65,92.77,456.42,637.06,818.98,0.27,-2.71,-3.37,18.62,73.5,2.29,0.56,0.01,0.05,5.0,1.7600000000000002,2.08,2.72,2.76,2.8800000000000003,1.44,1.41,2.04,1.28,3,2015,28.0,560.0,5.6
2015-06-30,280.69000000000005,-35.56,-0.059345794392523375,0.0032710280373831734,12.54,-35.58,-17.11,2.48,0.0,316.25,-33.56,82.48,201.45,286.8,591.98,516.36,1113.02,0.0,216.43,13.94,234.74,92.79,327.53,637.06,785.49,40.07,-1.7800000000000002,-35.25,18.470000000000002,-10.44724409448819,2.01,0.42,-0.05,0.05,-1.0,-12.771214953271029,-10.777196261682242,-18.088598130841124,-17.851214953271025,-15.714766355140187,-4.47,-4.43,2.52,1.3,6,2015,1.9599999999999973,599.1999999999999,-29.96
2015-09-30,295.4,-43.339999999999996,-0.07095225102319234,0.0009522510231923723,30.650000000000006,-41.58,-23.27,1.92,0.0,336.9899999999999,-5.32,68.88,217.44,238.89,546.58,501.48,1052.5,0.0,193.6,15.0,212.9,95.7,308.6,637.06,743.9,-7.400000000000006,-2.8,-3.4000000000000057,18.309999999999995,-6.765113059529304,1.64,0.41,-0.12,0.05,-0.42,-16.460922237380625,-13.599181446111867,-23.295989085948158,-22.113451568894952,-19.890281036834924,-7.6,-7.54,2.57,1.45,9,2015,0.5816666666666741,610.8333333333334,-73.3
2015-12-31,323.54999999999995,-36.44,-0.05644979041370512,0.0026874126723771224,22.33999999999999,-34.349999999999994,-16.4,1.26,0.0,357.9000000000001,-10.560000000000002,138.53,188.05,133.13,480.09,488.97,973.12,0.0,152.15,14.89,170.88,93.06,263.94,637.06,709.18,76.10000000000001,-3.04,-3.4099999999999966,17.949999999999996,-5.578851536772778,1.13,0.37,-0.17,0.05,-0.29,-14.982438490978675,-12.445518498268635,-20.547723710588667,-18.71476581009659,-17.386535447421178,-8.54,-8.47,2.81,2.03,12,2015,1.73480392156862,645.5294117647059,-109.74
2016-03-31,221.97,-35.88,-0.05999999999999999,0.0,-5.61,-35.64,-17.75,1.33,0.0,257.6,-39.76,177.06,128.77,158.25,500.42,472.79,978.46,0.0,197.5,14.56,214.5,90.44,304.94,637.06,673.53,44.24,-2.0,-3.72,17.89,-5.5425,1.26,0.45,-0.06,0.0,0.0,-14.68,-12.64,-21.32,-19.24,-18.68,-16.3,-16.16,2.33,1.6,3,2016,0.0,598.0000000000001,-35.88
2016-06-30,225.91,-29.770000000000003,-0.04534653465346535,0.0,-6.64,-30.900000000000006,-13.010000000000002,1.33,0.0,256.81999999999994,-37.52,151.8,148.21,189.29,503.64,455.8,963.94,0.0,217.86,14.54,235.6,84.65,320.25,637.06,643.69,-20.44,-1.0899999999999999,-3.72,17.89,-7.332423580786026,1.32,0.5,-0.1,0.0,0.0,-12.35239603960396,-11.626851485148515,-18.50138613861386,-16.66938613861386,-16.578693069306933,-14.79,-14.66,2.14,1.33,6,2016,0.0,656.5,-65.65
2016-09-30,350.4,30.190000000000005,0.05108291032148901,0.0,-5.440000000000001,24.42000000000001,42.13,1.22,0.0,325.98,-36.56999999999999,170.03,227.43,166.18,573.71,440.3,1025.53,0.0,253.11,14.36,271.94,80.0,351.94,637.06,673.6,21.999999999999996,-0.040000000000000036,-3.7299999999999995,17.71,5.969706856575024,1.15,0.52,-0.06,0.0,0.0,11.783124647490132,13.792385786802033,17.913073886068812,17.02763677382967,19.036897913141573,-4.48,-4.44,2.11,1.5,9,2016,0.0,591.0,-35.46
2016-12-31,410.35000000000014,26.740000000000002,0.0306651376146789,0.0,49.769999999999996,30.349999999999998,47.370000000000005,1.53,0.0,380.0000000000001,14.849999999999994,182.6,240.69,138.76,578.38,421.97,1010.0,0.0,212.67,14.82,231.38,79.13,310.52,637.06,699.49,19.97,-1.8500000000000005,-3.7200000000000006,17.020000000000003,12.473448017950636,1.39,0.44,-0.01,0.0,0.0,10.54880733944954,14.596605504587156,15.33256880733945,15.209908256880732,18.521743119266056,-0.78,-0.72,2.5,1.9,12,2016,0.0,872.0,-8.72
2017-03-31,248.69,-14.82,-0.02,0.0,18.88,-14.52,1.62,1.44,0.0,263.21,-14.54,176.55,200.64,199.84,587.31,406.94,1005.99,0.0,226.94,14.28,244.46,76.92,321.38,637.06,684.61,-2.21,-0.13,-3.7,16.14,-18.0,1.34,0.47,-0.02,0.0,0.0,-5.88,-5.84,-8.64,-8.72,-7.64,-5.98,-5.96,2.4,1.59,3,2017,0.0,741.0,-14.82
2017-06-30,319.93,15.09,0.0,,40.07000000000001,15.26,30.779999999999998,1.34,0.0,304.67,13.79,153.08,240.49,206.69,609.16,397.54,1011.34,0.0,217.75,14.4,235.12,76.41,311.53,637.06,699.81,-23.89,4.14,-3.74,15.52,0.0,1.22,0.45,0.0,0.0,0.0,6.706666666666666,15.648888888888887,8.942222222222222,8.942222222222222,22.355555555555554,0.05,0.05,2.59,1.71,6,2017,,inf,0.27
2017-09-30,305.62,2.84,0.0,,28.08,1.43,16.300000000000004,2.4,0.0,304.19000000000005,-3.9400000000000004,127.15,213.99,253.8,603.7,408.83,1018.26,0.0,221.97,14.25,240.41,75.13,315.54,637.06,702.73,-12.68,-9.46,-3.7800000000000002,14.870000000000001,0.0,2.18,0.45,0.0,0.0,0.0,1.1323472668810288,0.7670739549839228,1.6072025723472667,1.6437299035369775,1.0227652733118973,0.36,0.36,2.51,1.46,9,2017,,inf,3.11
