,revenue,net_profit,eps,dps,gross_profit,ebit,ebitda,close_price,expense,operating_profit,cash,account_receivable,inventory,current_asset,property_plant_equipment,total_asset,short_term_loan,account_payable,current_portion_long_term_debt,current_liability,non_current_liability,total_liability,paid_in_capital,total_equity,cash_flow_operation,cash_flow_investment,cash_flow_financing,depreciation,P/E,P/BV,D/E,EPS,DPS,DPR%,ROA%,ROAA%,ROE%,ROAE%,ROCE%,NPM%,NPMA%,CurrentRatio,QuickRatio,month,year,dividend,number_of_shares,return_old
2000-03-31,128.69,11.18,0.35,0.0,19.78,27.63,30.99,0.73,101.06,4.27,2.31,111.3,628.96,752.79,621.06,1420.21,161.06,5.44,132.97,618.6,216.61,835.21,320.0,585.0,29.47,8.46,-37.92,3.36,0.525,0.4,1.43,0.35,0.0,0.0,3.16,0.0,7.640000000000001,0.0,13.8,10.63,8.69,1.22,0.2,3,2000,0.0,31.942857142857143,11.18
2000-06-30,106.78999999999999,-54.7,-1.709375,0.0,11.129999999999999,-38.17,-34.739999999999995,0.69,144.96,-3.4299999999999997,2.37,114.81,535.54,657.59,24.68,1186.15,161.69,6.49,130.7,610.14,130.25,740.39,320.0,445.76,62.730000000000004,-5.720000000000001,-56.959999999999994,3.43,-0.10144058500914077,0.49,1.66,-1.36,0.0,0.0,-18.451194852941175,0.0,-49.069117647058825,0.0,-9.200459558823528,-24.67,-18.48,1.08,0.2,6,2000,0.0,32.0,-43.52
2000-09-30,57.54999999999998,8.0,0.25,0.0,7.900000000000002,22.57,25.88,0.53,34.97,-3.8499999999999996,2.56,82.67,0.0,611.34,24.3,1136.14,162.49,6.08,128.62,588.02,94.37,682.39,320.0,453.75,33.45,23.759999999999998,-57.02000000000001,3.3099999999999996,0.5328,0.38,1.5,-1.11,0.0,0.0,2.8198198198198194,-0.0,7.0540540540540535,-0.0,-1.9729729729729728,-17.13,-12.12,1.04,1.04,9,2000,0.0,32.0,-35.52
2000-12-31,51.63000000000005,15.080000000000002,0.4721722113502936,0.0,16.559999999999995,28.25,31.650000000000002,0.5,23.399999999999977,1.0099999999999998,2.56,38.08,0.0,866.26,23.89,1090.25,129.11,6.7,93.13,556.42,65.0,621.42,320.0,468.84,97.1,-26.76,-70.32999999999998,3.4000000000000004,0.2676989389920424,0.34,1.33,-0.64,0.0,0.0,5.518512720156556,-0.0,12.866692759295502,-0.0,-22.28062622309198,-8.47,-5.93,1.56,1.56,12,2000,0.0,31.9375,-20.44
2001-03-31,582.55,-3.14,-0.1,0.0,21.72,3.37,4.61,0.73,579.18,2.13,2.32,44.58,300.27,351.46,23.57,594.68,69.51,2.21,0.0,85.56,43.43,128.98,320.0,465.7,486.1,-0.23,-486.12,1.24,-1.835,0.5,0.28,-0.1,0.0,0.0,-2.12,1.32,-2.68,-2.4,2.64,-0.54,-0.54,4.11,0.6,3,2001,0.0,31.4,-3.14
2001-06-30,47.610000000000014,-10.32,-0.32202080237741454,0.0,11.160000000000004,-9.75,-8.84,0.76,57.370000000000005,1.4300000000000002,2.59,28.41,285.46,319.65,23.18,582.25,61.79,10.18,0.0,88.88,38.0,126.87,320.0,455.38,8.0,-0.009999999999999981,-7.71999999999997,0.9099999999999999,-0.5901792635658916,0.54,0.28,-0.42,0.0,0.0,-7.08445765230312,-2.2081426448737,-9.077919762258544,-9.169925705794947,-3.9562555720653787,-2.14,-2.14,3.6,0.38,6,2001,0.0,32.04761904761905,-13.46
2001-09-30,80.30000000000007,5.4,0.1674937965260546,0.0,57.10999999999999,6.57,7.53,0.44,73.71000000000004,6.27,2.14,58.26,311.91,374.66,23.62,569.22,63.73,0.07,0.0,71.66,36.78,108.45,320.0,460.78,-1.5400000000000205,-0.8400000000000001,1.9499999999999886,0.96,0.6567407407407407,0.31,0.24,-0.25,0.0,0.0,3.80545905707196,-0.05359801488833747,4.689826302729529,4.716625310173697,-0.10719602977667494,-1.14,-1.13,5.23,0.88,9,2001,0.0,32.24,-8.06
2001-12-31,74.67999999999995,-1.3899999999999988,-0.04412698412698409,0.0,-33.23,-0.52,1.2000000000000002,0.59,75.21000000000004,-6.13,2.14,35.5,311.75,352.68,26.51,652.7,48.1,6.21,8.68,110.93,82.39,193.31,320.0,459.38,55.94999999999999,-105.34,49.370000000000005,1.7200000000000002,-3.3312949640287797,0.41,0.42,-0.3,0.0,0.0,-0.8531216931216925,-0.023534391534391515,-1.212021164021163,-1.2002539682539672,-0.03530158730158727,-1.22,-1.2,3.18,0.37,12,2001,0.0,31.5,-9.45
2002-03-31,32.97,-7.58,-0.24,0.0,6.02,-5.58,-2.15,0.77,38.55,-5.72,1.36,40.26,326.12,370.22,26.07,669.97,93.37,12.72,12.97,127.42,90.74,218.16,320.0,451.81,-19.84,-25.19,45.27,3.43,-0.8025,0.55,0.48,-0.24,0.0,0.0,-4.52,-3.52,-6.72,-6.6,-4.12,-23.39,-22.99,2.91,0.35,3,2002,0.0,31.583333333333336,-7.58
2002-06-30,104.12,10.83,0.3332307692307692,0.0,14.71,13.49,15.9,1.13,90.63000000000001,2.1599999999999997,1.08,64.45,336.66,411.44,25.99,691.14,87.36,24.06,16.94,147.2,81.3,228.5,320.0,462.64,10.12,-3.009999999999998,-7.400000000000006,2.4099999999999997,0.8462603878116343,0.78,0.49,0.1,0.0,0.0,6.264738461538462,16.528246153846155,9.330461538461538,9.463753846153846,19.327384615384613,2.61,2.37,2.8,0.51,6,2002,0.0,32.5,3.25
2002-09-30,70.99000000000001,-8.4,-0.11417475728155341,0.0,7.41,-5.07,-1.6899999999999995,0.6,76.06,-5.459999999999999,6.6,14.64,309.37,333.87,585.15,954.81,63.22,10.72,11.63,95.03,250.65,345.67,474.9,609.13,54.56,-337.8,288.78,3.380000000000001,-1.3227529761904764,0.47,0.57,-0.07,0.0,0.0,-3.523106796116505,2.4139805825242715,-5.545631067961165,-6.263300970873786,2.1530097087378643,-2.64,-2.48,3.51,0.26,9,2002,0.0,73.57142857142857,-5.15
2002-12-31,185.54,15.290000000000001,0.19602564102564105,0.0,41.67999999999999,20.27,26.08,0.65,165.27999999999997,19.78,4.0,114.79,146.03,268.28,33.09,971.59,62.92,0.91,18.06,101.64,245.52,347.16,474.9,624.43,56.08,-60.26999999999998,2.57000000000005,5.809999999999999,0.8322890778286461,0.5,0.56,0.13,0.0,0.0,6.272820512820513,17.189940828402367,9.77112426035503,11.279013806706114,16.043944773175543,2.67,2.58,2.64,1.2,12,2002,0.0,78.0,10.14
2003-03-31,161.36,19.27,0.2,0.0,50.42,24.9,32.0,0.6,136.47,30.51,50.84,131.45,60.96,264.57,14.68,984.1,60.0,1.91,20.58,100.87,239.52,340.4,474.9,643.7,93.41,-40.07,-6.5,7.1,0.755,0.45,0.53,0.2,0.0,0.0,7.84,12.04,11.959999999999999,14.08,11.28,12.1,11.94,2.62,2.02,3,2003,0.0,96.35,19.27
2003-06-30,37.00999999999999,-23.22,-0.2351392405063291,0.1,-5.240000000000002,-21.08,-11.73,0.82,58.09,-25.64,18.56,62.79,69.96,177.9,19.02,921.07,46.14,7.49,12.12,85.28,216.41,301.7,474.9,610.98,57.55000000000001,-45.49999999999999,-44.33,9.35,-0.8718238587424635,0.64,0.49,-0.04,0.1,-2.5,-10.110987341772152,11.051544303797467,-15.284050632911391,-17.400303797468354,10.816405063291139,-2.18,-1.99,2.09,1.27,6,2003,9.875,98.75,-3.95
2003-09-30,94.37,-18.19,-0.18896567299006325,-0.002585817524841916,36.089999999999996,-16.4,-6.1,1.52,110.75999999999999,15.829999999999998,61.15,56.59,0.0,178.16,22.1,1066.79,69.31,7.2,16.42,107.14,329.48,436.62,474.9,592.79,27.42999999999998,-159.92000000000002,175.09,10.3,-2.0113441451346894,1.22,0.74,-0.23,0.1,-0.43,-6.835627822944897,-4.075085817524842,-12.258121047877145,-12.093803071364048,-4.30513098464318,-7.71,-7.56,1.66,1.66,9,2003,-0.24891304347826093,96.26086956521739,-22.14
2003-12-31,45.860000000000014,-27.28,-0.28704168352893566,-0.0012862245526366813,3.730000000000004,-24.71,-12.62,1.26,70.57999999999998,-16.29,16.2,9.34,1.08,465.01,171.28,1136.35,66.08,19.99,29.42,142.79,361.72,504.51,474.9,598.02,33.660000000000025,-154.15999999999997,75.55,12.090000000000003,-1.096008064516129,1.0,0.84,-0.52,0.1,-0.19,-9.60485633346823,-7.816365843787941,-18.238186968838527,-17.862824767300687,-8.280048563334683,-15.05,-14.6,3.26,3.25,12,2003,-0.12224080267558612,95.03846153846153,-49.42
2004-03-31,169.78,2.25,0.02,0.0,56.76,6.54,16.31,0.89,163.24,7.1,5.18,85.37,327.62,483.07,20.97,1341.42,67.45,16.14,37.43,158.08,413.75,571.83,637.6,738.28,-29.01,-176.48,194.48,9.77,11.1,0.77,0.77,0.02,0.0,0.0,0.68,2.24,1.2,1.32,2.2,1.33,1.33,3.06,0.98,3,2004,0.0,112.5,2.25
2004-06-30,193.67999999999998,14.3,0.025921450151057398,0.0,70.85,28.39,40.84,0.73,165.28999999999996,27.42,2.58,147.72,394.74,561.96,44.05,1759.88,63.81,48.84,71.96,227.26,744.78,972.04,637.6,752.58,-18.749999999999996,-347.61,363.74,12.45,7.039536713286712,0.62,1.29,0.03,0.0,0.0,3.2488217522658607,9.020664652567975,7.603625377643505,8.398549848942599,7.880120845921449,4.58,4.55,2.47,0.74,6,2004,0.0,551.6666666666667,16.55
2004-09-30,116.54000000000002,2.0199999999999996,0.003263327948303715,0.0,51.17,12.719999999999999,27.050000000000004,0.77,103.82000000000005,11.369999999999997,4.98,136.29,400.72,553.09,22.63,1804.72,81.62,76.94,211.05,395.47,622.29,1017.76,637.6,754.59,30.979999999999997,-62.10000000000002,33.52999999999997,14.329999999999998,58.99652227722774,0.65,1.35,0.03,0.0,0.0,0.4481637049003768,1.4445665051157779,1.0703715670436185,1.200904684975767,1.4706731287022075,3.9,3.87,1.4,0.39,9,2004,0.0,619.0,18.57
2004-12-31,196.53999999999996,25.93,0.040788764044943825,0.0,80.73999999999998,42.54,60.519999999999996,0.68,154.0,95.85000000000001,4.37,82.31,346.34,442.31,20.77,1688.07,61.2,61.85,98.24,241.39,636.35,877.74,637.6,780.52,120.04,1.3900000000001,-122.02999999999997,17.980000000000004,4.165975703817971,0.56,1.12,0.07,0.0,0.0,6.153276404494382,14.893725842696627,13.285483146067415,15.056880898876404,14.520800000000001,6.63,6.58,1.83,0.4,12,2004,0.0,635.7142857142857,44.5
2005-03-31,165.04,1.95,0.0,,62.22,12.62,29.63,1.17,152.43,30.08,4.52,64.66,287.95,366.17,19.58,1571.3,68.57,19.71,99.96,205.0,556.15,761.14,637.6,782.47,104.33,-33.44,-70.74,17.01,0.0,0.95,0.97,0.0,0.0,0.0,0.48,3.48,1.0,1.04,3.68,1.19,1.18,1.79,0.38,3,2005,,inf,1.95
2005-06-30,502.46000000000004,48.18,0.07688809096349492,,219.19000000000003,94.11999999999999,111.27000000000001,1.1,408.33,169.45999999999998,2.2,45.73,272.34,333.01,158.73,1388.8,81.1,7.98,76.3,226.7,304.68,531.37,637.6,830.66,412.12000000000006,-168.17000000000002,-246.26999999999998,17.149999999999995,3.576626712328767,0.84,0.64,0.08,0.0,0.0,13.878300418910829,26.065062836624772,23.181759425493716,24.33508078994614,35.330077797725906,7.56,7.51,1.47,0.27,6,2005,,626.625,50.13
2005-09-30,102.67999999999995,1.4099999999999966,0.0021885913853317757,0.030000000000000002,38.14999999999998,4.38000000000001,20.370000000000005,0.94,98.29999999999995,13.159999999999997,4.89,10.56,0.67,248.61,153.7,1305.46,90.61,8.36,75.43,192.26,275.44,467.7,637.6,812.96,37.69999999999993,6.820000000000022,-41.829999999999984,15.990000000000002,107.37500000000027,0.74,0.58,0.08,0.03,0.38,0.43224679860302573,0.78242142025611,0.693783469150173,0.7200465657741543,1.0921071012805563,6.75,6.69,1.29,1.29,9,2005,19.3275,644.25,51.54
2005-12-31,123.88,-10.380000000000003,-0.015131195335276971,0.0018258017492711338,46.74000000000001,-4.960000000000008,11.129999999999995,0.83,128.84000000000003,7.360000000000014,3.99,51.97,132.83,198.19,149.01,1278.38,96.21,1.83,73.7,191.11,260.34,451.45,637.6,802.57,11.629999999999995,0.5900000000000034,-13.120000000000005,16.089999999999996,-13.710086705202308,0.66,0.56,0.06,0.03,0.5,-3.248163265306124,-7.222623906705541,-5.174868804664724,-5.2454810495626845,-9.845364431486884,4.65,4.6,1.04,0.34,12,2005,1.2524999999999977,686.0,41.16
2006-03-31,123.69,42.92,0.07,0.0,30.78,47.79,63.89,0.91,75.9,6.18,5.63,8.08,271.78,306.37,144.44,1327.98,123.9,15.61,52.82,213.13,245.69,458.82,637.6,845.49,31.41,-18.92,-10.85,16.1,3.25,0.69,0.54,0.07,0.0,0.0,12.92,13.2,20.32,21.08,17.16,65.97,34.7,1.44,0.16,3,2006,0.0,613.1428571428571,42.92
2006-06-30,50.94,-14.860000000000003,-0.021183178902352107,0.02,25.909999999999997,-10.130000000000003,6.209999999999994,0.78,61.079999999999984,5.49,2.87,9.0,238.04,269.2,140.39,1338.18,143.04,29.86,45.78,257.19,239.99,497.18,637.6,817.92,-1.2300000000000004,7.510000000000002,-9.040000000000001,16.339999999999996,-9.205417227456255,0.61,0.61,0.04,0.02,0.5,-4.448467569493943,-5.846557377049181,-7.265830363506773,-7.202280826799717,-7.371746258018534,24.5,16.07,1.05,0.12,6,2006,14.030000000000001,701.5,28.06
2006-09-30,110.22000000000003,11.3,0.017225609756097562,-0.0013871951219512197,51.47,15.560000000000002,32.28,0.78,94.66,31.369999999999997,3.24,30.66,197.68,244.98,139.71,1348.08,141.49,11.25,39.83,267.03,229.59,496.62,637.6,829.22,12.54,9.14,-21.310000000000002,16.72,11.320353982300885,0.6,0.6,0.06,0.02,0.33,3.3532520325203254,4.604979674796748,5.454776422764228,5.500711382113821,5.65,17.64,13.82,0.92,0.18,9,2006,-0.9100000000000001,656.0,39.36
2006-12-31,126.83999999999997,26.14,0.03990839694656489,-3.0534351145040226e-05,41.41,34.120000000000005,49.30000000000001,0.96,92.72000000000003,-58.53,27.19,33.58,180.64,251.59,138.55,1284.37,22.72,115.24,82.19,241.99,165.96,407.95,637.6,855.35,24.340000000000003,139.82000000000002,-140.21999999999997,15.180000000000007,6.013771996939556,0.72,0.48,0.1,0.02,0.2,8.141312977099236,10.8870106870229,12.22793282442748,12.611053435114504,13.377294656488552,21.21,15.91,1.04,0.29,12,2006,-0.02000000000000135,655.0,65.5
2007-03-31,45.9,-13.94,-0.02,0.0,25.98,-10.62,2.8,0.99,56.52,-11.93,3.97,8.05,194.79,221.52,134.38,1295.78,127.77,26.34,40.16,222.27,210.89,433.16,637.6,841.42,8.79,-147.48,115.47,13.42,-12.375,0.75,0.51,-0.02,0.0,0.0,-4.32,-3.24,-6.64,-6.6,-3.9599999999999995,-31.26,-30.37,1.0,0.12,3,2007,0.0,697.0,-13.94
2007-06-30,436.47,92.17,0.1413831011121053,0.07,193.12,130.55,144.14,1.02,305.92,127.65,42.59,9.34,593.06,714.78,393.29,1266.48,23.95,20.48,60.2,177.38,179.41,356.8,637.6,888.95,205.78,-21.76000000000002,-145.4,13.590000000000002,1.8036101768471304,0.73,0.4,0.12,0.07,0.58,29.124918829093698,43.40461204141634,41.472376326217564,43.21610123993353,51.88759810814265,16.36,16.22,4.03,0.69,6,2007,45.63416666666668,651.9166666666667,78.23
2007-09-30,40.17999999999995,-15.050000000000004,-0.02382082937638494,-0.0022288171362245656,19.289999999999992,-18.180000000000007,-9.439999999999998,1.05,58.35000000000002,-18.310000000000002,6.28,7.66,627.18,745.07,387.97,1441.57,54.62,23.07,117.29,260.84,287.47,548.3,637.6,873.9,-51.079999999999984,-179.68,194.46,8.739999999999998,-11.019767441860461,0.77,0.63,0.1,0.07,0.7,-4.173409306742641,-6.946153846153848,-6.888983855650525,-7.0700221589110495,-8.213421968977526,12.19,12.09,2.86,0.45,9,2007,-1.4081666666666806,631.8,63.18
2007-12-31,40.360000000000014,-18.0,-0.027888446215139445,0.0014780876494023916,17.100000000000023,-23.569999999999993,-14.980000000000004,1.02,63.94,-27.209999999999994,5.33,5.83,688.39,764.89,9.88,1489.39,42.05,53.58,222.12,410.06,206.47,616.53,637.6,855.91,-33.0,18.920000000000016,13.120000000000005,8.590000000000003,-9.142675,0.76,0.72,0.07,0.07,1.0,-4.828685258964143,-8.98804780876494,-8.414342629482071,-8.414342629482071,-11.53784860557769,8.14,8.03,1.87,0.19,12,2007,0.9540000000000006,645.4285714285713,45.18
2008-03-31,41.92,-22.42,-0.04,0.0,19.37,-21.63,-13.27,1.05,63.55,-24.07,75.64,7.66,912.38,1037.31,9.0,1667.93,39.32,120.98,401.64,682.32,136.68,819.0,637.6,833.49,-50.73,13.38,107.66,8.36,-6.562500000000001,0.8,0.98,-0.04,0.0,0.0,-5.36,-5.84,-10.76,-10.72,-8.76,-56.79,-53.48,1.52,0.18,3,2008,0.0,560.5,-22.42
2008-06-30,222.20999999999998,77.09,0.12690872507773918,0.05,72.00999999999999,85.07,102.92,0.98,137.14,39.54,12.42,11.61,950.86,1072.57,9.22,2634.77,55.29,13.86,511.1,973.91,654.57,1628.48,637.6,878.7,56.79,-409.94,289.94000000000005,17.85,1.9307183162537294,0.71,1.85,0.09,0.05,0.56,11.675602707152002,18.331260289006767,35.083211999268336,34.914000365831356,21.546281324309493,28.83,20.7,1.1,0.12,6,2008,30.372222222222224,607.4444444444445,54.67
2008-09-30,178.81,12.819999999999993,0.020894947399614748,0.0004971929997859721,89.41,31.760000000000005,55.06,0.74,147.05,1.929999999999998,16.89,11.95,1010.78,1187.91,10.15,2722.06,54.54,128.09,370.24,734.49,972.58,1707.07,637.6,891.51,-582.65,450.75,136.36,23.299999999999997,8.857404446177851,0.53,1.91,0.11,0.05,0.45,1.8843443473107118,3.472360349681433,5.751809156912133,5.8125944584382845,3.6395199288783506,18.5,15.24,1.62,0.24,9,2008,0.30505050505050235,613.5454545454545,67.49
2008-12-31,154.14000000000004,-12.249999999999993,-0.01995836350470672,1.8925679678766955e-05,3.460000000000008,5.310000000000002,28.789999999999992,0.58,148.83999999999997,2.520000000000003,23.97,13.75,1072.37,1301.98,9.88,2806.99,48.66,148.7,396.32,795.49,1015.93,1811.43,637.6,879.27,-81.65999999999997,25.590000000000003,63.139999999999986,23.479999999999997,-7.26011428571429,0.42,2.06,0.09,0.05,0.56,-1.7474656046343218,-4.151339608978998,-5.570601013758143,-5.65043446777697,-4.435191889934827,10.7,9.25,1.64,0.29,12,2008,0.01161616161616763,613.7777777777778,55.24
2009-03-31,179.68,7.12,0.01,0.0,60.41,26.45,49.35,0.54,153.23,20.92,21.62,17.04,1122.47,1402.96,1180.07,2875.28,66.24,130.93,404.62,805.58,1071.95,1877.53,637.6,886.38,-72.03,-0.9,70.57,22.9,13.5,0.39,2.12,0.01,0.0,0.0,1.0,4.64,3.2,3.32,5.12,4.09,3.96,1.74,0.35,3,2009,0.0,712.0,7.12
2009-06-30,274.54,14.34,0.02004659832246039,0.02,92.47,40.06999999999999,63.29,0.68,234.47,37.82,14.73,20.82,0.0,1638.64,9.61,2983.11,48.56,11.07,602.64,1068.92,919.82,1988.74,637.6,887.98,-160.65,111.87,49.80000000000001,23.22,8.481488842398885,0.49,2.24,0.03,0.02,0.67,1.9244734389561975,6.334725069897484,6.468369058713885,6.495097856477167,9.30162162162162,4.81,4.72,1.53,1.53,6,2009,14.306666666666668,715.3333333333334,21.46
2009-09-30,372.90999999999997,66.72,0.10592878203674302,-0.0027141453088379845,106.82,95.17999999999999,115.17,0.82,277.74000000000007,57.98,10.66,19.72,0.0,1655.2,10.58,2991.56,54.0,17.84,571.55,942.94,992.2,1935.14,637.6,954.7,-45.420000000000016,-6.539999999999992,40.0,19.990000000000002,1.9362065347721826,0.55,2.03,0.14,0.02,0.14,8.928283057382627,17.130197323656155,27.965198457700154,28.90342481288274,23.879374007711498,11.27,10.66,1.76,1.76,9,2009,-1.7095238095238106,629.8571428571429,88.18
2009-12-31,152.64,-38.85000000000001,-0.0630042570443949,-0.00042917957777070066,20.150000000000034,-35.86999999999999,-15.699999999999989,1.0,188.5,-6.1200000000000045,24.31,13.78,0.0,1623.05,11.77,3002.42,11.86,10.23,752.76,975.47,1018.43,1993.9,637.6,915.85,-103.00999999999999,-27.010000000000005,143.65999999999997,20.17,-3.967985842985842,0.7,2.18,0.08,0.02,0.25,-5.1663490776403815,-13.640421650111497,-16.979647273464426,-17.3261706872086,-19.562821812284618,5.32,5.03,1.66,1.66,12,2009,-0.2646428571428583,616.625,49.33
2010-03-31,112.32,-0.72,0.0,,32.24,18.54,38.46,0.98,93.78,8.22,34.77,17.67,0.0,1409.71,11.0,2745.52,32.47,14.47,496.99,763.68,999.58,1763.26,637.6,893.14,276.7,0.54,-266.77,19.92,0.0,0.7,1.97,0.0,0.0,0.0,-0.12,2.64,-0.32,-0.32,3.76,-0.76,-0.64,1.85,1.85,3,2010,,-inf,-0.72
2010-06-30,91.98000000000002,-5.890000000000001,-0.008910741301059002,,38.63,14.740000000000002,34.87,0.87,77.24000000000001,16.409999999999997,21.72,15.8,944.18,1219.06,1065.62,2554.07,56.48,14.19,308.91,614.31,975.17,1589.48,701.36,877.69,157.24,-14.0,-156.29000000000002,20.129999999999995,-24.40874363327674,0.7,1.81,-0.01,0.02,-1.5,-0.9267170953101364,4.277155824508321,-2.673222390317701,-2.673222390317701,6.130590015128593,-3.3,-3.24,1.98,0.45,6,2010,,661.0,-6.61
2010-09-30,73.71999999999997,-19.48,-0.029865848984285168,-0.0002683020314296676,28.33,-0.9399999999999977,19.540000000000006,0.9,74.66999999999999,4.880000000000003,21.63,13.02,912.92,1162.44,1089.74,2533.4,28.49,14.78,392.28,606.77,1008.88,1615.64,701.36,834.5,-38.379999999999995,-35.1,73.38,20.480000000000004,-7.533688398357289,0.76,1.94,-0.04,0.02,-0.38,-3.0761824453813724,3.494304331161364,-9.348010732081258,-8.72082790341127,5.017462629359907,-9.58,-9.38,1.92,0.41,9,2010,-0.1750000000000007,652.25,-26.09
2010-12-31,92.40000000000003,-20.080000000000002,-0.030444011262724717,0.00022200563136235774,42.80999999999999,-1.1900000000000048,19.33999999999999,0.84,93.57999999999998,6.120000000000001,18.3,11.61,989.6,1174.62,1071.6,2515.12,16.71,11.96,445.6,786.9,832.96,1619.85,701.36,814.41,160.09999999999997,21.89,-185.31,20.53,-6.897908366533864,0.72,1.99,-0.07,0.02,-0.21,-3.2009703270521985,1.9658132986787957,-9.863859649122807,-9.289772579597141,3.131384015594542,-12.69,-12.46,1.49,0.24,12,2010,0.14642857142857224,659.5714285714286,-46.17
2011-03-31,121.08,-3.68,-0.01,0.0,45.88,15.84,36.0,0.79,105.24,18.16,32.27,12.46,1148.03,1337.56,9.58,2631.82,44.21,15.5,399.86,942.45,836.7,1779.16,701.36,771.86,34.56,2.66,-23.25,20.16,-19.75,0.72,2.31,-0.01,0.0,0.0,-0.56,2.36,-1.92,-1.76,3.76,-3.19,-3.04,1.42,0.2,3,2011,0.0,368.0,-3.68
2011-06-30,168.38,7.140000000000001,0.0,,61.13,24.040000000000003,44.870000000000005,0.79,144.34000000000003,28.999999999999996,18.34,14.35,1098.78,1329.78,14.83,2654.64,46.22,17.02,151.79,723.28,1073.2,1796.48,701.36,779.01,14.169999999999995,-2.98,-25.119999999999997,20.830000000000002,0.0,0.71,2.31,0.0,0.0,0.0,1.073063583815029,12.629132947976881,3.6319075144508672,3.466820809248555,17.003930635838152,1.23,1.2,1.84,0.32,6,2011,,inf,3.46
2011-09-30,477.15000000000003,113.12,0.16495453765654486,,193.0,150.44,171.47,0.88,326.7099999999999,157.86,23.17,14.17,0.0,1158.79,12.28,2464.02,37.08,30.72,415.85,689.65,803.56,1493.21,701.36,892.13,32.43,0.010000000000000009,-27.610000000000007,21.03,1.3346101485148512,0.69,1.67,0.17,0.0,0.0,18.3584697203637,29.57537828100875,50.72837193343627,52.3973237261966,41.646169154228865,15.4,15.21,1.68,1.68,9,2011,,685.7647058823529,116.58
2011-12-31,377.08000000000004,31.14999999999999,0.044280105598050484,0.0,132.23000000000002,65.67000000000002,86.64000000000001,1.43,311.4100000000001,46.119999999999976,12.98,264.1,0.0,1105.7,18.1,2433.46,51.13,256.25,208.94,547.04,883.61,1430.65,701.36,923.16,135.24,-6.390000000000001,-139.04000000000002,20.96999999999999,8.074167736757625,1.09,1.55,0.21,0.0,0.0,5.119623637717457,8.729506532187095,13.494889325120148,14.338319907940159,11.445353008867526,13.05,12.92,2.02,2.02,12,2011,0.0,703.4761904761905,147.73
2012-03-31,219.06,28.08,0.04,0.0,82.06,56.48,76.31,1.89,162.58,38.48,42.68,8.86,1666.68,1793.95,17.12,3034.0,38.08,632.4,408.98,1128.6,873.58,2002.18,701.36,951.24,-242.55,90.85,181.9,19.83,11.8125,1.39,2.1,0.04,0.0,0.0,3.7199999999999998,7.96,11.8,13.04,11.84,13.97,12.82,1.59,0.11,3,2012,0.0,701.9999999999999,28.08
2012-06-30,194.55,25.200000000000003,0.03310810810810811,0.01,90.63,50.89000000000001,70.4,1.98,143.66,48.77,28.7,11.89,2019.7,2082.36,16.42,3369.09,79.89,874.29,529.65,1573.12,744.5,2317.61,757.46,969.43,1.8200000000000216,-63.83,48.03,19.510000000000005,14.95328571428571,1.55,2.39,0.07,0.01,0.14,2.9891891891891897,6.735135135135136,10.405405405405405,11.521621621621623,11.313513513513517,13.54,12.88,1.32,0.04,6,2012,7.611428571428571,761.1428571428571,53.28
2012-09-30,188.98000000000002,19.659999999999997,0.02695366054291198,-0.0004351913510125742,82.36000000000001,46.650000000000006,66.9,3.26,142.32999999999998,41.50999999999999,112.06,13.24,2060.9,2216.55,19.23,3488.88,204.0,695.47,728.11,1634.02,750.57,2384.58,757.46,1021.15,-288.0799999999999,66.19,305.24999999999994,20.25,30.237080366225847,2.42,2.34,0.1,0.01,0.1,2.2533260213874415,5.574017000274197,7.69796545105566,8.215475733479572,8.948615300246777,12.63,12.1,1.36,0.1,9,2012,-0.3174285714285716,729.4,72.94
2012-12-31,747.7099999999999,449.35999999999996,0.5850369519433276,0.0005036951943327593,113.83999999999997,600.98,621.26,4.12,146.72999999999996,44.81,385.12,18.16,1989.41,2442.79,18.74,3664.35,484.0,544.06,324.7,1537.84,494.81,2032.65,789.53,1549.19,-160.93000000000006,661.9699999999999,-227.97999999999996,20.28,1.7609144116076196,2.1,1.31,0.68,0.01,0.01,49.03986214819069,85.20891135362818,116.0093861765269,145.3988895270917,122.16948114110666,67.93,38.68,1.59,0.29,12,2012,0.3868823529411767,768.0882352941176,522.3
2013-03-31,94.67,4.09,0.0,,25.33,26.63,44.2,15.4,68.04,-6.81,100.07,24.63,2138.68,2306.69,17.52,3690.89,528.91,407.62,446.44,1557.36,486.41,2043.77,857.71,1553.38,-255.32,-173.77,144.04,17.57,0.0,8.5,1.32,0.0,0.0,0.0,0.44,3.1599999999999997,1.04,1.32,5.0,6.68,4.32,1.48,0.11,3,2013,,inf,4.09
2013-06-30,74.19000000000001,-30.48,-0.02309965896172793,,23.380000000000003,-13.19,5.239999999999995,10.2,87.39,-24.59,70.3,21.96,4541.76,4694.33,63.24,5814.33,1007.0,520.11,1888.36,3617.38,763.45,4380.83,1083.35,1339.33,-487.64000000000004,-60.829999999999984,434.30000000000007,18.43,-110.39124015748031,8.25,3.27,-0.02,0.1,-5.0,-2.0789693065555137,1.3397802197802198,-9.101265630920803,-10.579643804471392,2.818158393330807,-21.28,-15.63,1.3,0.04,6,2013,,1319.5,-26.39
2013-09-30,69.07,-33.24,-0.027871876572195208,-0.010640617139024004,25.949999999999996,-12.35,5.630000000000003,8.65,81.41,-17.86,715.78,19.9,4757.05,5587.35,61.74,6789.65,1913.7,497.64,2056.68,4522.18,863.02,5385.2,1083.41,1308.35,-284.74,-154.35999999999999,1168.98,17.979999999999997,-77.58716907340553,7.16,4.12,-0.05,0.1,-2.0,-1.9621801106825425,0.04459500251551232,-10.167660573536809,-11.416320643971154,0.11148750628878082,-31.79,-25.06,1.24,0.18,9,2013,-12.690000000000026,1192.6,-59.63
2013-12-31,707.49,209.17,0.18183830413267354,-0.0036766082653470634,248.48,308.07000000000005,325.94,6.1,399.41999999999996,161.49,1268.66,20.44,4824.25,6605.83,60.7,7683.0,2560.2,585.5,2302.73,5506.28,548.62,6054.91,1083.5,1530.72,-534.54,332.58,736.0600000000002,17.869999999999997,8.386021896065401,4.32,3.96,0.13,0.1,0.77,10.910298247960412,30.492884846863713,54.66339173465293,54.32769025010032,79.44935134412198,19.98,15.82,1.2,0.32,12,2013,-4.229230769230767,1150.3076923076922,149.54
2014-03-31,225.85,-52.29,-0.05,0.22,58.8,0.0,16.93,6.75,225.85,-4.16,757.47,16.0,4795.64,6087.69,80.62,7228.0,2555.2,583.24,2195.28,5410.41,535.85,5946.26,1083.5,1176.99,-131.16,-1.67,-378.36,16.93,-33.75,6.21,5.05,-0.05,0.22,-4.4,-2.88,0.0,-17.76,-15.32,0.0,-23.59,-23.15,1.13,0.24,3,2014,230.076,1045.8,-52.29
2014-06-30,389.35,-31.910000000000004,-0.030318289786223283,0.05140047505938244,98.81000000000002,36.98,55.98,7.7,352.37,17.740000000000002,805.39,26.42,4763.5,6197.2,82.88,7659.98,3308.5,545.15,1952.53,5813.94,601.72,6415.66,1083.5,1136.59,-79.38,-388.01,514.78,19.0,-63.4930272641805,7.34,5.64,-0.08,0.27,-3.38,-1.6675059382422805,0.8337529691211403,-11.232926365795727,-10.308218527315914,3.031828978622328,-14.23,-13.69,1.07,0.25,6,2014,54.09900000000002,1052.5,-84.2
2014-09-30,471.6099999999999,-24.53,-0.02256047089119838,0.008641589257794551,104.70999999999998,55.89000000000001,77.07,6.6,415.72,13.51,644.34,401.31,4927.58,6247.74,87.06,7755.1,1841.0,416.26,1572.48,3840.48,2689.84,6530.33,1083.5,1115.76,-295.95000000000005,-100.88999999999999,237.62000000000003,21.18,-73.13677130044843,6.41,5.85,-0.1,0.27,-2.7,-1.2633863699071093,1.155096109629357,-8.78955945921089,-8.09469695576198,2.138732640485607,-10.65,-10.0,1.63,0.34,9,2014,9.396000000000015,1087.3,-108.73
2014-12-31,378.33000000000015,-60.42,-0.05357966302098729,0.009665090156665682,92.34000000000003,-1.7800000000000011,18.939999999999998,3.94,380.0999999999999,10.059999999999999,157.88,30.51,5202.86,5943.37,90.68,7409.3,1548.0,331.77,528.0,2422.46,2817.81,5240.27,1283.5,2060.25,-286.28999999999996,7.420000000000016,-206.72000000000003,20.72,-18.386173866269445,2.45,2.54,-0.15,0.27,-1.8,-3.2576435116760267,1.7288371268105232,-11.730374224061485,-13.459211350872007,2.6146875554241795,-12.21,-11.54,2.45,0.31,12,2014,10.899000000000001,1127.6666666666667,-169.15
2015-03-31,244.55,-58.88,-0.05,0.0,65.5,-0.34,20.38,4.34,244.89,-3.42,738.3,18.29,5722.81,7485.75,87.93,9008.02,1622.0,243.34,545.42,2423.26,4476.63,6899.89,1283.5,1997.93,-749.22,-470.67,1786.89,20.72,-21.7,2.79,3.45,-0.05,0.0,0.0,-2.6,-0.0,-11.8,-14.84,-0.04,-25.86,-24.08,3.09,0.73,3,2015,0.0,1177.6,-58.88
2015-06-30,290.78000000000003,-34.809999999999995,-0.02600811185825595,0.0,59.989999999999995,43.11000000000001,69.98,4.0,247.67000000000002,-13.6,330.62,23.11,5964.53,7058.43,85.57,9434.2,1651.84,238.99,648.06,2551.8,4803.98,7355.77,1283.5,1967.24,-274.3399999999999,-567.6699999999998,454.9599999999998,26.870000000000005,-38.447619936799775,2.61,3.74,-0.07,0.0,0.0,-1.4713160422670508,0.7430889102358843,-7.074206425445618,-8.976514035649481,0.9214302486924963,-19.7,-17.5,2.77,0.43,6,2015,0.0,1338.4285714285713,-93.69
2015-09-30,199.28999999999996,-42.30000000000001,-0.03421575115817341,0.0,55.97000000000001,37.77,64.99,3.0,161.52000000000004,-20.41,279.39,24.62,6320.47,7464.68,84.61,9868.09,2148.0,258.78,2678.04,5099.26,2731.08,7830.34,1283.5,1925.55,-449.69000000000005,-68.3900000000001,474.9300000000003,27.22,-21.91753723404255,2.0,4.07,-0.11,0.0,0.0,-1.7170086035737924,1.1322303110522836,-8.78411647915288,-11.123229649238915,2.1027134348113834,-22.05,-18.51,1.46,0.22,9,2015,0.0,1236.2727272727273,-135.99
2015-12-31,139.82000000000005,-142.14,-0.12776399525401788,0.0,49.109999999999985,-50.89000000000001,-22.599999999999994,2.22,190.70999999999992,9.32,304.16,21.62,6461.08,7292.47,82.33,9657.97,2191.5,256.62,2768.68,5236.71,2519.14,7755.85,1283.5,1789.78,-312.3399999999999,394.69000000000005,-63.940000000000055,28.289999999999992,-4.343946813001267,1.59,4.33,-0.25,0.0,0.0,-5.887364901305144,0.7154783734225002,-31.767239779959006,-29.539035702728935,1.3696300291230719,-35.83,-31.81,1.39,0.16,12,2015,0.0,1112.52,-278.13
2016-03-31,276.36,-56.7,-0.04,0.0,72.34,21.13,53.03,2.5,255.23,2.86,105.09,49.74,5673.38,6514.63,80.19,9672.96,2295.97,291.89,3911.61,6522.75,1328.55,7851.3,1283.5,1707.77,-215.21,-42.24,60.43,31.9,-15.625,1.88,4.6,-0.04,0.0,0.0,-2.36,0.92,-13.28,-12.24,2.68,-23.98,-20.52,1.0,0.13,3,2016,0.0,1417.5,-56.7
2016-06-30,229.5,-85.23,-0.0660558021559924,0.0,71.6,9.84,34.3,3.92,219.67,-1.5699999999999998,137.99,10.95,6503.12,7307.28,82.51,9568.2,2382.8,210.41,3870.84,6487.7,1380.03,7867.74,1283.5,1585.58,-152.15,70.0,115.54999999999998,24.46,-14.837455121436115,3.17,4.96,-0.11,0.0,0.0,-3.5550031705770446,0.7926696258719087,-21.498161065313887,-19.192213062777427,2.4260494610019023,-31.22,-28.06,1.13,0.12,6,2016,0.0,1290.2727272727273,-141.93
2016-09-30,223.14,-94.60999999999999,-0.07199543417603788,0.0,-168.72,21.08,48.94000000000001,2.88,202.06000000000006,-254.59,174.51,37.87,6568.32,7582.02,79.72,9597.24,2418.22,283.55,2123.22,4844.65,3186.25,8030.9,1283.5,1450.02,-136.14999999999998,140.32000000000002,44.01000000000002,27.86,-10.000634182433148,2.55,5.54,-0.18,0.0,0.0,-3.9357504016234035,0.8479462247400016,-26.094345142470612,-22.414578506806457,1.7598883909698146,-55.83,-32.45,1.57,0.21,9,2016,0.0,1314.111111111111,-236.54
2016-12-31,257.25,-86.35,-0.06685713400848586,0.0,316.22,10.770000000000003,38.619999999999976,2.26,246.4699999999999,260.84000000000003,265.41,52.42,6619.45,7589.59,77.06,9680.54,1977.45,287.08,3013.52,5299.88,2220.08,7519.95,1630.92,2043.85,-192.96000000000004,112.10999999999999,164.01999999999998,27.849999999999994,-8.450855819339894,1.8,3.68,-0.25,0.0,0.0,-3.5728452414134844,0.695314193688253,-16.901483477345227,-18.02468332868779,1.5296912261141564,-36.83,-32.74,1.43,0.18,12,2016,0.0,1291.56,-322.89
2017-03-31,206.64,-112.52,-0.07,0.0,58.85,-9.03,18.79,1.99,215.67,-10.32,251.33,13.8,6598.03,7520.86,73.84,9588.33,1744.65,334.02,2372.72,4482.9,3068.28,7551.19,1630.92,1918.14,26.42,56.69,-96.14,27.82,-7.107500000000001,1.69,3.94,-0.07,0.0,0.0,-4.68,-0.36,-23.48,-24.84,-0.72,-56.36,-54.45,1.68,0.21,3,2017,0.0,1607.4285714285713,-112.52
2017-06-30,270.58000000000004,-127.94000000000001,-0.0798095317308492,0.0,67.74000000000001,-23.35,4.84,2.12,293.94000000000005,-33.89,85.83,13.3,6617.45,7672.65,70.69,9932.58,1894.84,285.91,3312.38,5519.89,1984.65,7504.54,1880.92,2307.7,-154.04000000000002,-507.77,494.61,28.189999999999998,-6.6392445677661405,1.73,3.25,-0.15,0.0,0.0,-5.150375114364135,-0.7023238792314731,-22.176408550278634,-26.283939116693006,-1.553625551027198,-51.74,-50.39,1.39,0.19,6,2017,0.0,1603.0666666666668,-240.46
2017-09-30,205.33999999999992,-109.41,-0.06254323034269872,0.0,-194.99,12.850000000000001,41.32000000000001,2.0,192.48000000000002,-257.47,77.85,18.85,6790.41,7453.4,67.41,9942.09,1312.3,673.94,3439.88,5459.21,2108.36,7567.57,1905.92,2253.28,29.400000000000006,2.4499999999999886,-39.190000000000055,28.470000000000006,-7.994470340919477,1.69,3.36,-0.2,0.0,0.0,-4.40304341612599,-0.2501729213707949,-19.42592734444222,-23.64134106954011,-0.5503804270157487,-97.92,-51.26,1.37,0.12,9,2017,0.0,1749.35,-349.87
