,revenue,net_profit,eps,dps,gross_profit,ebit,ebitda,close_price,allowance_doubtful_accounts,expense,operating_profit,cash,account_receivable,inventory,current_asset,property_plant_equipment,total_asset,short_term_loan,account_payable,current_portion_long_term_debt,current_liability,non_current_liability,total_liability,paid_in_capital,total_equity,cash_flow_operation,cash_flow_investment,cash_flow_financing,depreciation,P/E,P/BV,D/E,EPS,DPS,DPR%,ROA%,ROAA%,ROE%,ROAE%,ROCE%,NPM%,NPMA%,TIE,CurrentRatio,QuickRatio,month,year,dividend,number_of_shares,return_old
2000-03-31,243.13,-134.94,-1.7999999999999998,0.0,-22.3,-92.19,-30.96,0.83,0.0,335.32,-86.36,2.76,65.33,313.52,1906.74,1798.12,5042.61,318.55,95.86,0.0,533.19,1540.46,2073.65,750.36,2891.3,-63.0,-8.64,18.65,61.23,-0.115,0.22,0.72,-1.8,0.0,0.0,-10.72,0.0,-18.68,0.0,-8.16,-57.82,-55.5,0.0,3.58,2.99,3,2000,0.0,74.96666666666667,-134.94
2000-06-30,251.25,-140.5,-1.8720410978797561,0.0,-7.07,-97.31,-28.299999999999997,0.32,0.0,348.56,-106.63000000000001,10.19,62.79,278.52,1856.96,1853.12,4984.9,312.53,117.41,33.0,586.14,1569.72,2155.87,750.36,2750.8,20.020000000000003,-7.879999999999999,-11.11,69.01000000000002,-0.044109608540925264,0.09,0.78,-3.67,0.0,0.0,-11.283255881498693,0.0,-20.4241214057508,0.0,-8.794002323555038,-57.99,-55.71,0.0,3.17,2.69,6,2000,0.0,75.05177111716621,-275.44
2000-09-30,321.65,-96.39999999999998,-1.2858864027538723,0.0,34.43,-53.96000000000001,14.809999999999995,0.49,0.0,375.61,-44.389999999999986,2.63,83.79,280.27,1873.49,1695.22,4870.17,343.69,120.85,66.5,648.7,1490.25,2138.95,750.36,2654.4,-16.32,-16.01,31.160000000000004,68.76999999999998,-0.09643153526970956,0.14,0.81,-4.96,0.0,0.0,-7.922719449225472,0.0,-14.528442340791736,0.0,-5.983519793459551,-46.68,-45.57,0.0,2.89,2.46,9,2000,0.0,74.96774193548387,-371.84
2000-12-31,391.31999999999994,-59.08000000000004,-0.7869655620532818,0.0,54.33,-11.849999999999994,61.89,0.49,0.0,403.1700000000001,-35.889999999999986,43.84,68.69,1405.98,1662.47,1728.38,4826.64,260.5,127.01,112.1,633.78,1533.95,2167.73,750.36,2582.03,101.33,-8.229999999999997,-59.22,73.74000000000001,-0.16411137440758283,0.14,0.84,-5.74,0.0,0.0,-4.897283950617287,0.0,-9.15293047433399,0.0,-3.339805068226123,-37.02,-35.69,0.0,2.62,0.4,12,2000,0.0,75.07317073170732,-430.92
2001-03-31,371.12,-59.15,-0.7900000000000001,0.0,27.86,-28.57,36.58,0.49,0.0,399.68,-47.49,5.32,101.26,230.13,1633.47,1693.21,4366.66,226.08,126.47,128.6,598.96,1155.93,1754.89,750.36,2522.88,-14.98,351.89,-375.43,65.15,-0.155,0.15,0.7,-0.79,0.0,0.0,-5.4,-2.44,-9.36,-8.76,-3.04,-16.83,-15.94,0.0,2.73,2.34,3,2001,0.0,74.87341772151898,-59.15
2001-06-30,398.78,-33.48,-0.4445687142394472,0.0,49.769999999999996,-4.030000000000001,58.16,0.91,0.0,402.82,-18.57999999999999,4.82,99.01,1368.87,1615.94,1694.82,4349.98,236.64,158.34,132.45,660.1,1111.56,1771.66,750.36,2489.4,93.24000000000001,-65.0,-28.74000000000001,62.19,-0.511844384707288,0.27,0.71,-1.23,0.0,0.0,-3.0794515815610493,-1.0120263413580912,-5.378197128360143,-5.11796178343949,-1.2722616862787433,-12.6,-12.03,0.0,2.45,0.37,6,2001,0.0,75.3089430894309,-92.63
2001-09-30,599.86,156.20999999999998,2.0883689839572193,0.0,106.45000000000002,192.6,221.88,0.97,0.0,407.26,36.22999999999999,10.46,118.03,1438.94,1753.91,1717.35,4601.28,208.11,175.4,208.71,773.79,1085.37,1859.16,750.36,2645.62,11.659999999999997,-19.71999999999997,13.699999999999989,29.28,0.11599961590167082,0.28,0.7,0.85,0.0,0.0,13.562113872286881,33.21735136835482,23.58628499528153,23.58628499528153,41.079446366782,5.55,4.64,0.0,2.27,0.41,9,2001,0.0,74.8,63.58
2001-12-31,453.55999999999995,41.5,0.552912066996574,0.0,113.55999999999997,66.93,118.49000000000001,1.48,0.0,386.6400000000001,28.14,12.19,112.06,1430.77,1668.16,1711.89,4509.71,229.22,157.32,249.73,747.8,977.9,1725.7,750.36,2687.11,131.74,-18.120000000000005,-111.88999999999999,51.56,0.6709927710843373,0.41,0.64,1.4,0.0,0.0,3.680814617434336,7.677578987438142,6.176817662733156,6.303197563760944,9.525885039969548,6.6,5.76,0.0,2.23,0.32,12,2001,0.0,75.05714285714286,105.08
2002-03-31,461.27,30.96,0.41,1.0,103.1,53.05,105.93,2.28,0.0,408.22,29.22,27.28,132.54,1409.78,1676.16,1718.79,4520.93,277.57,143.55,247.82,786.46,919.55,1706.01,750.36,2718.07,62.67,-45.94,-1.65,52.88,1.39,0.63,0.63,0.41,1.0,2.44,2.72,4.76,4.56,4.72,5.68,7.08,6.71,0.0,2.13,0.34,3,2002,75.51219512195122,75.51219512195122,30.96
2002-06-30,494.47,42.24,0.5655081967213115,-0.010955617752898902,121.67000000000002,62.06,109.03999999999999,3.95,0.0,432.40999999999997,44.480000000000004,7.28,148.55,1397.55,1669.13,1742.95,4539.03,461.12,176.36,66.0,914.63,841.76,1756.4,750.36,2685.71,91.95,-56.82000000000001,-54.54,46.98,1.7459517045454547,1.1,0.65,0.98,1.0,1.02,3.7161967213114755,5.978229508196721,6.301377049180329,6.532196721311476,7.3400655737704925,8.01,7.66,0.0,1.82,0.3,6,2002,-0.8183175709308159,74.6938775510204,73.2
2002-09-30,480.9000000000001,56.58,0.7498659269533056,0.010067272401332211,122.00999999999996,74.66000000000001,123.70000000000002,2.85,0.0,406.2500000000001,50.78,70.03,143.24,265.68,1756.7,1903.45,4809.87,475.95,198.62,266.0,1041.36,830.56,1871.92,789.86,2841.04,64.82,-205.62,203.55,49.040000000000006,0.9519034994697774,0.79,0.66,1.72,1.0,0.58,4.7084604715672675,7.027813222376329,7.969505316689784,8.248525196486362,8.789126213592231,9.47,9.03,0.0,1.69,1.43,9,2002,0.7596108210726129,75.45348837209302,129.78
2002-12-31,483.42999999999984,51.5,0.6732954545454546,0.01354386892177595,103.80000000000001,65.44,114.15999999999997,3.98,0.0,417.9799999999998,16.760000000000005,15.71,105.14,281.38,1720.52,1969.28,4828.58,622.78,197.24,268.0,1180.27,658.96,1839.23,789.86,2892.54,52.14999999999998,-83.44,-23.030000000000015,48.72,1.4784,1.09,0.64,2.37,1.0,0.42,4.261363636363637,6.215909090909091,7.125,7.386363636363636,7.954545454545454,10.05,9.44,0.0,1.46,1.22,12,2002,1.0359631047002296,76.48945147679325,181.28
2003-03-31,472.0,32.28,0.41,2.0,82.95,49.29,102.83,4.0,0.0,422.71,17.36,14.03,117.77,1408.79,1714.02,2724.92,5575.9,727.58,156.22,268.0,1843.21,869.04,2712.25,789.86,2766.84,45.09,-363.32,316.55,53.54,2.44,1.14,0.98,0.41,2.0,4.88,2.32,3.92,4.68,4.72,5.28,7.34,6.84,0.0,0.93,0.17,3,2003,157.46341463414635,78.73170731707317,32.28
2003-06-30,656.26,103.28999999999999,1.3104580659437928,0.0022344680185017235,157.67000000000002,120.93,172.21000000000004,4.48,0.0,535.3399999999999,78.12,13.68,302.3,1396.87,1896.72,3110.66,6170.63,988.12,356.18,235.0,1678.2,1525.52,3203.72,789.86,2870.14,61.36,-788.03,726.3400000000001,51.279999999999994,0.8531367993029335,1.23,1.12,1.72,2.0,1.16,6.704669174596149,9.69129453418898,14.384562956406283,14.872175260013277,11.550316441690638,12.88,12.02,0.0,1.13,0.3,6,2003,0.1761202495745806,78.81976744186046,135.57
2003-09-30,567.49,74.71000000000001,0.9486194597679286,-0.0016052793396180182,164.14999999999998,90.53999999999999,142.14999999999998,8.1,0.0,476.94000000000005,70.92,18.99,219.59,1416.58,1836.05,3246.44,6313.03,1071.06,329.04,47.38,1716.7,1710.78,3427.47,789.86,2786.87,209.94,-268.5400000000002,63.919999999999845,51.610000000000014,2.132072011778878,2.3,1.23,2.67,2.0,0.75,4.732438653224273,6.66520639147803,10.729703252805784,10.616011032908503,8.057936085219707,13.15,12.4,0.0,1.07,0.24,9,2003,-0.12642626948871794,78.7565543071161,210.28
2003-12-31,811.6199999999999,140.96,0.17658125498234828,3.8026825880017587,268.01,160.79000000000002,235.56,8.85,0.0,650.8300000000002,143.60999999999999,7.23,374.16,1435.76,2006.34,3370.32,6611.79,1269.19,451.59,93.51,1956.07,1629.3,3585.36,789.86,2927.84,110.77000000000004,-128.0,5.440000000000055,74.76999999999998,12.527377270147559,2.39,1.22,0.44,4.0,9.09,8.524058763238811,11.830944083817332,19.26340963443799,19.375779523972216,14.527821432638653,14.68,14.01,0.0,1.03,0.29,12,2003,3035.5778004766767,798.2727272727273,351.24
2004-03-31,658.16,32.05,0.04,0.20000000000000004,167.66,56.01,137.52,5.95,0.0,602.16,56.07,24.66,385.05,1616.16,2200.83,3393.34,6837.99,1473.73,449.66,171.01,2386.67,1550.88,3937.54,789.86,2801.91,-78.77,-108.33,204.54,81.51,37.1875,1.68,1.41,0.04,0.2,5.0,1.88,3.6,4.56,4.6,5.04,4.87,4.87,0.0,0.92,0.24,3,2004,160.25,801.2499999999999,32.05
2004-06-30,506.81000000000006,-42.489999999999995,-0.04069923371647509,0.046503831417624535,18.25,9.610000000000007,77.06,5.05,0.0,497.18999999999994,-80.39,6.18,230.44,1658.98,2112.76,3622.94,7058.41,1735.4,351.73,270.59,2486.31,1684.44,4170.75,789.86,2759.42,-64.17999999999999,-292.87,338.55000000000007,67.45,-31.020240056483882,1.45,1.51,-0.01,0.2,-20.0,-2.4419540229885053,16.11689655172414,-6.186283524904214,-6.023486590038313,23.442758620689652,-0.97,-0.9,0.0,0.85,0.18,6,2004,48.55000000000001,1044.0,-10.44
2004-09-30,611.6199999999999,-25.160000000000004,-0.028269662921348318,-0.03460674157303372,87.23999999999998,3.839999999999989,93.66999999999999,3.66,0.0,607.77,-22.6,13.21,234.72,1703.68,2228.19,3720.78,7280.73,1347.09,353.18,326.17,2166.64,2251.6,4418.24,789.86,2734.27,-11.810000000000002,-216.18,235.01999999999998,89.82999999999998,-32.36685214626391,1.06,1.62,-0.04,0.2,-5.0,-1.3852134831460676,2.8835056179775282,-3.6750561797752814,-3.646786516853933,3.8446741573033716,-2.15,-2.0,0.0,1.03,0.24,9,2004,-30.80000000000001,890.0,-35.6
2004-12-31,567.3999999999999,-69.18,-0.08583126550868488,-0.02084367245657566,34.360000000000014,-35.029999999999994,66.89999999999998,3.06,0.0,602.44,354.43,10.64,175.08,1724.32,2141.44,3770.75,7426.46,1438.69,393.62,410.1,2396.02,2237.24,4633.26,789.86,2665.08,9.97999999999999,-189.11,176.54999999999995,101.93000000000004,-8.913418618097715,0.91,1.74,-0.13,0.2,-1.54,-3.723756442069097,1.2940713876694028,-10.37898072151174,-9.903607558694409,1.7958541706432527,-4.8,-4.47,0.0,0.89,0.17,12,2004,-16.799999999999983,806.0,-104.78
2005-03-31,738.33,-17.07,-0.02,0.0,119.23,21.45,120.88,3.1,0.0,716.88,1.89,24.9,214.14,1729.16,2202.38,4070.49,7839.72,1541.85,396.5,491.35,2686.82,2376.82,5063.65,789.86,2648.01,125.05,-434.53,323.76,99.43,-38.75,0.92,1.91,-0.02,0.0,0.0,-0.8800000000000001,1.16,-2.56,-2.52,1.68,-2.38,-2.31,0.0,0.82,0.18,3,2005,0.0,853.5,-17.07
2005-06-30,675.33,-45.8,-0.05827898838873866,0.0,65.86999999999999,-4.68,104.08000000000001,3.0,0.0,680.0100000000001,-45.35,20.66,231.65,1701.61,2198.92,4208.55,7960.8,1761.07,455.09,552.91,2936.44,2293.98,5230.41,789.86,2602.21,-35.25,-168.57000000000005,199.57000000000005,108.75999999999999,-12.869132096069869,0.91,2.01,-0.08,0.0,0.0,-2.3020200413551772,0.6410688722761253,-7.051757595037378,-6.847781135676794,0.961603308414188,-4.65,-4.45,0.0,0.75,0.17,6,2005,0.0,785.875,-62.87
2005-09-30,752.4399999999998,-89.41,-0.11155700026267401,0.0,81.75000000000003,-25.13,98.79999999999998,2.64,0.0,777.5699999999999,-45.1,128.45,234.38,1772.7,2374.25,4224.58,8093.1,1738.8,485.12,646.19,3023.27,2410.84,5434.11,789.86,2512.81,-60.48,-17.209999999999923,185.4799999999999,123.93,-5.914241136338219,0.83,2.16,-0.19,0.0,0.0,-4.415308641975308,-0.2583425269240872,-14.232324665090621,-13.621696874179142,-0.3757709482532178,-7.31,-7.03,0.0,0.79,0.2,9,2005,0.0,801.4736842105264,-152.28
2005-12-31,682.52,-58.96000000000001,-0.07536072713501232,0.0,90.79999999999995,3.3599999999999994,133.34000000000003,2.0,0.0,679.1599999999999,-35.849999999999994,18.29,243.7,1771.84,2250.42,4154.49,7902.76,1808.27,349.75,751.11,3055.28,2252.7,5307.99,789.86,2453.85,-61.83,-61.58000000000004,13.260000000000105,129.98000000000002,-6.637077679782903,0.64,2.16,-0.27,0.0,0.0,-2.980935428896043,-0.0781518651770498,-9.612679416777125,-9.210755538723728,-0.11164552168149974,-7.75,-7.42,0.0,0.74,0.16,12,2005,0.0,782.3703703703703,-211.24
2006-03-31,668.2,-120.87,-0.15,0.0,51.14,-55.72,72.89,3.84,0.0,723.93,-77.51,15.98,314.54,1665.27,2215.49,4062.73,7775.08,1816.2,328.69,2933.01,5228.27,72.66,5300.92,789.86,2332.98,11.09,-21.31,7.92,128.61,-6.4,1.3,2.27,-0.15,0.0,0.0,-6.2,-2.84,-20.72,-19.4,-8.76,-18.71,-18.09,0.0,0.42,0.11,3,2006,0.0,805.8000000000001,-120.87
2006-06-30,572.72,-147.49,-0.18686316887762708,0.0,43.33,-71.77,69.86999999999999,2.16,0.0,644.4800000000001,-100.26,2.37,285.48,1721.51,2220.47,3963.3,7663.28,1830.85,360.49,75.48,2406.36,2930.01,5336.37,789.86,2185.49,-0.08999999999999986,-25.460000000000004,11.92,141.64,-2.888477184893891,0.78,2.44,-0.34,0.0,0.0,-7.694365777314056,-3.58337606200626,-26.996231927261885,-24.64395438962588,-5.342088239678045,-22.55,-21.63,0.0,0.92,0.21,6,2006,0.0,789.2941176470588,-268.36
2006-09-30,538.49,-217.68,-0.27767591144761744,0.0,36.80000000000001,-121.95,7.320000000000022,1.87,0.0,660.4399999999998,-145.86999999999998,4.0,263.92,1597.33,2036.75,3858.83,7359.89,1850.86,305.3,110.47,2358.53,2892.36,5250.89,789.86,1967.81,36.01,-52.99,18.62,129.26999999999998,-1.6857782065417128,0.75,2.67,-0.62,0.0,0.0,-11.823619455188874,-5.786407703069706,-44.24900008229775,-38.87462760266644,-8.939372891120072,-28.51,-27.31,0.0,0.86,0.19,9,2006,0.0,783.9354838709678,-486.04
2006-12-31,522.5699999999999,-183.40000000000003,-0.232866276290631,0.0,36.20999999999998,-86.08999999999997,66.78999999999999,1.53,0.0,608.6600000000003,-110.67000000000002,11.48,241.59,1633.61,2050.26,3744.1,7245.8,1855.94,360.14,145.46,2466.86,2853.48,5320.34,789.86,1784.4,16.270000000000003,-12.489999999999995,3.6999999999999957,152.88,-1.6425736095965102,0.68,2.98,-0.85,0.0,0.0,-10.125573613766731,-4.854576959847037,-41.115965583174,-34.61762667304016,-7.692805927342257,-30.4,-29.08,0.0,0.83,0.17,12,2006,0.0,787.5764705882353,-669.44
2007-03-31,605.84,-169.6,-0.21,0.0,42.84,-74.77,62.62,1.3,0.0,680.61,-99.42,1.69,304.32,1595.26,2066.06,3633.78,7103.84,1850.6,466.85,152.94,2544.57,2803.44,5348.01,789.86,1614.8,4.42,27.49,-41.7,137.39,-1.5475,0.64,3.31,-0.21,0.0,0.0,-9.56,-4.04,-42.0,-34.36,-6.56,-29.2,-27.99,0.0,0.81,0.19,3,2007,0.0,807.6190476190476,-169.6
2007-06-30,421.5400000000001,-213.77,-0.27322769126431384,0.0,20.549999999999997,-118.89999999999999,18.71,1.2,0.0,540.4399999999999,-136.3,34.33,231.86,1578.17,2007.55,3525.67,6926.91,150.4,391.03,4722.85,5327.24,57.56,5384.8,789.86,1401.04,3.5999999999999996,-12.409999999999998,41.45,137.61,-1.0984428357580578,0.68,3.84,-0.49,0.0,0.0,-12.334278634217597,-5.910639851840259,-61.02456843258471,-47.68659623862065,-27.010508907843597,-38.93,-37.32,0.0,0.38,0.08,6,2007,0.0,782.3877551020408,-383.37
2007-09-30,585.3999999999999,-115.52999999999997,-0.14588875526157544,0.0,101.60000000000001,-18.420000000000016,124.61,1.08,0.0,603.8199999999999,30.370000000000005,27.05,392.42,1285.53,1918.03,3379.85,6419.94,1692.8,370.0,1907.32,4065.47,1068.96,5134.43,789.86,1285.51,383.47,74.34,-465.09,143.02999999999997,-1.8460984159958456,0.66,3.99,-0.63,0.0,0.0,-7.197178592904388,-2.8529356584485868,-35.94884185207456,-28.408940469031865,-8.345763078773299,-32.36,-30.93,0.0,0.47,0.16,9,2007,0.0,791.9047619047618,-498.9
2007-12-31,751.4800000000002,-144.44000000000005,-0.181857804582336,0.0,15.629999999999995,50.28999999999999,181.64999999999998,0.79,0.0,701.2000000000003,-119.17999999999998,20.91,246.93,1147.61,1621.65,3097.91,5750.93,1726.75,262.92,291.56,2364.17,2245.69,4609.86,789.86,1141.06,-238.97,4.170000000000002,228.64999999999998,131.36,-1.091237191913597,0.55,4.04,-0.81,0.0,0.0,-10.049327571735011,-2.2361774489383537,-50.632805048652365,-39.496820965585854,-4.292742251375635,-31.68,-27.21,0.0,0.69,0.2,12,2007,0.0,794.2469135802469,-643.34
2008-03-31,511.8,-187.76,-0.2,0.0,-0.53,-124.19,-12.16,1.4,0.0,636.0,-116.36,100.48,291.24,1056.16,1587.35,3012.74,5626.04,51.96,284.18,1410.52,2213.02,2234.05,4447.07,986.1,1178.98,88.31,46.01,-54.74,112.03,-1.75,1.17,3.77,-0.2,0.0,0.0,-13.360000000000001,-7.8,-63.71999999999999,-53.76,-14.56,-37.02,-36.69,0.0,0.72,0.24,3,2008,0.0,938.8,-187.76
2008-06-30,774.8400000000001,19.359999999999985,0.020693586698337273,0.0,29.450000000000003,92.88,201.6,1.37,11.92,681.94,-139.81,55.16,208.3,970.26,1382.95,2809.47,5023.66,393.02,288.05,705.89,1593.7,2231.62,3825.32,986.1,1198.34,-37.870000000000005,2.4200000000000017,-9.880000000000003,108.72,16.54860537190084,1.13,3.19,-0.18,0.0,0.0,1.540522565320664,0.23912589073634186,6.460997624703083,5.959752969121135,0.41847030878859826,-18.37,-13.09,0.0,0.87,0.26,6,2008,0.0,935.5555555555557,-168.4
2008-09-30,666.8899999999999,-317.23,-0.32661697176863047,0.0,46.55,-267.85,-165.87,1.28,13.35,934.75,20.810000000000002,746.55,126.34,810.09,1808.78,2569.82,4781.12,379.36,106.16,95.71,717.74,3053.89,3771.62,986.1,1009.5,-75.69,-8.670000000000002,775.75,101.98000000000002,-0.9797408820098982,1.25,3.74,-0.5,0.0,0.0,-26.547427465354286,-13.953077033955893,-125.70834009431049,-110.57944196198754,-19.23120729773696,-40.32,-24.86,0.0,2.52,1.39,9,2008,0.0,971.26,-485.63
2008-12-31,424.78,53.889999999999986,0.05492101727891785,0.0,-47.37,91.55000000000001,185.8,0.72,12.54,333.23,-199.36,333.07,120.86,581.1,1190.68,2490.43,4064.35,375.0,87.24,0.0,551.38,2449.59,3000.96,986.1,1063.38,61.3,-1.7399999999999949,-473.04999999999995,94.25,3.284717016143998,0.67,2.82,-0.44,0.0,0.0,5.302374577291887,2.111962755362023,20.270848195673317,19.556874971047385,2.9507564738036773,-28.13,-18.15,0.0,2.16,1.11,12,2008,0.0,981.2272727272727,-431.74
2009-03-31,402.73,-99.64,-0.1,0.0,35.86,-65.36,-3.43,0.93,0.0,468.09,-49.28,420.38,142.79,477.47,1176.39,2299.84,4002.35,375.87,108.73,0.0,584.77,2453.82,3038.6,986.1,963.75,130.98,-13.36,-30.32,61.93,-2.325,0.95,3.15,-0.1,0.0,0.0,-9.96,-5.44,-41.36,-37.2,-7.64,-25.0,-24.74,0.0,2.01,1.2,3,2009,0.0,996.4,-99.64
2009-06-30,513.17,12.629999999999995,0.013064015630387307,0.0,175.0,42.129999999999995,103.28,1.03,0.0,471.03000000000003,47.44,170.73,158.53,484.44,937.42,2272.95,3732.45,1.15,140.76,0.0,297.59,2458.48,2756.07,986.1,976.38,179.29999999999998,-28.83,-400.11,61.15,19.702977038796522,1.04,2.82,-0.09,0.0,0.0,1.352851396391219,0.30773014596023435,5.173350189633374,4.644983335248821,0.39482358349614977,-9.63,-9.5,-0.41,3.15,1.52,6,2009,0.0,966.7777777777778,-87.01
2009-09-30,507.14,48.910000000000004,0.0513490813648294,0.0,273.72999999999996,76.23,134.29,1.33,0.0,430.92999999999995,76.32000000000001,250.67,160.75,494.43,1016.1,2228.61,3759.02,2.51,138.55,0.0,289.76,2463.13,2752.89,986.1,1006.13,127.37,-26.120000000000005,-21.310000000000002,58.05999999999999,6.4752862400327125,1.3,2.74,-0.04,0.0,0.0,5.1862572178477695,-6.367286089238846,19.46130183727034,19.40995275590551,-7.856409448818898,-2.73,-2.68,0.67,3.51,1.8,9,2009,0.0,952.5,-38.1
2009-12-31,433.0799999999999,39.870000000000005,0.0,,123.92000000000002,65.75,124.11000000000001,1.83,0.0,367.31999999999994,74.45,113.44,185.32,486.13,882.84,2222.12,3609.4,0.0,169.21,0.0,295.55,2267.85,2563.4,986.1,1046.0,112.73000000000002,-26.42,-223.53999999999996,58.360000000000014,0.0,1.73,2.45,0.0,0.0,0.0,4.505084745762712,278.4142372881356,15.317288135593223,15.317288135593223,322.56406779661023,0.1,0.1,1.18,2.99,1.34,12,2009,,inf,1.77
2010-03-31,761.06,103.31,0.1,0.0,270.94,128.13,185.12,2.18,0.0,632.94,129.2,314.94,243.55,456.49,1098.75,2180.7,3778.32,0.0,185.09,0.0,358.23,2270.78,2629.01,986.1,1149.31,249.42,-27.62,-20.31,56.99,5.449999999999999,1.87,2.29,0.1,0.0,0.0,10.92,13.16,35.96,39.12,14.999999999999998,13.74,13.57,6.31,3.07,1.79,3,2010,0.0,1033.1,103.31
2010-06-30,715.8700000000001,75.32,0.07589766556569444,0.0,254.50000000000006,98.24000000000001,155.07999999999998,3.1,0.0,617.6199999999999,97.49000000000001,144.94,256.26,458.75,923.68,2194.72,3613.95,0.0,196.36,0.0,408.05,1981.27,2389.32,986.1,1224.63,212.30000000000004,-64.33999999999999,-317.95,56.839999999999996,10.209800185873606,2.5,1.95,0.18,0.0,0.0,8.331877064322901,10.389547108548395,24.607709791188487,27.373758047360464,11.907500419862284,12.25,12.09,5.92,2.26,1.14,6,2010,0.0,992.3888888888889,178.63
2010-09-30,627.8099999999997,81.5,0.0814592703648176,0.0,246.28999999999996,102.68,159.5,2.92,0.0,525.1400000000001,103.33999999999997,136.03,276.05,509.55,968.18,2165.81,3627.38,0.0,191.46,0.0,436.18,1884.83,2321.01,986.28,1306.37,129.79999999999995,-21.930000000000007,-116.78000000000003,56.82000000000001,8.960919938650306,2.2,1.78,0.26,0.0,0.0,8.985584131011416,11.16618613770038,24.951601122515665,28.19743974166763,12.920693499404145,12.52,12.36,5.98,2.22,1.05,9,2010,0.0,1000.5,260.13
2010-12-31,609.1100000000001,62.879999999999995,0.06424073558094176,0.0,229.85000000000002,83.80000000000001,139.95999999999998,3.12,0.0,525.2899999999997,91.80000000000001,111.11,274.03,512.48,928.45,2149.08,3461.78,0.0,170.39,0.0,303.66,1786.38,2090.04,988.15,1371.74,18.75,72.59,-116.26999999999992,56.16,12.135991173664122,2.25,1.52,0.33,0.0,0.0,7.2650431875174135,9.094930807095755,18.337809974923378,20.806211572397135,10.177289867186774,12.06,11.9,5.79,3.06,1.37,12,2010,0.0,978.8181818181818,323.01
2011-03-31,882.41,161.12,0.16,0.0,348.76,181.62,237.41,3.04,0.0,700.79,173.69,212.93,300.72,504.18,1029.1,2146.54,3581.04,0.0,193.93,0.0,357.61,1730.89,2088.51,988.14,1492.54,268.42,-50.35,-116.24,55.79,4.75,2.01,1.4,0.16,0.0,0.0,18.0,19.76,43.199999999999996,48.800000000000004,22.52,18.52,18.26,11.18,2.88,1.47,3,2011,0.0,1007.0,161.12
2011-06-30,718.59,86.22,0.08714724670494056,0.0,269.6,109.06,165.59,5.45,0.0,609.53,93.69,200.48,306.29,540.0,1062.86,2125.08,3587.3,0.0,235.67,130.19,523.15,1474.35,1997.5,996.4,1589.8,149.47999999999996,-29.389999999999993,-132.54000000000002,56.529999999999994,15.634458362328928,3.42,1.26,0.25,0.0,0.0,9.607112476752647,11.252452494541926,21.696178539662004,24.51277755316568,13.232437939678174,15.77,15.45,8.84,2.03,1.0,6,2011,0.0,989.36,247.34
2011-09-30,635.04,40.82000000000002,0.04108064963908941,0.0,208.98000000000002,60.74000000000001,118.96000000000004,4.44,0.0,574.3,48.99000000000001,182.1,278.89,630.21,1105.4,2113.94,3611.25,0.0,242.59,131.33,534.53,1441.47,1976.0,999.85,1635.26,57.950000000000045,-34.03,-42.29999999999998,58.22,27.019412052915225,2.71,1.21,0.29,0.0,0.0,4.521704608550808,5.50197390338701,9.984014436424214,11.100274847307057,6.470910605219326,13.18,12.89,8.16,2.07,0.89,9,2011,0.0,993.6551724137933,288.16
2011-12-31,598.6999999999998,10.529999999999973,0.010576182664300753,0.0,174.74,30.089999999999975,89.38,4.92,0.0,568.6100000000001,12.560000000000002,85.93,296.77,656.2,1048.96,2122.6,3558.69,0.0,183.5,142.98,511.01,1402.4,1913.4,999.85,1645.29,9.629999999999995,-62.459999999999994,-43.35000000000002,59.29000000000002,116.29905033238396,2.99,1.16,0.3,0.0,0.0,1.183122300713111,1.5328414074793224,2.559436204760782,2.792112223375399,1.765517426093939,10.81,10.54,7.08,2.05,0.77,12,2011,0.0,995.6333333333333,298.69
2012-03-31,770.1,54.9,0.049999999999999996,0.1,264.09,73.96,134.0,4.7,0.0,696.14,61.68,184.81,380.05,618.34,1198.42,2102.19,3679.88,0.0,238.47,175.87,738.66,1341.02,2079.68,999.85,1600.2,180.16,-33.23,-48.05,60.04,23.499999999999996,2.94,1.3,0.05,0.1,2.0,5.96,8.16,13.72,14.2,10.04,7.29,7.13,6.82,1.62,0.79,3,2012,109.80000000000001,1098.0,54.9
2012-06-30,767.3000000000001,95.66,0.09530419766206163,-0.009391604675876736,241.96000000000004,114.36,175.57,3.8,0.0,652.93,53.199999999999996,248.54,329.59,626.25,1234.8,2080.53,3690.68,0.0,269.24,209.01,718.35,1276.47,1994.82,999.85,1695.86,245.35,-34.15,-147.49,61.21,9.96676980974284,2.24,1.18,0.15,0.1,0.67,10.369096705632305,13.164686503719446,22.568034006376198,23.279638682252923,16.112763018065888,10.35,9.79,8.91,1.72,0.85,6,2012,-9.426666666666677,1003.7333333333333,150.56
2012-09-30,838.52,114.25,0.11217476681394208,0.0014498445426280547,345.28000000000003,132.86,197.13,4.02,0.0,705.6800000000001,119.09,321.9,341.23,600.71,1279.96,2047.16,3698.19,0.0,190.73,242.44,674.39,1213.68,1888.07,999.85,1810.11,145.37,-24.260000000000005,-47.73000000000002,64.27000000000001,8.958342669584246,2.22,1.04,0.26,0.1,0.38,12.356482005966543,15.169480004531549,25.247951361353426,26.52501793738907,18.327631131754842,11.64,11.15,10.14,1.9,1.01,9,2012,1.4766666666666737,1018.5,264.81
2012-12-31,691.3600000000001,29.879999999999995,0.030418405782347543,-0.0036852285452509317,204.9899999999999,48.02999999999997,113.27000000000004,4.3,0.0,643.3200000000002,37.27000000000001,340.94,340.28,546.48,1238.93,2012.25,3619.86,0.0,347.69,265.66,629.64,1164.77,1794.42,999.85,1825.45,102.94000000000005,-25.679999999999993,-58.22999999999999,65.23999999999998,35.33222640562249,2.36,0.98,0.3,0.1,0.33,3.3014109742441207,4.1734052733380835,6.546040924361193,6.886727069123484,5.008897485493229,10.0,9.61,8.75,1.97,1.1,12,2012,-3.6199999999999903,982.3000000000001,294.69
2013-03-31,741.78,47.41,0.05,0.14,252.51,76.7,141.73,6.3,0.0,665.09,56.27,272.11,336.82,717.05,1336.64,2019.01,3891.18,0.0,593.07,268.0,872.75,1102.48,1975.23,999.85,1915.95,76.56,-66.49,-78.9,65.03,31.5,3.29,1.03,0.05,0.14,2.8,4.88,8.12,9.88,10.8,10.16,6.62,6.39,7.52,1.53,0.71,3,2013,132.748,948.1999999999999,47.41
2013-06-30,712.8800000000001,57.58,0.04935898657014954,0.026205162396418704,232.74,81.02,148.06000000000003,3.4,0.0,631.85,52.82,138.56,321.69,769.19,1229.59,1992.38,3745.48,0.0,451.61,247.54,704.7,235.5,940.21,1595.02,2805.27,119.78,-35.10000000000001,-218.23,67.03999999999999,17.22178794720389,1.93,0.34,0.09,0.14,1.56,6.142451662063053,9.301426802552625,8.204560434327078,10.244731879226594,11.385472902181162,7.53,7.22,7.99,1.74,0.65,6,2013,30.569777777777773,1166.5555555555554,104.99
2013-09-30,647.2299999999998,49.769999999999996,0.03537542000516929,0.02391732000804114,207.61,64.74000000000001,133.71999999999997,3.12,0.0,582.49,46.109999999999985,116.21,280.3,779.39,1176.08,2010.96,3693.88,0.0,413.23,181.06,600.4,94.64,695.05,1697.62,2998.84,128.10999999999999,-80.60999999999999,-69.85000000000002,68.98000000000002,22.046381354229457,1.77,0.23,0.11,0.14,1.27,5.389927629878522,7.7440010338588765,6.637715171879038,8.28428017575601,9.249064357715172,7.67,7.36,10.64,1.96,0.66,9,2013,33.649494949494965,1406.9090909090908,154.76
2013-12-31,596.1700000000001,42.610000000000014,0.030224451537721044,0.00028566559346313334,165.78999999999996,51.09,112.58000000000004,3.08,0.0,545.0800000000002,18.360000000000014,46.48,255.81,768.15,1070.67,1952.42,3643.08,45.0,338.51,113.99,506.76,94.89,601.65,1697.62,3041.44,84.66000000000003,-131.23000000000002,-23.159999999999968,61.49000000000001,25.476061957287016,1.72,0.2,0.14,0.14,1.0,4.680472209555658,6.502574859401127,5.604476870851702,7.003437199169075,7.530206211683642,7.66,7.32,9.27,2.11,0.6,12,2013,0.40272727272727593,1409.7857142857142,197.37
2014-03-31,769.6,70.31,0.04,0.05999999999999999,222.01,88.3,145.97,3.0,0.0,681.3,42.96,45.42,365.36,791.29,1202.55,1943.46,3745.72,75.0,507.08,46.34,639.84,95.98,735.82,1697.62,3009.9,123.54,-86.38,-38.23,57.67,18.75,1.69,0.24,0.04,0.06,1.5,7.52,9.24,9.36,11.4,11.36,9.78,9.14,252.29,1.88,0.64,3,2014,105.46499999999999,1757.75,70.31
2014-06-30,838.82,100.19999999999999,0.05876488182511289,-0.0018526772623306503,258.77,125.31000000000002,182.59,3.2,0.0,713.51,101.87,58.14,364.5,810.3,1233.23,1894.31,3749.98,98.0,416.61,0.66,542.01,97.89,639.9,1697.62,3110.09,185.27999999999997,-47.91,-124.64000000000001,57.28,13.613572854291418,1.75,0.21,0.1,0.06,0.6,10.695208492170545,13.39839305612574,12.881262096064747,13.53942877250601,15.654964518210075,11.26,10.6,454.49,2.28,0.78,6,2014,-3.158999999999992,1705.1,170.51
2014-09-30,944.7599999999998,82.69,0.04898696682464455,-0.000607819905213268,301.95000000000005,105.05000000000001,161.57999999999998,3.5,0.0,839.7200000000003,134.66,206.12,305.49,625.22,1139.76,2023.75,3856.51,0.0,540.44,0.62,570.15,93.57,663.72,1697.62,3192.79,351.89000000000004,-104.12,-99.79000000000002,56.52999999999999,17.859342121175473,1.86,0.21,0.15,0.06,0.4,8.582516587677725,11.025333333333332,10.359110584518167,10.68569036334913,12.67129541864139,10.41,9.92,156.98,2.0,0.9,9,2014,-1.0259999999999962,1688.0,253.2
2014-12-31,612.21,23.560000000000002,0.013620465385171268,0.0014481861540685044,162.79999999999995,30.5,88.90999999999997,2.98,0.0,581.6999999999998,-12.25,83.54,268.71,595.36,948.18,2027.42,3689.71,0.0,345.95,0.41,382.66,90.72,473.38,1697.62,3216.33,129.26999999999998,-251.60999999999999,-0.23999999999995225,58.41,54.7117869269949,1.57,0.15,0.16,0.06,0.38,2.553837259719613,3.241670761670762,2.9284000578118228,3.0135279664691432,3.5958028616852156,9.15,8.74,170.32,2.48,0.92,12,2014,2.5049999999999955,1729.75,276.76
2015-03-31,719.69,58.28,0.03,0.08,206.83,72.95,127.97,3.54,0.0,646.75,54.94,209.3,330.86,561.62,1102.18,2012.73,3824.42,0.0,549.02,0.19,592.98,92.64,685.62,1697.62,3138.8,181.22,-55.2,-0.26,55.02,29.5,1.91,0.22,0.03,0.08,2.67,6.08,7.72,7.440000000000001,7.6000000000000005,9.04,8.38,8.1,2431.67,1.86,0.91,3,2015,155.41333333333336,1942.6666666666667,58.28
2015-06-30,705.19,85.0,0.047459519821328865,-0.006774613809789701,238.12999999999997,102.64,158.14000000000001,3.64,0.0,602.54,85.35,186.0,303.09,576.92,1067.09,1992.1,3777.4,0.0,426.8,0.12,459.02,94.57,553.59,1697.62,3223.8,163.03,-50.36999999999999,-135.96,55.49999999999999,19.174235294117647,1.92,0.17,0.08,0.08,1.0,8.99357900614182,11.081797878280291,10.53601340033501,10.725851479620323,12.553042992741485,10.4,10.06,1755.9,2.32,1.07,6,2015,-12.133333333333354,1791.0,143.28
2015-09-30,572.7099999999998,49.78,0.02836320314928002,-0.0016367968507199847,189.00000000000006,62.379999999999995,121.70999999999998,3.02,0.0,510.3299999999999,45.24000000000001,144.44,252.43,654.17,1051.4,1972.38,3762.36,0.0,377.8,0.05,392.34,96.44,488.78,1697.62,3273.58,21.25,-62.670000000000016,-0.15000000000000568,59.33,26.61458919244677,1.57,0.15,0.11,0.08,0.73,5.291026623847508,6.446182533927277,6.08519631202735,6.157393556407334,7.281607790324251,10.02,9.66,1487.31,2.68,1.01,9,2015,-2.872727272727275,1755.090909090909,193.06
2015-12-31,685.5200000000002,91.60000000000002,0.05470385723319048,-0.003851740194043286,160.74,114.01000000000002,175.31,2.52,0.0,571.5100000000002,13.430000000000007,14.9,252.57,1013.05,1280.86,2085.76,3815.94,70.0,266.15,0.05,358.0,88.26,446.26,1697.62,3369.69,-157.97,-41.41999999999999,69.87,61.30000000000001,11.513813318777292,1.27,0.13,0.17,0.08,0.47,9.602135881402376,12.073463078760629,10.876413967540225,11.120972388112136,13.103182744326567,11.46,10.61,1257.07,3.58,0.75,12,2015,-6.449625668449187,1674.4705882352941,284.66
2016-03-31,672.11,57.12,0.03,0.0,203.14,71.01,131.74,2.7,0.0,601.09,53.19,115.05,289.77,986.84,1391.94,2061.62,3890.74,0.0,349.21,0.04,509.96,89.78,599.74,1697.62,3290.99,214.84,-44.5,-70.19,60.73,22.500000000000004,1.39,0.18,0.03,0.0,0.0,5.88,7.36,6.96,7.12,8.4,8.81,8.5,394.5,2.73,0.79,3,2016,0.0,1904.0,57.12
2016-06-30,628.64,64.88,0.03722622950819672,0.08,207.77000000000004,81.35000000000001,140.52999999999997,2.6,0.0,547.3000000000001,60.72,24.67,288.77,1077.25,1390.92,2022.29,3868.6,10.0,383.2,0.03,420.82,91.9,512.72,1697.62,3355.88,81.74999999999997,-46.0,-126.13,59.18,17.459463625154132,1.32,0.15,0.07,0.08,1.14,6.700721311475409,8.487580327868852,7.743055737704918,7.891960655737704,9.402281967213115,9.74,9.38,317.42,3.31,0.75,6,2016,139.42857142857142,1742.8571428571427,122.0
2016-09-30,544.3900000000001,49.28,0.028771602055114434,-0.001403883365583498,172.51999999999992,62.95999999999998,119.22000000000003,2.32,0.0,481.42999999999984,39.360000000000014,39.92,268.5,1121.46,1431.21,1985.02,3855.07,0.0,342.26,0.01,355.88,94.03,449.91,1697.62,3405.16,34.59000000000003,-9.280000000000001,-10.080000000000013,56.25999999999999,20.158766233766233,1.16,0.13,0.1,0.08,0.8,5.1098365249883235,6.502382064455863,5.788846333489024,5.903932741709482,7.077814105558151,9.66,9.28,391.49,4.02,0.87,9,2016,-2.4045714285714155,1712.8,171.28
2016-12-31,506.9799999999998,27.49000000000001,0.0165960658046989,-0.002723147356240872,130.3900000000001,31.569999999999993,87.32999999999998,2.4,0.0,475.4100000000001,6.679999999999978,47.37,235.09,1084.37,1367.18,1984.84,3786.67,0.0,239.12,0.0,260.32,94.17,354.49,1697.62,3432.18,66.76999999999998,-59.25,-0.060000000000002274,55.76000000000002,36.15314659876317,1.19,0.1,0.12,0.08,0.67,2.9043115158223083,3.590282235749863,3.203040700306888,3.2307008099813865,3.8724153544297444,8.82,8.45,411.48,5.25,1.09,12,2016,-4.510666666666651,1656.4166666666667,198.77
2017-03-31,613.22,38.38,0.02,0.08,83.59,48.09,98.52,2.52,0.0,565.13,20.85,129.32,307.59,1072.6,1509.93,1952.93,3921.3,0.0,329.63,0.0,488.22,98.32,586.54,1697.62,3334.75,130.44,-48.5,0.0,50.43,31.5,1.28,0.18,0.02,0.08,4.0,3.9199999999999995,4.92,4.6,4.64,5.599999999999999,6.55,6.26,0.0,3.09,0.9,3,2017,153.52,1919.0,38.38
2017-06-30,603.44,58.74,0.03628912685337726,-0.01484349258649094,264.98,73.3,123.91000000000001,2.38,0.0,530.13,46.660000000000004,103.56,249.26,1102.35,1460.89,1948.5,3833.84,0.0,314.98,0.0,340.66,99.68,440.34,1697.62,3393.49,129.04000000000002,-18.97,-135.82,50.61000000000001,16.397473612529794,1.19,0.13,0.06,0.08,1.33,6.120766062602964,7.620716639209226,6.919126853377264,6.967512355848434,8.419077429983526,8.36,7.98,12139.0,4.29,1.05,6,2017,-24.02666666666667,1618.6666666666667,97.12
2017-09-30,671.0799999999999,72.78999999999999,0.04284032723206403,0.0037871029760853736,238.32999999999998,91.11999999999999,141.42000000000002,2.44,0.0,579.97,103.49,287.98,260.86,1044.41,1593.54,1895.99,3915.95,0.0,318.87,0.0,349.04,100.62,449.67,1697.62,3466.28,204.43,-20.010000000000005,0.0,50.3,14.238920181343593,1.19,0.13,0.1,0.08,0.8,7.437080807486315,9.37346359837561,8.396704137484551,8.482384791948677,10.213134012124064,9.41,9.0,21251.0,4.57,1.57,9,2017,6.434666666666658,1699.1,169.91
