,revenue,net_profit,eps,dps,gross_profit,ebit,ebitda,close_price,expense,operating_profit,cash,account_receivable,inventory,current_asset,property_plant_equipment,total_asset,short_term_loan,account_payable,current_portion_long_term_debt,current_liability,non_current_liability,total_liability,paid_in_capital,total_equity,cash_flow_operation,cash_flow_investment,cash_flow_financing,depreciation,P/E,P/BV,D/E,EPS,DPS,DPR%,ROA%,ROAA%,ROE%,ROAE%,ROCE%,NPM%,NPMA%,TIE,CurrentRatio,QuickRatio,month,year,dividend,number_of_shares,return_old
2009-09-30,,,,,,,,,,,31.06,0.0,398.19,446.09,9.86,592.5,50.0,58.41,96.23,258.11,80.25,338.36,200.0,254.14,,,,,,0.0,1.33,0.3,0.0,0.0,,,,,,7.46,7.43,5.69,1.73,0.19,9,2009,,120.06666666666668,36.02
2009-12-31,183.42000000000007,22.07,0.15577035634360475,0.0,63.25,32.45,33.67999999999999,1.64,150.97000000000003,36.99000000000001,110.05,0.01,369.22,495.33,18.39,663.94,30.0,37.31,107.37,234.59,68.98,303.57,250.0,360.37,16.230000000000018,2.17,60.58,1.23,2.632079746261894,1.14,0.84,0.41,0.0,0.0,13.297469443966259,0.0,24.49773799276984,0.0,36.290693751075914,8.72,8.69,7.21,2.11,0.54,12,2009,0.0,141.6829268292683,58.09
2010-03-31,241.8,42.47,0.17,0.0,87.38,51.6,52.73,1.7,190.2,56.93,108.69,0.01,519.53,634.93,18.07,795.98,50.0,59.69,125.32,298.94,94.19,393.14,250.0,402.84,-69.67,8.73,59.58,1.13,2.5,1.06,0.98,0.17,0.0,0.0,21.36,0.0,42.16,0.0,41.52,17.67,17.56,13.33,2.12,0.39,3,2010,0.0,249.82352941176467,42.47
2010-06-30,243.33999999999997,30.310000000000002,0.12077356416597966,0.12,84.45000000000002,41.43,42.57,1.91,201.92000000000002,47.62,201.27,0.01,466.42,674.38,19.36,838.94,70.0,71.51,97.78,299.56,136.23,435.79,250.0,403.14,91.06,-0.620000000000001,2.1400000000000006,1.1400000000000001,3.9559567799406135,1.18,1.08,0.29,0.12,0.41,14.459510854630393,0.0,30.068452871668043,0.0,28.735779060181372,15.07,15.0,16.1,2.25,0.69,6,2010,30.11586206896552,250.96551724137933,72.78
2010-09-30,182.41999999999996,13.61,0.05513948373654357,0.07798875189098356,64.53999999999999,20.159999999999997,21.38000000000001,2.48,162.25,25.33,114.52,0.01,598.03,725.24,19.37,925.35,160.0,78.73,126.63,425.64,102.95,528.59,250.0,396.75,-142.94,0.5200000000000014,55.67,1.2200000000000002,11.251012123438647,1.56,1.33,0.35,0.2,0.57,5.885746035420766,9.395768028707025,13.718703553652041,16.730894779488366,14.273249218659567,13.02,12.94,7.73,1.7,0.3,9,2010,19.24985221674877,246.82857142857145,86.39
2010-12-31,282.3900000000001,22.810000000000002,0.09190842490842492,0.0010905285190999457,93.37,34.5,35.72,2.24,247.89,41.640000000000015,96.52,0.01,588.08,695.63,18.68,907.86,155.0,133.2,99.83,469.61,18.68,488.3,250.0,419.57,33.629999999999995,-1.910000000000001,-49.709999999999994,1.2199999999999998,6.09193336256028,1.33,1.16,0.44,0.2,0.45,10.051439560439562,15.699630036630039,21.74887545787546,23.394871794871793,28.15739926739927,11.55,11.5,9.84,1.48,0.23,12,2010,0.27064935064935014,248.1818181818182,109.2
2011-03-31,222.71,17.71,0.07,0.0,75.6,27.51,28.7,2.26,195.2,35.5,66.61,0.01,900.99,979.32,20.58,1142.85,165.0,72.4,257.98,573.68,136.85,710.53,250.0,432.32,-230.55,-4.02,204.66,1.19,8.0725,1.31,1.64,0.07,0.0,0.0,6.2,11.36,16.4,16.96,19.32,7.98,7.95,2.89,1.71,0.14,3,2011,0.0,253.0,17.71
2011-06-30,228.33,16.89,0.06834104046242775,0.1,75.09,25.05,26.38,2.12,203.28000000000003,29.709999999999994,66.19,0.01,888.24,966.74,22.42,1159.56,135.0,71.02,287.23,567.15,168.19,735.34,250.0,424.22,6.600000000000023,-0.6200000000000001,-6.409999999999997,1.33,7.7537596210775614,1.25,1.73,0.14,0.1,0.71,5.818751445086705,10.270682080924855,15.933225433526012,16.32374566473988,17.31957225433526,7.73,7.67,2.74,1.7,0.14,6,2011,24.714285714285715,247.14285714285714,34.6
2011-09-30,119.17000000000002,-8.39,-0.032010682945440676,0.08570665503897092,41.349999999999994,-6.1200000000000045,-4.780000000000001,1.86,125.29999999999995,-1.2099999999999937,36.29,0.01,1036.93,1089.41,22.45,1240.65,230.75,49.65,415.11,765.35,79.48,844.83,250.0,395.82,-134.47000000000003,0.8099999999999996,103.75,1.3399999999999999,-14.526400476758045,1.17,2.13,0.1,0.18,1.8,-2.701701640595193,-5.493033193437619,-8.47642884395269,-8.463624570774515,-12.509774895078214,4.63,4.6,1.6,1.42,0.07,9,2011,22.463714285714275,262.09999999999997,26.21
2011-12-31,58.110000000000014,-16.990000000000002,-0.07370932754880695,-0.024676789587852445,19.390000000000015,-13.71,-12.379999999999995,1.79,71.81000000000006,-8.469999999999999,31.82,0.01,1036.04,1095.3,23.27,1396.96,305.0,34.44,516.3,915.88,102.25,1018.13,250.0,378.83,-185.99999999999994,-0.54,182.08999999999997,1.3300000000000005,-6.071144791053561,1.18,2.69,0.04,0.18,4.5,-4.864815618221259,-20.933449023861172,-17.91136659436009,-17.026854663774404,-50.12234273318872,1.48,1.47,0.73,1.2,0.06,12,2011,-5.687999999999988,230.5,9.22
2012-03-31,144.36,-17.68,-0.07,0.0,33.16,-6.72,-5.42,1.67,151.08,-2.78,32.5,0.01,1034.84,1100.46,22.04,1391.84,282.92,51.57,536.02,933.56,97.12,1030.69,250.0,361.15,24.48,-0.79,-23.01,1.3,-5.965,1.16,2.85,-0.07,0.0,0.0,-5.080000000000001,-2.12,-19.6,-17.84,-5.88,-12.32,-12.25,-0.45,1.18,0.07,3,2012,0.0,252.57142857142856,-17.68
2012-06-30,203.18,2.0700000000000003,0.007956438180653428,0.0,50.39,12.82,14.07,1.47,190.35999999999999,13.33,26.44,0.01,1088.14,1147.34,20.85,1351.24,280.21,52.84,500.46,895.48,92.27,987.75,250.2,363.49,52.349999999999994,-0.039999999999999925,-58.36999999999999,1.2499999999999998,46.18900966183574,1.01,2.72,-0.06,0.0,0.0,0.6152978859705317,-0.25991031390134534,2.2755413196668806,2.1004996796925055,-0.710775144138373,-4.57,-4.49,0.2,1.28,0.07,6,2012,0.0,260.1666666666667,-15.61
2012-09-30,163.16999999999996,-8.580000000000002,-0.035469202149648625,0.0,37.480000000000004,-3.3299999999999996,-2.08,1.74,166.5,0.9100000000000001,22.29,0.01,1090.43,1143.19,19.66,1388.33,325.8,62.85,468.58,921.77,111.64,1033.41,250.2,354.91,-24.549999999999997,-0.2300000000000001,20.629999999999995,1.25,-12.264160839160837,1.23,2.91,-0.1,0.0,0.0,-2.468656469615544,0.2979412980570484,-9.675998346424144,-9.136866473749485,0.8370731707317074,-4.8,-4.74,0.07,1.24,0.06,9,2012,0.0,241.9,-24.19
2012-12-31,220.39000000000004,6.810000000000002,0.027428078250863075,0.0,56.72999999999999,13.870000000000001,15.04,1.7,206.52000000000004,18.119999999999997,21.1,0.01,1192.78,1242.59,18.53,1351.91,330.0,61.81,424.18,878.33,111.47,989.81,250.46,362.1,55.36,-0.5999999999999999,-55.95,1.17,15.497804698972093,1.18,2.73,-0.07,0.0,0.0,2.021841196777906,-1.896455696202532,7.523130034522442,7.350724971231305,-5.501288837744536,-2.4,-2.38,0.29,1.41,0.06,12,2012,0.0,248.28571428571425,-17.38
2013-03-31,168.09,5.27,0.019999999999999997,0.0,51.71,13.93,15.0,1.95,154.16,18.2,11.42,0.01,1150.07,1194.71,17.84,1305.68,360.21,32.08,381.61,831.0,103.55,934.55,250.46,371.13,26.27,-0.8,-35.15,1.07,24.375,1.32,2.52,0.02,0.0,0.0,1.6,4.12,5.68,5.76,11.72,3.14,3.14,0.97,1.44,0.05,3,2013,0.0,263.5,5.27
2013-06-30,271.14,20.82,0.0798006899195094,0.0,79.97999999999999,33.49,34.58,1.75,237.65,38.349999999999994,38.86,0.01,909.49,977.23,17.06,1215.0,348.6,33.76,286.75,729.88,92.76,822.64,250.76,392.36,154.19,-0.07999999999999996,-126.66999999999999,1.09,5.482408741594621,1.12,2.1,0.1,0.0,0.0,6.862859333077807,11.810502108087391,21.2269835185895,22.024990417784593,31.186109620544272,5.96,5.94,2.0,1.34,0.09,6,2013,0.0,260.9,26.09
2013-09-30,156.90999999999997,6.239999999999998,0.025091246520259815,0.0,54.18000000000001,13.329999999999998,14.450000000000003,2.0,143.57999999999998,18.64,25.36,0.01,916.64,972.21,16.62,1213.98,305.63,49.94,308.17,726.19,89.19,815.38,250.76,398.6,25.310000000000002,0.78,-39.599999999999994,1.1199999999999997,19.92129006410257,1.26,2.05,0.13,0.0,0.0,2.0536220228889572,3.605419115372718,6.261231054747911,6.624089081348592,9.611877513145682,5.44,5.42,1.61,1.34,0.08,9,2013,0.0,248.69230769230768,32.33
2013-12-31,133.26999999999998,4.289999999999999,0.017572364827962858,0.0,46.56,11.560000000000002,12.700000000000003,1.98,121.71000000000004,-5.030000000000001,6.43,0.01,973.66,1007.05,16.8,1255.43,353.29,59.24,298.48,768.13,79.15,847.27,251.15,408.16,-41.69,0.73,22.039999999999992,1.1400000000000001,28.169230769230772,1.22,2.08,0.15,0.0,0.0,1.3683014746040414,2.6007099945385033,4.203309666848717,4.456351720371381,6.953970507919169,5.04,5.02,1.49,1.31,0.04,12,2013,0.0,244.13333333333333,36.62
2014-03-31,98.62,-7.51,-0.03,0.0,31.02,-3.27,-2.12,1.8,101.89,-3.27,9.31,0.01,1113.4,1150.85,16.13,1401.13,421.18,57.87,354.73,896.13,104.36,1000.49,251.15,400.65,-133.72,-0.2,136.8,1.15,-15.0,1.13,2.5,-0.03,0.0,0.0,-2.16,-0.96,-7.48,-7.8,-2.6,-7.62,-7.62,-0.26,1.28,0.04,3,2014,0.0,250.33333333333334,-7.51
2014-06-30,190.46999999999997,7.74,0.0,,56.60000000000001,17.1,18.26,1.9,173.37,16.94,9.54,0.01,1087.22,1134.98,15.22,1379.84,327.49,51.88,407.4,848.83,121.96,970.79,251.62,409.04,38.760000000000005,-0.6799999999999999,-37.85000000000001,1.1600000000000001,0.0,1.17,2.37,0.0,0.0,0.0,2.692173913043478,144.0313043478261,8.076521739130435,8.076521739130435,349.9826086956522,0.08,0.08,0.51,1.34,0.06,6,2014,,inf,0.23
2014-09-30,150.97000000000003,0.4,0.0,,47.25,8.31,9.939999999999998,4.1,142.66000000000003,8.270000000000001,7.77,0.01,1036.58,1080.87,18.46,1329.02,337.23,25.84,384.8,804.1,115.47,919.57,251.62,409.45,36.16,-0.9500000000000001,-36.980000000000004,1.63,0.0,2.52,2.25,0.0,0.0,0.0,0.126984126984127,4.419047619047619,0.38095238095238093,0.40634920634920635,10.717460317460317,0.14,0.14,0.54,1.34,0.06,9,2014,,inf,0.63
2014-12-31,221.21999999999997,6.65,0.027403846153846154,,69.00999999999999,16.939999999999998,17.690000000000005,3.08,204.28000000000003,16.139999999999997,26.56,1.01,1003.09,1076.96,20.79,1282.16,272.25,42.31,351.11,732.17,121.99,854.16,253.21,418.33,122.41999999999999,-8.63,-95.0,0.7500000000000004,28.099157894736845,1.86,2.04,0.03,0.0,0.0,2.0826923076923074,11.253846153846155,6.357692307692307,6.430769230769231,25.978846153846156,1.1,1.1,0.73,1.47,0.1,12,2014,,242.66666666666669,7.28
2015-03-31,145.04,-14.55,-0.06,0.0,46.81,-7.02,-5.69,3.4,152.06,-7.12,32.93,0.01,1111.86,1164.41,20.82,1373.85,329.2,39.14,430.65,864.15,85.55,949.7,253.21,403.78,-90.91,-2.42,99.7,1.33,-14.1675,2.13,2.35,-0.06,0.0,0.0,-4.24,-2.04,-14.4,-14.48,-5.52,-10.04,-10.03,-0.59,1.35,0.06,3,2015,0.0,242.50000000000003,-14.55
2015-06-30,287.40999999999997,20.55,0.0685,0.0,101.25,39.58,40.89,3.08,247.82999999999998,38.93,50.07,0.0,1065.39,1132.6,19.75,1280.78,301.1,41.75,335.76,744.72,80.82,825.55,253.21,424.33,150.31,-1.4,-131.77,1.31,11.24087591240876,1.84,1.95,0.02,0.0,0.0,6.438999999999999,33.565000000000005,19.317,19.728,83.159,1.39,1.39,1.25,1.52,0.09,6,2015,0.0,300.0,6.0
2015-09-30,210.29000000000002,7.42,0.027645305514157975,0.0,64.82,12.46,13.739999999999995,2.68,197.82000000000005,5.190000000000001,31.82,0.0,1043.19,1116.58,12.88,1269.22,211.55,44.59,408.91,735.19,72.74,807.93,253.21,430.84,10.919999999999995,4.75,-33.910000000000004,1.2799999999999998,24.2355795148248,1.58,1.88,0.05,0.0,0.0,2.3443219076005963,7.674336810730254,6.878152011922503,7.055081967213114,18.643994038748136,2.11,2.09,1.2,1.52,0.1,9,2015,0.0,268.4,13.42
2015-12-31,204.64999999999998,3.889999999999999,0.015730791450028883,0.0,67.0,11.699999999999996,12.550000000000004,1.83,192.9699999999999,14.93,34.22,0.0,1006.57,1084.29,12.14,1238.23,191.73,46.09,405.32,706.92,66.13,773.05,253.21,434.73,46.80000000000001,-6.02,-38.39,0.8499999999999996,29.079910025706948,1.07,1.78,0.07,0.0,0.0,1.2584633160023104,4.045060658578855,3.577631426920854,3.6495436164067,9.600277296360483,2.05,2.04,1.24,1.53,0.11,12,2015,0.0,247.28571428571425,17.31
2016-03-31,206.55,6.4,0.03,0.0,68.66,11.83,13.17,2.12,194.72,11.57,36.09,0.0,1176.93,1234.71,12.49,1393.64,162.17,57.08,568.31,859.5,64.12,923.61,253.21,441.13,-112.62,-5.15,119.65,1.34,17.6675,1.22,2.09,0.03,0.0,0.0,1.8399999999999999,3.4000000000000004,5.8,6.04,8.84,3.1,3.1,1.06,1.44,0.07,3,2016,0.0,213.33333333333334,6.4
2016-06-30,136.77999999999997,-5.42,-0.0,,47.11,-3.6999999999999993,-2.2799999999999994,1.87,140.47,-5.640000000000001,20.27,0.0,1216.08,1261.46,19.64,1427.66,227.99,66.43,553.1,913.69,70.69,984.38,253.21,415.45,-32.06,-5.209999999999999,21.439999999999998,1.4199999999999997,-0.0,1.14,2.37,0.0,0.08,0.0,-1.5485714285714287,-13.273469387755101,-5.3093877551020405,-5.088163265306123,-34.9534693877551,0.29,0.29,0.31,1.38,0.05,6,2016,inf,inf,0.98
2016-09-30,218.47999999999996,7.289999999999999,0.026444981862152352,-inf,72.06000000000002,16.049999999999997,17.439999999999998,1.7,202.43,15.899999999999999,29.64,0.0,1237.93,1297.14,18.73,1463.41,236.28,71.51,548.68,929.77,82.03,1011.8,253.21,422.74,10.129999999999995,4.949999999999999,-5.710000000000008,1.3900000000000006,16.072047325102883,1.02,2.39,0.03,0.08,2.67,2.009818621523579,6.241015719467956,6.910955259975816,6.84043530834341,15.972769044740025,1.48,1.47,0.61,1.4,0.06,9,2016,-inf,275.6666666666667,8.27
2016-12-31,228.2800000000001,9.27,0.036995438996579255,-0.008012162675788692,67.63999999999999,16.270000000000003,17.550000000000004,1.74,212.02999999999997,15.579999999999998,27.07,0.0,1277.9,1331.85,17.94,1469.02,200.55,95.49,564.61,928.73,79.75,1008.47,253.21,432.02,31.91000000000001,1.5100000000000002,-35.91,1.2799999999999994,11.759557713052859,1.02,2.33,0.07,0.08,1.14,2.5156898517673887,6.320935005701254,8.582941847206385,8.561801596351197,15.834047890535919,2.23,2.22,0.77,1.43,0.06,12,2016,-2.007619047619052,250.57142857142853,17.54
2017-03-31,268.19,16.6,0.07,0.0,84.75,25.71,27.0,1.83,242.48,25.52,26.12,11.73,1321.18,1359.03,18.04,1411.33,133.12,119.96,562.34,843.68,91.46,935.15,253.21,448.61,72.36,-2.94,-70.36,1.29,6.535,1.03,2.08,0.07,0.0,0.0,4.72,7.32,14.8,14.92,18.12,6.19,6.19,2.1,1.61,0.04,3,2017,0.0,237.14285714285714,16.6
2017-06-30,178.23000000000002,1.2299999999999969,0.004828939988782938,0.0,59.00999999999999,7.839999999999996,9.159999999999997,2.84,170.39000000000001,7.279999999999998,9.55,19.87,1176.42,1205.84,16.85,1340.95,97.18,89.47,563.8,776.85,85.99,862.84,253.21,449.85,34.120000000000005,2.55,-53.239999999999995,1.3199999999999998,147.0250203252036,1.6,1.92,0.07,0.0,0.0,0.3669994391475034,0.6677734155916978,1.0927201346045963,1.136870443073469,1.6418395961861991,4.0,3.99,1.34,1.55,0.04,6,2017,0.0,254.71428571428567,17.83
2017-09-30,215.45,13.420000000000002,0.051532800000000004,0.0,66.56,23.0,24.360000000000007,2.78,192.46000000000004,15.690000000000005,18.38,21.32,1086.69,1126.39,15.82,1258.5,89.74,85.52,485.75,685.39,80.69,766.08,253.21,463.27,110.54,-0.7599999999999999,-100.96000000000001,1.3600000000000003,13.488496646795825,1.52,1.65,0.12,0.0,0.0,4.2600448,7.145881600000002,11.594880000000002,12.110208000000002,16.9542912,4.78,4.72,1.64,1.64,0.06,9,2017,0.0,260.4166666666667,31.25
