,revenue,net_profit,eps,dps,gross_profit,ebit,ebitda,close_price,expense,operating_profit,cash,account_receivable,inventory,current_asset,property_plant_equipment,total_asset,short_term_loan,account_payable,current_portion_long_term_debt,current_liability,non_current_liability,total_liability,paid_in_capital,total_equity,cash_flow_operation,cash_flow_investment,cash_flow_financing,depreciation,P/E,P/BV,D/E,EPS,DPS,DPR%,ROA%,ROAA%,ROE%,ROAE%,ROCE%,NPM%,NPMA%,TIE,CurrentRatio,QuickRatio,month,year,dividend,number_of_shares,return_old
2000-03-31,941.1,206.52,0.47,0.0,411.9,330.24,564.75,16.38,610.86,273.85,311.12,624.38,28.0,1483.11,1207.45,10548.02,132.87,157.41,1310.22,2382.75,4379.16,6761.9,4375.0,3760.75,463.48,-288.13,-183.38,234.51,8.71,19.05,1.8,0.47,0.0,0.0,7.84,0.0,21.96,0.0,16.16,23.95,21.94,0.0,0.62,0.61,3,2000,0.0,439.404255319149,206.52
2000-06-30,985.85,152.21,0.3479279681097204,0.0,465.95000000000005,274.9,518.4000000000001,14.13,710.9499999999999,339.3299999999999,1020.97,504.62,32.54,1944.82,1284.45,10888.45,0.0,228.44,2229.6,3520.53,3425.01,6945.54,4375.0,3918.1,953.8399999999999,-1.240000000000009,-242.75,243.5,10.151957657184154,15.77,1.77,0.82,0.0,0.0,5.583819585760878,0.0,15.546439940902628,0.0,13.93409082039417,19.9,18.62,0.0,0.55,0.54,6,2000,0.0,437.4756097560976,358.73
2000-09-30,1110.7699999999998,98.40999999999997,0.22388414927593292,0.0,497.0300000000001,225.33000000000004,487.73,15.25,885.44,376.6500000000001,711.96,501.12,30.5,1756.69,1914.07,11178.71,540.0,177.45,2076.34,3868.09,3329.53,7197.62,4375.0,3956.74,539.6600000000001,-821.4699999999999,-27.189999999999998,262.4,17.024876536937306,16.86,1.82,1.04,0.0,0.0,3.521869886686791,0.0,9.945622785142405,0.0,9.782015137594607,16.02,15.05,0.0,0.45,0.45,9,2000,0.0,439.55769230769226,457.14
2000-12-31,1196.1799999999998,253.39999999999998,0.5777408731387396,0.0,570.9499999999998,371.3899999999999,-369.0200000000002,14.38,824.79,414.43999999999994,643.41,568.06,26.54,1761.02,2707.08,11831.62,1157.59,743.94,2493.1,5032.22,2561.4,7593.62,4375.0,4214.14,294.3499999999999,-177.01,-123.66000000000003,-740.41,6.217926006314128,14.92,1.8,1.62,0.0,0.0,8.573389253244011,0.0,24.051138570664563,0.0,25.22088552368621,17.69,16.78,0.0,0.35,0.34,12,2000,0.0,438.6049382716049,710.54
2001-03-31,1229.6,278.75,0.64,0.0,558.21,379.91,631.19,14.5,849.7,410.86,1052.94,518.29,59.24,2140.76,2833.74,12217.97,930.09,799.88,2395.58,4939.35,2754.65,7694.0,4375.0,4500.4,873.63,-174.54,-314.55,251.28,5.665,14.1,1.71,0.64,0.0,0.0,9.12,13.36,24.76,27.0,20.88,24.08,22.67,0.0,0.43,0.42,3,2001,0.0,435.546875,278.75
2001-06-30,1290.2000000000003,363.19000000000005,0.8316809982241331,0.0,589.99,458.74999999999994,717.19,16.13,831.44,444.12,419.86,423.77,38.4,1517.0,3192.84,11743.7,523.87,793.97,2143.24,4327.92,2520.62,6848.54,4375.0,4871.86,555.5200000000001,-134.9,-1033.98,258.44000000000005,4.847381398166249,14.48,1.41,1.47,0.0,0.0,12.379034177649,16.76940461725395,29.827362058759388,33.06356294980839,25.59540704738761,26.78,25.48,0.0,0.35,0.34,6,2001,0.0,436.6938775510205,641.94
2001-09-30,1358.9399999999996,529.74,1.2116816878328553,0.0,592.75,619.4,882.9699999999998,13.5,739.5399999999997,457.1299999999999,313.91,428.24,38.21,1321.42,3835.57,12109.69,1720.72,167.38,2023.23,4606.36,2089.38,6695.74,4375.0,5390.96,-304.27,-730.9199999999998,894.6199999999999,263.56999999999994,2.786870540265036,10.96,1.24,2.68,0.0,0.0,17.506087668988116,22.642171241294548,39.29827324866857,45.33859688652191,35.138768947152805,32.25,30.21,0.0,0.29,0.28,9,2001,0.0,437.1940298507463,1171.68
2001-12-31,1282.6599999999999,391.47,0.8940587275693311,0.0,516.6099999999999,470.5,746.3299999999999,12.75,812.1600000000003,377.6200000000001,799.42,661.61,39.79,1882.08,5664.44,14376.57,2509.97,925.97,2249.22,6619.61,1961.2,8580.82,4375.0,5776.84,1080.1,-1791.07,1172.23,275.8299999999999,3.563775959843666,9.66,1.49,3.57,0.0,0.0,10.888984166586699,14.745708089434796,27.10725957201804,31.344647154783612,24.903417330390557,32.45,30.29,0.0,0.28,0.28,12,2001,0.0,437.8571428571429,1563.15
2002-03-31,1302.57,389.26,0.89,0.0,524.83,471.27,736.34,12.63,831.3,363.01,873.25,732.18,42.17,2022.63,6431.91,15155.96,3042.82,582.29,2132.65,6829.22,2157.72,8986.94,4375.0,6150.56,607.99,-1121.54,567.13,265.07,3.5475000000000003,8.98,1.46,0.89,0.0,0.0,10.28,13.76,25.32,29.24,22.64,32.6,29.88,0.0,0.3,0.29,3,2002,0.0,437.3707865168539,389.26
2002-06-30,1398.11,414.36,0.948734974241557,0.0,535.0399999999998,483.15,758.16,12.5,914.96,306.08000000000004,738.99,627.59,81.42,1903.67,7595.19,15994.17,4438.93,163.94,1622.06,7205.84,2235.89,9441.73,4375.0,6534.43,553.3699999999999,-1661.2600000000002,970.67,275.01000000000005,3.2921733516748724,8.37,1.44,1.84,0.0,0.0,10.353586023244818,14.1897752669172,25.36834822428511,29.060164754485953,22.398395261441973,33.28,29.76,0.0,0.26,0.25,6,2002,0.0,436.75,803.62
2002-09-30,1374.44,354.9999999999999,0.8119573285460286,0.0,525.2800000000002,407.87,682.9699999999998,8.8,966.5800000000002,350.2199999999999,499.74,811.99,165.4,2137.48,8022.4,16523.74,5308.79,187.63,1176.91,7219.2,2358.82,9578.02,4375.0,6928.08,-171.9999999999999,-453.7999999999997,397.01,275.0999999999999,2.708886197183099,5.56,1.38,2.65,0.0,0.0,8.591427732992695,11.66767361171048,20.491964578550338,23.053460150869128,17.942724965907715,31.19,28.43,0.0,0.3,0.27,9,2002,0.0,437.2150943396226,1158.62
2002-12-31,1353.75,251.9000000000001,0.5750489181294844,0.0,526.8699999999999,312.79999999999995,603.3100000000004,8.35,1040.94,236.3800000000001,519.7,759.67,407.87,2272.16,11649.33,20307.27,2617.01,1094.42,759.97,5328.55,7774.61,13103.15,4375.0,7186.8,582.7199999999999,-2882.78,2321.7500000000005,290.5100000000001,3.6256915442635953,5.08,1.82,3.22,0.0,0.0,4.9647080509315735,6.900587017553812,14.022621444573637,15.544179451549791,7.986393670419423,28.23,25.98,0.0,0.43,0.35,12,2002,0.0,438.04968944099375,1410.52
2003-03-31,1427.88,352.7,0.81,0.0,620.12,466.31,762.62,5.75,961.57,449.99,370.48,1204.77,550.23,2685.47,13882.16,22171.94,1037.12,1147.24,634.12,3916.91,10464.86,14381.77,4375.0,7521.4,287.28,-1778.43,1256.66,296.31,1.7749999999999997,3.34,1.91,0.81,0.0,0.0,6.36,10.0,18.76,20.64,10.2,25.01,24.7,0.0,0.69,0.55,3,2003,0.0,435.43209876543204,352.7
2003-06-30,1503.9899999999998,260.18,0.5943284166557891,0.0,630.93,390.46999999999997,705.62,11.25,1113.52,349.54999999999995,1102.67,947.7,654.16,3227.1,15435.07,24101.2,947.0,491.61,691.77,4337.59,11724.38,16061.96,4375.0,7753.36,1196.18,-1730.22,1268.82,315.15000000000003,4.734755938196633,6.35,2.07,1.4,0.0,0.0,4.313126223730583,7.250806683200626,13.414841404516382,14.569536614019057,7.369672366531785,21.34,20.9,0.0,0.74,0.59,6,2003,0.0,437.7714285714286,612.88
2003-09-30,1513.54,205.32000000000005,0.46925983867025184,0.0,981.1299999999999,324.3399999999999,685.4199999999998,10.65,1189.19,710.8600000000001,630.03,1010.24,655.9,2779.25,16733.83,24748.09,892.0,388.64,678.91,3868.62,12680.37,16548.99,4375.0,7896.26,-191.55999999999995,-1286.1100000000001,999.6799999999998,361.0799999999999,5.678623611922852,5.9,2.1,1.87,0.0,0.0,3.3224600342214625,5.74153214373014,10.39899877780494,11.081558543143487,5.6813062820826215,18.93,18.41,0.0,0.72,0.55,9,2003,0.0,437.5401069518717,818.2
2003-12-31,1771.4300000000003,262.0899999999999,0.5992486276833072,0.0,60.570000000000164,396.49,-576.05,16.75,1374.94,-339.8700000000001,820.12,923.29,547.96,2670.89,17104.47,25115.99,897.0,414.61,1578.27,4652.68,12020.07,16672.76,4375.0,8078.42,589.25,-1392.33,997.9000000000005,-972.54,6.986499103361443,9.07,2.06,2.47,0.0,0.0,4.172905423543677,6.7445796961926865,12.974824537855572,13.73177017282396,7.482116468725988,18.61,17.38,0.0,0.57,0.46,12,2003,0.0,437.36437246963555,1080.29
2004-03-31,1515.48,190.51,0.44,0.5,680.97,305.5,305.5,12.75,1209.98,389.77,997.2,1067.75,564.85,3022.48,17911.7,26596.94,1407.0,433.83,2648.03,6045.0,11889.49,17934.49,4379.11,8267.41,615.41,-926.49,486.6,0.0,7.245,6.75,2.17,0.44,0.5,1.14,2.88,5.0,9.2,9.64,5.96,12.85,12.57,0.0,0.5,0.41,3,2004,216.48863636363635,432.9772727272727,190.51
2004-06-30,1279.3400000000001,248.87,0.28320588101415634,0.2536430466069958,288.25,365.09000000000003,1030.92,12.9,914.2399999999998,111.78000000000003,474.93,902.03,439.14,2370.46,18349.81,26280.41,928.0,424.34,2937.1,5363.78,12123.66,17487.44,4379.78,8719.34,499.0300000000001,-1234.4999999999998,1691.1100000000001,665.83,11.387475388757183,6.48,2.01,0.5,0.5,1.0,3.783630570349128,6.026621147981247,11.418861122490782,12.075898766443625,7.272727024443534,16.9,15.72,0.0,0.44,0.36,6,2004,222.89136363636365,878.76,439.38
2004-09-30,1161.5,96.12,0.10949243697478991,-0.0005075630252100374,712.6700000000001,168.48000000000002,499.30999999999995,13.8,993.0400000000004,440.57,481.88,870.0,482.68,2697.14,19109.35,27215.38,923.0,495.18,2838.76,5781.59,12525.65,18307.24,4384.41,8833.72,544.3199999999999,-692.9900000000002,148.90999999999985,330.8299999999999,31.50491573033708,6.85,2.07,0.61,0.5,0.82,1.4144268907563025,2.3190857142857144,4.350978151260504,4.595092436974791,2.807314285714286,14.47,13.54,0.0,0.47,0.38,9,2004,-0.4455737704917624,877.8688524590165,535.5
2004-12-31,1610.2099999999996,320.62,0.3670135027799841,-0.002447948540996681,220.51,477.85,757.1199999999999,17.9,1132.3599999999997,-38.360000000000014,992.9,991.24,325.55,2726.13,19638.11,27586.69,1392.1,585.47,2707.89,6135.14,12287.43,18422.57,4384.41,9091.59,901.3999999999999,-713.48,315.80999999999995,279.2700000000001,12.196145281018026,8.63,2.03,0.98,0.5,0.51,4.643844320889595,7.490071485305798,14.111294678316124,14.935202541699763,9.19780778395552,16.72,15.38,0.0,0.44,0.39,12,2004,-2.1385078621613047,873.5918367346939,856.12
2005-03-31,1284.38,201.02,0.23,0.0,414.93,295.5,619.65,16.1,988.88,242.44,1032.66,1015.05,385.33,2910.38,20171.06,28076.62,1397.62,380.53,2300.08,6245.63,12480.92,18726.54,4387.31,9297.1,468.36,-681.86,269.16,324.15,17.5,7.6,2.01,0.23,0.0,0.0,2.88,4.32,8.64,9.16,5.4,16.35,15.65,0.0,0.47,0.4,3,2005,0.0,874.0,201.02
2005-06-30,2766.0299999999997,582.35,0.6467499393645404,0.0,552.45,1032.75,1378.2400000000002,15.8,1733.2799999999997,292.03000000000003,2064.41,1259.85,429.09,5955.31,23031.57,33408.38,469.06,596.09,1800.75,5112.57,15123.25,20235.82,5435.52,13115.21,416.68999999999994,-2919.4,3521.88,345.49,6.107151712887439,6.55,1.54,0.87,0.0,0.0,6.958137278680572,13.232355081251516,17.75217074945428,21.35018190637885,13.946010186757217,27.45,19.34,0.0,1.16,1.08,6,2005,0.0,900.4252873563219,783.37
2005-09-30,1414.46,144.97000000000003,0.1499140401146132,0.0,444.0200000000001,224.91000000000008,634.6299999999999,15.8,1189.5500000000002,210.16999999999996,1648.53,1200.9,402.46,4860.48,24328.19,33374.08,28.0,522.14,2563.41,4937.8,15139.34,20077.13,5453.79,13239.33,-117.67999999999995,-699.4399999999996,387.09000000000015,409.7199999999999,26.35110091743119,6.51,1.52,0.96,0.0,0.0,1.7365042979942695,3.204412607449857,4.378739255014327,5.253237822349571,3.4105444126074502,21.83,16.99,0.0,0.98,0.9,9,2005,0.0,967.0208333333334,928.34
2005-12-31,1449.5900000000001,279.37,0.27989972758360865,0.0,277.24,51.419999999999845,580.6399999999999,14.9,1398.17,-59.99000000000001,677.14,1203.15,605.54,3221.4,8241.78,33687.13,38.0,582.61,2888.82,5590.82,14512.18,20103.0,5453.79,13526.24,1079.79,-2211.16,169.59999999999945,529.22,13.303960786770233,6.01,1.49,1.21,0.0,0.0,3.321785196777372,4.8485109835970555,8.262825015939256,9.88207963832377,5.2833965107517535,21.61,17.47,0.0,0.58,0.47,12,2005,0.0,998.1074380165289,1207.71
2006-03-31,1969.86,-58.2,-0.05,0.0,191.43,125.67,904.66,11.5,1844.19,-87.57,362.55,1359.46,442.44,2461.89,9757.85,34402.64,54.0,522.92,3449.35,6342.37,14377.23,20719.6,5453.79,13626.98,907.44,-1897.77,675.05,778.99,-57.5,4.6,1.52,-0.05,0.0,0.0,-0.68,1.6,-1.72,-2.04,1.8,-3.32,-2.95,0.0,0.39,0.32,3,2006,0.0,1164.0,-58.2
2006-06-30,1755.64,-33.980000000000004,-0.02949012801041441,0.0,328.44,99.2,887.8100000000001,11.2,1656.44,39.67999999999999,311.82,1115.39,470.4,2270.28,10621.11,34578.71,0.0,541.43,3717.56,6664.08,14280.26,20944.35,5454.54,13578.93,735.28,-996.54,210.67000000000007,788.6099999999999,-94.94702766333137,4.5,1.54,-0.08,0.0,0.0,-0.3981167281405945,0.9731742243436755,-1.00266435235409,-1.017409416359297,1.1943501844217836,-2.86,-2.47,0.0,0.34,0.27,6,2006,0.0,1152.25,-92.18
2006-09-30,1807.7600000000002,-746.8199999999999,-0.6854009535160905,0.0,372.29999999999995,-817.4,-104.31999999999994,7.45,2625.1499999999996,109.78999999999999,354.11,1259.41,471.0,2683.47,6531.04,33474.44,187.99,667.77,3878.46,6861.08,13762.04,20623.12,5455.35,12795.96,596.0400000000002,-545.06,-8.5,713.0799999999999,-2.7187006239790046,3.18,1.61,-0.77,0.0,0.0,-8.936916328963049,-6.302128247914183,-23.357040286054826,-22.965382598331345,-7.939969487485101,-17.29,-15.16,0.0,0.39,0.32,9,2006,0.0,1089.6103896103896,-839.0
2006-12-31,3439.2999999999993,793.45,0.6967727771679474,0.0,503.0400000000001,1424.99,2128.71,6.8,2014.3200000000006,84.57,362.69,1346.44,334.83,2479.27,6821.67,32833.81,306.08,552.21,3308.89,6331.43,12924.72,19256.14,5455.35,13521.75,554.7999999999997,-426.6100000000001,-118.63,703.7200000000003,2.4398197744029235,2.74,1.42,-0.04,0.0,0.0,9.754818880351264,-174.19319429198683,23.690274423710214,23.690274423710214,-218.7866520307355,-0.67,-0.51,0.0,0.39,0.34,12,2006,0.0,1138.75,-45.55
2007-03-31,2109.92,134.88,0.12,0.0,241.02,395.17,1079.47,6.75,1714.74,-95.12,758.88,1101.35,401.28,2605.42,6748.02,32594.62,381.77,468.93,4017.67,7129.8,11808.46,18938.25,5455.35,13601.79,749.76,-387.78,32.33,684.3,14.0625,2.71,1.39,0.12,0.0,0.0,1.64,4.72,3.96,3.96,6.2,8.34,6.39,0.0,0.37,0.31,3,2007,0.0,1124.0,134.88
2007-06-30,2037.75,-83.10999999999999,-0.08026849526752944,0.0,336.20000000000005,204.41000000000003,915.26,11.2,1833.3500000000001,-37.74000000000001,602.13,1238.25,560.89,2691.41,6808.56,32340.8,359.99,594.78,4541.2,7960.31,10843.8,18804.11,5455.35,13482.14,233.15999999999997,-312.08000000000004,-76.0,710.8500000000001,-34.882926242329454,4.53,1.39,0.05,0.0,0.0,-1.0274367394243769,-11.494448522310215,-2.440162256132895,-2.440162256132895,-15.796839868649792,1.52,1.25,0.0,0.34,0.27,6,2007,0.0,1035.4,51.77
2007-09-30,6878.6900000000005,3143.44,2.8726890564313456,0.0,104.5,5276.33,5970.0599999999995,10.0,1602.3599999999997,-204.13,637.63,1019.55,595.97,4432.56,4533.74,30735.98,383.11,394.43,438.52,4204.08,9652.05,13856.13,5460.08,16824.89,350.44999999999993,4494.4,-4808.7699999999995,693.73,0.8690811817626549,3.25,0.82,2.92,0.0,0.0,40.925981077926025,72.01398593519674,74.7292673720976,84.88205883181386,87.16446931500589,66.46,28.98,0.0,1.05,0.91,9,2007,0.0,1094.25,3195.21
2007-12-31,1772.5499999999993,-155.48000000000002,-0.1421949975820221,0.0,638.03,-72.05000000000018,596.4900000000007,10.2,1844.6000000000004,261.13,2428.51,931.41,531.46,4313.46,4504.87,30101.48,344.83,513.89,1139.22,4619.97,8797.33,13417.3,5461.09,16642.4,401.10000000000014,1503.4399999999996,-109.76000000000022,668.54,-17.93769150373038,3.35,0.81,2.78,0.0,0.0,-2.066430900112839,-3.7727708710971046,-3.735943389708955,-4.122631944284525,-4.660722366789156,47.24,23.75,0.0,0.93,0.82,12,2007,0.0,1093.428057553957,3039.73
2008-03-31,2399.74,280.76,0.26,0.0,415.05,488.38,1130.6,10.3,1911.36,58.46,2965.42,1189.99,420.78,4976.31,4306.67,30243.31,266.35,609.35,1056.43,4980.26,8342.9,13323.16,5462.26,16882.39,762.69,-151.07,-82.9,642.22,9.905,3.33,0.79,0.26,0.0,0.0,3.72,6.2,6.64,7.36,7.72,15.12,11.7,0.0,1.0,0.91,3,2008,0.0,1079.8461538461538,280.76
2008-06-30,1253.19,-281.9,0.0,,298.59999999999997,-289.68,360.44000000000005,7.55,1542.8799999999999,-0.2700000000000031,1730.01,999.52,485.78,3913.34,22938.84,29267.13,414.55,525.24,1335.56,3751.74,8698.73,12450.48,5479.69,16774.51,-771.33,-54.33000000000001,-387.03999999999996,650.1199999999999,0.0,2.47,0.74,0.0,0.0,0.0,-0.0,642.9298245614036,-9.891228070175439,-9.891228070175439,771.5157894736843,-0.03,-0.03,0.0,1.04,0.91,6,2008,,-inf,-1.14
2008-09-30,1772.9600000000005,-114.96,-0.10891989664082687,,652.63,-143.42,528.25,4.26,1916.37,315.85,1641.64,943.86,440.63,3473.71,4984.02,28530.82,284.16,344.17,933.31,2897.12,8961.8,11858.92,5479.69,16630.06,1532.88,-1281.1799999999998,-352.46999999999997,671.6700000000001,-9.778516440501042,1.4,0.71,-0.11,0.0,0.0,-1.6238966408268733,0.7525374677002584,-2.7725064599483202,-2.7328992248062014,0.8713591731266149,-2.19,-2.14,0.0,1.2,1.05,9,2008,,1055.4545454545455,-116.1
2008-12-31,1722.2699999999995,-597.09,-0.5441866823707567,0.0,352.21000000000004,-578.11,109.15999999999985,2.9,2300.38,-169.24,1173.34,917.86,543.67,3063.08,5515.25,28421.26,296.2,517.06,1292.42,3542.93,8775.09,12318.02,5479.69,16058.52,232.48000000000002,-354.03,-342.11,687.2700000000002,-1.3318039993970758,0.99,0.77,-0.65,0.0,0.0,-8.405591216926766,-5.994425608884028,-14.868854582930217,-14.60094729314769,-7.032566356791318,-10.17,-9.98,0.0,0.86,0.71,12,2008,0.0,1097.2153846153847,-713.19
2009-03-31,1791.04,-220.29,-0.20000000000000004,0.0,369.11,-198.43,570.37,3.12,1989.47,27.17,1749.85,829.0,506.87,3394.84,5631.33,28631.42,322.77,454.36,1323.34,3830.28,8895.0,12725.29,5479.69,15863.63,854.59,-274.7,-8.62,768.8,-3.9,1.08,0.8,-0.2,0.0,0.0,-3.08,-2.68,-5.56,-5.4,-3.2,-12.53,-12.3,0.0,0.89,0.75,3,2009,0.0,1101.4499999999998,-220.29
2009-06-30,2047.0,198.73999999999998,0.18444547563805103,0.0,183.91999999999996,402.77,1087.4099999999999,5.3,1644.2299999999998,-128.64,1216.55,774.25,449.28,2801.13,6149.01,28104.6,17.0,441.19,2054.4,4078.25,7972.24,12050.49,5479.69,16012.19,545.93,-307.96,-768.37,684.6400000000001,7.183694777095703,1.81,0.75,-0.02,0.0,0.0,2.9511276102088164,-26.191257540603242,4.7955823665893265,4.7955823665893265,-31.35573085846867,-0.61,-0.56,0.0,0.69,0.58,6,2009,0.0,1077.5,-21.55
2009-09-30,1985.8000000000002,50.79,0.05211012311901505,0.0,257.36,157.79999999999998,877.4100000000001,7.55,1827.9899999999998,18.239999999999995,1385.46,899.84,398.0,3136.04,6050.28,27975.19,21.88,422.35,2194.2,4253.0,7599.4,11852.4,5479.69,16079.57,482.55999999999995,-196.44000000000005,-121.13999999999999,719.6100000000001,36.22184878913171,2.57,0.74,0.03,0.0,0.0,0.6948016415868674,8.893461012311903,1.2506429548563611,1.2506429548563611,10.63046511627907,0.55,0.5,0.0,0.74,0.64,9,2009,0.0,974.6666666666666,29.24
2009-12-31,1985.88,-500.47,-0.4566816628822444,0.0,250.07000000000005,142.60000000000002,1236.5099999999998,7.2,1843.29,10.75,797.64,1046.56,431.12,2646.64,6045.85,27403.28,81.34,462.05,635.85,2694.32,9083.15,11777.47,5479.69,15582.7,196.8800000000001,-235.15999999999997,-543.1899999999999,1093.9099999999999,-3.940491038423881,2.53,0.76,-0.43,0.0,0.0,-7.30690660611591,7.6892447424824395,-12.829568575854678,-12.659640515247332,8.666331090974683,-6.56,-6.03,0.0,0.98,0.82,12,2009,0.0,1095.8837209302326,-471.23
2010-03-31,1850.25,-157.1,-0.14000000000000004,0.0,258.49,-58.22,577.75,5.25,1908.46,-85.42,1657.88,1001.99,364.63,3368.4,5777.12,27607.14,8.02,467.88,800.62,3929.46,8282.21,12211.67,5479.69,15352.77,1091.66,-181.7,-52.84,635.97,-9.375,1.87,0.8,-0.14,0.0,0.0,-2.28,-0.84,-4.08,-4.04,-1.0,-8.81,-8.49,0.0,0.86,0.76,3,2010,0.0,1122.1428571428569,-157.1
2010-06-30,1726.46,-150.98,-0.13721890418073227,0.0,198.64,-56.489999999999995,592.71,5.65,1782.96,-103.83999999999999,1491.34,1019.47,434.55,3263.77,5759.72,27140.2,0.0,593.66,830.02,3831.42,8079.76,11911.18,5479.69,15183.91,39.5,-112.32,-91.25,649.2,-10.294499933766062,2.04,0.78,-0.28,0.0,0.0,-2.234707868086211,-0.8233134250843936,-3.9793482212412354,-3.8813347182549984,-0.9605323292651259,-8.98,-8.61,0.0,0.85,0.74,6,2010,0.0,1100.2857142857142,-308.08
2010-09-30,1663.9499999999998,-313.26000000000005,-0.28737599381980883,0.0,195.0,-235.04000000000002,416.69000000000005,7.4,1898.9899999999998,-237.94,1047.36,937.4,432.57,2788.15,5399.38,25988.47,0.0,503.26,841.6,3242.46,7898.09,11140.55,5479.69,14804.99,64.17999999999984,-83.78000000000003,-424.2099999999999,651.73,-6.436341377769264,2.74,0.75,-0.57,0.0,0.0,-4.819850001609426,-2.621675733092993,-8.470029291531208,-8.10702803617987,-3.105677406894776,-12.31,-11.86,-0.94,0.86,0.73,9,2010,0.0,1090.0701754385966,-621.34
2010-12-31,1736.0699999999997,-167.58999999999992,-0.15294740978287039,0.0,197.04999999999995,-74.57,581.3699999999999,6.25,1810.6400000000003,-140.74000000000007,1271.92,1022.74,413.01,3026.19,5262.65,25848.2,0.0,530.83,854.47,3394.89,7774.66,11169.55,5479.69,14633.69,640.02,-193.53000000000003,-217.67000000000007,655.94,-10.215275971119999,2.34,0.76,-0.72,0.0,0.0,-2.591608887987526,-1.3510354530820219,-4.579925215164841,-4.435474883703241,-1.6059478027201393,-11.78,-11.31,-0.86,0.89,0.77,12,2010,0.0,1095.736111111111,-788.93
2011-03-31,1625.59,-167.09,-0.15,0.0,263.84,-61.21,567.78,6.75,1686.8,-89.81,1699.58,993.06,413.78,3477.02,5218.48,25971.45,0.0,445.76,1140.24,3714.78,7840.24,11555.01,5479.69,14370.67,729.8,-185.76,-117.14,628.99,-11.25,2.57,0.8,-0.15,0.0,0.0,-2.56,-0.92,-4.64,-4.48,-1.12,-10.64,-10.28,-0.51,0.94,0.82,3,2011,0.0,1113.9333333333334,-167.09
2011-06-30,1933.9200000000003,-24.549999999999983,-0.021777812565226456,0.0,446.28000000000003,115.64,765.06,8.65,1818.28,63.7,1948.06,1122.04,340.07,3647.85,5922.19,26595.72,398.46,507.03,1262.98,4336.0,7779.62,12115.62,5479.69,14430.22,825.1100000000001,-733.07,155.93,649.4200000000001,-99.29371894093694,3.28,0.84,-0.17,0.0,0.0,-0.36894176581089516,0.10248382383635977,-0.6815174285117925,-0.6610206637445205,0.12298058860363172,-5.58,-5.38,0.23,0.84,0.76,6,2011,0.0,1127.2941176470586,-191.64
2011-09-30,2018.7799999999997,16.029999999999973,0.014605090826262716,0.0,539.6999999999999,177.26,831.7900000000002,8.2,1841.5200000000004,174.92000000000002,2166.23,1189.19,294.87,3986.0,6414.39,27073.95,1032.2,480.85,1300.39,4868.71,7762.68,12631.39,5479.69,14389.29,322.73,-571.4499999999999,473.33,654.53,140.36201653150368,3.12,0.88,-0.16,0.0,0.0,0.23733272592676913,-0.31766072547121404,0.44545527020101283,0.4381527247878814,-0.3797323614828306,-3.25,-3.15,0.67,0.82,0.76,9,2011,0.0,1097.5625,-175.61
2011-12-31,1966.7799999999997,-314.41999999999996,-0.28873538354794603,0.0,531.29,227.67000000000002,909.1300000000001,10.2,1739.12,166.19,2865.91,1348.03,241.33,4678.67,6611.26,27215.56,0.0,727.87,4626.12,6781.09,6258.03,13039.12,5479.69,14139.37,1160.26,-878.6699999999998,418.62,681.46,-8.832914652375806,3.95,0.92,-0.45,0.0,0.0,-4.6197661367671365,4.440108564781748,-8.90588249698998,-8.751890292431076,5.77470767095892,-6.76,-6.49,0.99,0.69,0.65,12,2011,0.0,1088.9555555555555,-490.03
2012-03-31,1989.72,42.37,0.04,0.0,503.04,217.91,868.97,15.6,1771.81,146.37,3581.51,1233.46,202.76,5358.92,6639.22,27518.12,0.0,658.68,4640.42,7180.55,6142.82,13323.38,5479.69,14158.66,1315.34,-500.72,-112.03,651.06,97.5,6.04,0.94,0.04,0.0,0.0,0.6,3.24,1.2,1.2,4.28,2.22,2.13,1.85,0.75,0.72,3,2012,0.0,1059.25,42.37
2012-06-30,1979.51,114.97,0.10229947883564257,0.0,583.6200000000001,279.85,922.1399999999999,14.6,1699.6599999999999,271.77,4079.76,1445.45,276.35,6010.98,7305.3,28553.3,0.0,730.72,4912.37,7584.05,6612.81,14196.86,5479.69,14319.2,943.6400000000001,-637.5899999999999,204.62,642.29,35.68102244063669,5.59,0.99,0.14,0.0,0.0,1.6075632388458116,5.290344476928944,3.2151264776916233,3.185898055167154,6.9271361382992245,4.11,3.96,2.32,0.79,0.76,6,2012,0.0,1123.8571428571427,157.34
2012-09-30,2017.56,-107.38,-0.10746597277822258,0.0,601.28,100.86000000000001,748.1800000000001,19.0,1916.7100000000005,244.47000000000003,4053.66,1148.15,334.2,7622.34,5621.36,28024.7,0.0,664.02,3414.93,7063.84,6663.21,13727.05,5479.69,14261.59,347.7199999999998,-481.43000000000006,136.57,647.3200000000002,-44.20003725088471,7.3,0.96,0.05,0.0,0.0,-1.547510008006405,-18.65609287429944,-3.0090472377902318,-3.0090472377902318,-24.588214571657325,0.87,0.83,1.76,1.08,1.03,9,2012,0.0,999.1999999999999,49.96
2012-12-31,1568.9099999999999,123.94,0.1140333525014376,0.0,1093.6,849.9699999999999,1472.6999999999998,23.1,718.9299999999994,737.93,2267.62,1177.62,327.8,5809.1,5646.55,25810.71,0.0,804.05,115.39,3852.76,7719.43,11572.19,5479.69,14202.68,905.4200000000001,-251.19000000000005,-2455.7999999999997,622.73,50.64483217685977,8.91,0.81,0.16,0.0,0.0,1.9100586543990798,15.565552616446233,3.478017251293847,3.5065255894192062,18.8155031627372,2.39,2.3,3.3,1.51,1.42,12,2012,0.0,1086.875,173.9
2013-03-31,1974.44,330.38,0.3,0.0,701.25,546.89,1063.04,36.25,1427.55,359.37,3005.57,1188.35,285.89,4885.42,5663.16,24404.81,30.0,587.56,151.07,2687.84,7627.13,10314.97,5479.69,14055.56,925.48,-195.12,25.34,516.15,30.2075,14.13,0.73,0.3,0.0,0.0,5.400000000000001,8.44,9.4,9.36,10.08,18.63,16.73,6.31,1.82,1.71,3,2013,0.0,1101.2666666666667,330.38
2013-06-30,1740.7199999999998,190.39999999999998,0.17549061023848841,0.4,763.74,304.70000000000005,841.99,33.0,1436.0200000000002,423.72,3482.65,1325.58,284.63,5428.49,5847.28,24838.92,45.0,567.7,347.1,2733.62,7743.77,10477.4,5479.69,14325.11,1036.46,-206.52999999999997,-393.61999999999995,537.2900000000001,47.01106223739497,12.62,0.73,0.48,0.4,0.83,3.0710856791735477,4.665125388839817,5.3232151772341485,5.3232151772341485,5.630323745151503,14.6,14.02,7.07,1.99,1.88,6,2013,433.98333333333335,1084.9583333333333,520.78
2013-09-30,2158.8500000000004,319.96000000000004,0.29303851369032047,0.002532094741933696,838.8100000000002,512.2199999999999,1031.34,35.0,1646.6299999999997,483.85,3842.7,1255.65,289.85,5745.18,6305.58,25154.75,15.0,623.0,608.56,2228.95,8255.83,10484.78,5479.69,14633.24,295.40999999999985,-545.99,647.8,519.1199999999999,29.856570352544065,13.11,0.72,0.77,0.4,0.52,5.084408497276209,7.8092861050978915,8.753098460879702,8.859657920403455,9.057554059518997,14.94,14.31,6.23,2.58,2.45,9,2013,2.7647186147186176,1091.8701298701299,840.74
2013-12-31,2412.119999999999,286.8799999999999,0.2620443057058228,0.001061976990037853,897.0499999999997,418.95000000000005,936.6300000000001,40.5,1993.17,471.56999999999994,2152.26,1421.96,251.54,5424.08,8074.4,27374.05,0.0,719.63,4343.76,7059.9,4732.69,11792.59,5479.69,15543.07,1694.9900000000002,-3140.9700000000003,-54.48999999999998,517.6799999999998,38.63812255995539,14.28,0.76,1.03,0.4,0.39,4.192708891293165,6.818240187297137,7.3779464713289915,7.713770241748104,8.934947588726695,14.28,13.61,7.09,0.77,0.73,12,2013,1.1626276635985278,1094.7766990291261,1127.62
2014-03-31,2677.91,398.95,0.36000000000000004,0.0,882.73,582.46,1202.64,41.25,2095.46,466.32,2309.45,1324.81,232.02,6230.04,3086.77,27216.06,0.0,1043.08,4375.22,6969.63,4811.45,11781.08,5479.69,15397.02,995.24,-450.66,-390.66,620.18,28.645,14.68,0.77,0.36,0.0,0.0,5.88,9.04,10.36,10.84,11.52,15.69,14.9,4.88,0.89,0.86,3,2014,0.0,1108.1944444444443,398.95
2014-06-30,2508.5,497.77000000000004,0.4551826657150504,0.45,1093.74,706.3199999999999,1385.7699999999998,38.5,1802.17,670.3900000000001,2330.38,1513.46,239.39,7032.8,5081.53,29200.61,1460.32,657.86,4331.37,8390.48,4805.87,13196.35,5479.69,15966.29,1554.89,-2379.13,850.54,679.4500000000002,21.144807842979688,13.21,0.83,0.82,0.45,0.55,6.816637969488803,10.591323490052636,12.478666250334554,13.1447872245517,13.744296101347134,17.95,17.29,7.34,0.84,0.81,6,2014,492.1024390243903,1093.5609756097563,896.72
2014-09-30,2605.3199999999997,279.03,0.2539333191579843,0.0021585288062107998,1084.61,513.9100000000001,1197.5900000000001,41.25,2091.41,632.3,2828.3,1463.76,246.88,7074.43,5471.24,28730.95,1850.62,720.17,4318.92,7831.04,4486.32,12317.36,5479.69,16375.71,414.2399999999998,72.90000000000009,-3.6899999999999977,683.6799999999998,40.609578271153644,13.8,0.75,1.07,0.45,0.42,3.882569253667871,6.350706187539868,6.8158550712311285,7.195568445672974,8.19231605358282,15.48,15.09,6.11,0.9,0.87,9,2014,2.3718600410302315,1098.8317757009345,1175.75
2014-12-31,2584.2299999999996,425.1300000000001,0.3877178801659088,-0.0009597700236831773,1091.3100000000004,629.3800000000001,1322.3199999999997,34.75,1954.8500000000004,601.45,2564.93,1589.96,225.27,6361.56,9093.31,30975.22,641.1,791.22,579.67,3570.94,10478.36,14049.3,5479.69,16887.36,1912.0500000000002,-3151.32,983.72,692.94,22.405466563168908,11.28,0.83,1.46,0.45,0.31,5.491784768377394,8.859088001599122,10.070042476637852,10.484316375993204,9.422075608415373,15.73,15.43,7.01,1.78,1.72,12,2014,-1.0523812572013185,1096.4931506849316,1600.88
2015-03-31,3237.06,540.11,0.49000000000000005,0.65,1214.38,816.66,1514.67,34.75,2420.4,680.74,2914.99,1995.15,230.41,7095.48,8241.73,31255.69,615.81,1618.77,631.5,4170.42,10281.48,14451.9,5479.69,16414.46,867.32,-131.88,-590.37,698.01,17.73,11.6,0.88,0.49,0.65,1.33,6.92,11.16,13.16,13.6,12.08,17.57,16.69,13.07,1.7,1.65,3,2015,716.4724489795918,1102.265306122449,540.11
2015-06-30,3229.28,572.13,0.5195383190678271,-0.0006124338896171063,1181.4099999999999,815.08,1519.0699999999997,35.0,2414.2000000000003,678.3499999999999,3616.39,1997.14,224.9,7605.74,8579.4,31805.17,529.5,910.94,653.0,4012.67,10475.2,14487.87,5479.69,16880.19,1841.8599999999997,-167.48000000000002,-972.2099999999999,703.99,16.840191914425045,11.36,0.86,1.01,0.65,0.64,7.201521254405524,11.008039631734157,13.559435733294972,13.929799683521543,12.077979932388692,18.5,17.2,10.55,1.9,1.84,6,2015,-0.6744291776116143,1101.2277227722773,1112.24
2015-09-30,3250.99,265.29999999999995,0.2426630079707304,-0.004721826553490373,1323.02,466.2900000000002,1172.3500000000004,31.5,2784.7,842.28,2387.94,2120.12,214.52,6560.63,8730.1,32246.79,1475.5,1063.37,694.09,4193.26,10492.6,14685.86,5479.69,17153.65,475.27,-2135.3799999999997,442.3799999999999,706.06,32.452412363362235,10.06,0.86,1.26,0.65,0.52,3.289431885825456,5.300068237582937,6.1859808063649675,6.33234896990287,5.7622834908605185,15.04,14.18,9.46,1.56,1.51,9,2015,-5.162305516265974,1093.2857142857142,1377.54
2015-12-31,3419.0699999999997,744.6100000000001,0.6806980656409773,0.0003601132274884859,1380.48,970.9699999999998,1671.29,29.0,2448.0999999999995,882.48,3401.14,2417.5,229.8,8005.12,9031.83,33591.76,1650.52,1225.86,69.06,4379.93,11101.05,15480.98,5479.69,17683.82,1544.1900000000005,-943.1000000000004,403.99,700.3200000000002,10.651932723170516,8.99,0.88,1.94,0.65,0.34,8.870127370826756,13.347296091228237,16.842013995240677,17.234994321796293,14.750797257498293,17.04,16.15,10.57,1.83,1.78,12,2015,0.3939248895436549,1093.8917525773197,2122.15
2016-03-31,3411.9,700.3,0.64,0.0,1415.85,1021.5,1705.38,28.75,2390.4,839.29,3916.68,2420.49,226.27,8941.87,9108.27,33955.57,1616.42,1825.93,393.96,5298.89,10630.61,15929.49,5479.69,17620.17,1200.9,-617.81,-68.77,683.88,11.23,8.94,0.9,0.64,0.0,0.0,8.24,12.52,15.88,16.48,14.24,21.82,20.53,20.34,1.69,1.64,3,2016,0.0,1094.21875,700.3
2016-06-30,3011.7599999999998,591.29,0.5402040895330561,0.65,1167.96,820.1500000000001,1505.0099999999998,21.5,2191.61,729.0,4093.42,2143.7,205.09,9129.1,9665.48,34036.49,1463.6,1016.0,392.93,4791.93,10600.66,15392.59,5479.97,18192.25,2111.21,-861.75,-1064.3,684.86,9.949758071335554,6.48,0.85,1.18,0.65,0.55,6.9402491502721455,10.236409696575539,13.001522154863386,13.495946236808894,11.536561912061876,21.13,20.11,14.06,1.91,1.86,6,2016,711.4690677966103,1094.5677966101696,1291.59
2016-09-30,2967.99,433.77,0.3947111907080261,0.0025951474239126904,1034.08,685.94,1467.8800000000006,20.7,2282.05,555.5100000000002,2773.57,2229.59,201.3,7775.95,9502.87,31981.1,334.63,1048.53,708.14,2812.01,10185.1,12997.11,5479.97,18565.05,-63.73000000000002,-36.37000000000012,-1226.8700000000001,781.9399999999998,13.106165018327683,6.11,0.7,1.57,0.65,0.41,5.420365141187926,7.914336486298512,9.3423362080957,9.714420642648491,8.718843371818055,19.38,18.37,17.22,2.77,2.69,9,2016,2.8519513116700637,1098.9554140127389,1725.36
2016-12-31,2677.6900000000005,-113.58999999999992,-0.10359871445677726,-0.0014899136286021725,544.8399999999997,-37.940000000000055,737.3099999999995,19.4,2715.63,-71.09000000000015,2683.69,2427.97,323.88,9127.35,9347.16,32839.76,230.0,1406.07,728.87,3612.18,10306.42,13918.59,5479.97,18509.61,1462.6499999999996,-1178.0800000000002,-374.53999999999996,775.25,-46.82490536138747,5.74,0.75,1.47,0.65,0.44,-1.3841352053953098,-2.11425947870974,-2.4553600079415783,-2.511740260707171,-2.4017987678142645,14.0,13.35,7.26,2.53,2.44,12,2016,-1.6336041422939616,1096.4421768707482,1611.77
2017-03-31,2901.61,258.72,0.23999999999999996,0.0,861.64,488.57,1248.48,19.8,2413.04,340.8,3372.44,2362.42,198.52,9177.94,9185.84,32079.76,230.0,1932.97,702.96,4042.3,9756.55,13798.86,5479.97,17896.03,704.1,412.53,-427.9,759.91,20.625,6.06,0.77,0.24,0.0,0.0,3.24,5.92,5.8,5.84,6.96,9.47,8.92,5.15,2.27,2.22,3,2017,0.0,1078.0000000000002,258.72
2017-06-30,2609.61,216.32,0.1958100370495116,0.7,527.5100000000001,424.79,1188.1599999999999,16.1,2184.8199999999997,123.88999999999999,3680.68,2123.64,166.66,9281.05,9029.05,31476.12,230.0,967.35,694.4,3328.66,9655.35,12984.01,5480.33,18066.93,1368.65,-95.40999999999997,-965.0000000000001,763.37,20.554615384615385,4.88,0.72,0.43,0.7,1.63,2.7504479622768607,5.081953519703604,4.79051532502526,4.772300437857865,5.901623442236443,9.47,8.62,4.62,2.79,2.74,6,2017,773.3209302325581,1104.7441860465117,475.04
2017-09-30,2471.5199999999995,65.21999999999997,0.059152630215081596,-0.0013794391847507523,612.3899999999999,288.14,1056.7800000000002,16.6,2183.38,155.41000000000003,2229.45,2233.37,155.11,7790.82,8879.95,28910.08,250.0,1012.67,683.04,2514.18,7917.19,10431.37,5480.33,18082.08,88.26999999999998,294.02,-1833.5099999999998,768.6400000000001,70.16256056424413,5.03,0.58,0.49,0.7,1.43,0.9029830081812457,1.9073705253026314,1.4438070558619918,1.4244919113019652,2.197097693703031,7.37,6.77,3.71,3.1,3.04,9,2017,-1.5209302325580438,1102.5714285714287,540.26
