,revenue,net_profit,eps,dps,gross_profit,ebit,ebitda,close_price,allowance_doubtful_accounts,expense,operating_profit,cash,account_receivable,inventory,current_asset,property_plant_equipment,total_asset,short_term_loan,account_payable,current_portion_long_term_debt,current_liability,non_current_liability,total_liability,paid_in_capital,total_equity,cash_flow_operation,cash_flow_investment,cash_flow_financing,depreciation,P/E,P/BV,D/E,EPS,DPS,DPR%,ROA%,ROAA%,ROE%,ROAE%,ROCE%,NPM%,NPMA%,TIE,CurrentRatio,QuickRatio,month,year,dividend,number_of_shares,return_old
2000-03-31,196.79,7.15,0.89,0.0,46.78,10.43,15.99,17.5,0.0,186.36,5.18,156.35,81.87,80.33,348.42,124.71,498.29,20.9,81.94,0.0,131.43,0.0,131.43,80.0,366.86,16.32,-2.35,20.0,5.56,4.915,0.38,0.36,0.89,0.0,0.0,5.72,0.0,7.8,0.0,11.36,3.73,3.63,0.0,2.65,2.04,3,2000,0.0,8.03370786516854,7.15
2000-06-30,195.89000000000001,10.799999999999999,1.3477437325905293,1.0,51.019999999999996,15.79,21.519999999999996,18.5,0.0,180.09999999999997,10.86,88.24,84.97,85.83,277.19,209.86,504.14,1.21,102.17,0.0,134.48,0.0,134.48,80.0,369.66,23.589999999999996,-64.01,-28.0,5.7299999999999995,3.432106481481482,0.4,0.36,2.24,1.0,0.45,8.567799442896934,0.0,11.69649025069638,0.0,17.063398328690806,4.69,4.57,0.0,2.06,1.42,6,2000,8.013392857142856,8.013392857142856,17.95
2000-09-30,191.07999999999998,12.04,1.5055018339446482,-0.002008109846139105,49.72000000000001,17.560000000000002,22.0,14.75,0.0,173.52000000000004,10.7,54.94,89.51,73.72,247.39,216.61,495.93,1.27,82.79,0.0,114.22,0.0,114.22,80.0,381.7,-5.989999999999995,-27.36,0.0,4.440000000000001,2.4472736710963456,0.31,0.3,3.75,1.0,0.27,9.715505168389463,0.0,12.622127375791932,0.0,18.419313104368126,5.29,5.14,0.0,2.17,1.52,9,2000,-0.016059523809523135,7.997333333333333,29.99
2000-12-31,196.12,8.370000000000001,1.0473409801876956,-0.0007090719499477287,41.22999999999999,12.629999999999995,19.65,19.0,0.0,183.48000000000002,3.84,72.68,78.54,82.56,271.45,221.57,524.54,2.52,97.63,0.0,134.46,0.0,134.46,80.0,390.08,26.6,-10.480000000000004,0.0,7.02,4.537204301075268,0.39,0.34,4.8,1.0,0.21,6.3800521376433785,0.0,8.57946819603754,0.0,12.620458811261734,5.09,4.92,0.0,2.02,1.4,12,2000,-0.0056666666666655985,7.991666666666667,38.36
2001-03-31,194.32,14.4,1.8,1.25,50.83,20.9,26.5,17.0,0.0,173.42,13.68,87.76,85.33,80.91,289.74,222.83,543.48,0.0,99.09,0.0,139.0,0.0,139.0,80.0,404.47,23.83,-6.23,0.0,5.6,2.36,0.34,0.34,1.8,1.25,0.69,10.6,16.04,14.24,14.919999999999998,20.68,7.7,7.41,0.0,2.08,1.5,3,2001,10.0,8.0,14.4
2001-06-30,186.01,11.08,1.3871742543171115,-0.0019623233908947603,46.89,15.730000000000004,23.909999999999997,28.25,0.0,170.28,11.34,89.76,80.08,68.73,268.45,231.78,530.56,0.0,90.79,0.0,125.0,0.0,125.0,80.0,405.56,26.300000000000004,-13.099999999999998,-10.0,8.18,5.09370036101083,0.56,0.31,3.19,1.25,0.39,8.349136577708006,12.314976452119309,10.923453689167975,11.427880690737833,15.706813186813186,6.91,6.7,0.0,2.15,1.6,6,2001,-0.015673981191222097,7.987460815047022,25.48
2001-09-30,211.71999999999997,13.540000000000003,1.6933675038441827,0.001319554797877106,50.860000000000014,19.57,26.63000000000001,18.75,0.0,192.15000000000003,13.580000000000002,86.6,84.77,76.26,291.66,232.06,553.71,0.0,103.4,0.0,134.61,0.0,134.61,80.0,419.09,25.669999999999995,-28.83,0.0,7.0600000000000005,2.76655834564254,0.36,0.32,4.88,1.25,0.26,9.785443362378269,14.865545873910818,12.922337262942083,13.533059969246542,18.613162480779092,6.79,6.59,0.0,2.17,1.6,9,2001,0.01055103037155014,7.995901639344263,39.02
2001-12-31,190.23000000000002,1.6999999999999957,0.21249999999999947,0.0006403688524589946,38.41999999999999,3.219999999999999,6.1299999999999955,24.0,0.0,187.01,-4.810000000000002,56.19,96.36,67.24,257.95,231.91,525.77,0.0,71.91,0.0,104.97,0.0,104.97,80.0,420.8,-21.019999999999996,-9.610000000000007,0.0,2.91,28.264470588235366,0.46,0.25,5.09,1.25,0.25,1.292534381139486,1.8887033398821171,1.6165029469548093,1.6766208251473433,2.3579567779960646,5.38,5.21,0.0,2.46,1.82,12,2001,0.005122950819671956,8.0,40.72
2002-03-31,181.29,6.94,0.87,0.0,44.6,9.52,15.37,28.5,0.0,171.77,6.03,111.53,0.0,75.96,276.92,231.71,544.01,0.0,85.36,0.0,116.26,0.0,116.26,80.0,427.74,37.8,-5.46,23.0,5.85,8.19,0.53,0.27,0.87,0.0,0.0,5.12,7.0,6.48,6.68,8.92,3.9,3.83,0.0,2.38,1.73,3,2002,0.0,7.977011494252874,6.94
2002-06-30,179.29,7.759999999999999,0.9713197278911565,1.25,37.779999999999994,10.350000000000001,16.25,24.0,0.0,168.93999999999997,2.7199999999999998,96.73,79.69,69.71,262.58,230.57,521.16,0.0,69.42,0.0,95.65,0.0,95.65,80.0,425.5,8.510000000000005,18.3,-32.99,5.9,6.1755154639175265,0.45,0.22,1.84,1.25,0.68,5.954612244897958,7.9817142857142835,7.284897959183673,7.4749387755102035,9.861006802721088,4.23,4.08,0.0,2.75,2.02,6,2002,9.98641304347826,7.9891304347826075,14.7
2002-09-30,183.09999999999997,9.970000000000002,1.244734495338468,0.0032163691158071757,39.35000000000001,13.389999999999997,19.55,22.7,0.0,169.71000000000004,3.880000000000001,75.63,82.42,66.41,273.85,233.48,532.84,0.0,73.12,0.0,97.36,0.0,97.36,80.0,435.48,12.949999999999996,-34.05,0.0,6.16,4.559124874623871,0.42,0.22,3.08,1.25,0.41,7.484572355087151,9.893214430482368,9.1657721929469,9.327426023510338,12.350352655046617,4.72,4.54,0.0,2.81,2.13,9,2002,0.025762281197065917,8.00974025974026,24.67
2002-12-31,187.41000000000008,5.539999999999999,0.6931876861966234,-0.00276473774487685,33.55,7.68,14.200000000000003,23.0,0.0,179.72999999999996,-6.330000000000001,57.89,81.07,68.63,289.46,237.46,551.7,0.0,84.03,0.0,110.69,0.0,110.69,80.0,441.02,13.670000000000009,-31.409999999999997,0.0,6.52,8.288664259927799,0.42,0.25,3.78,1.25,0.33,4.019755047997351,5.574842767295596,5.0246938099966885,5.142058920887123,6.807176431645149,4.34,4.13,0.0,2.62,2.0,12,2002,-0.022095959595960224,7.992063492063493,30.21
2003-03-31,177.01,0.11,0.01,0.0,28.95,0.51,7.27,22.5,0.37,176.5,-9.08,81.8,81.01,80.3,312.91,238.7,558.41,0.0,94.91,0.0,117.29,0.0,117.29,80.0,441.13,20.91,3.0,0.0,6.76,562.5,0.41,0.27,0.01,0.0,0.0,0.08,0.36,0.08,0.12,0.48,0.07,0.06,0.0,2.67,1.98,3,2003,0.0,11.0,0.11
2003-06-30,210.57999999999998,5.88,0.7362270450751252,1.0,39.209999999999994,8.040000000000001,15.190000000000001,21.8,0.4,202.54000000000002,0.5600000000000005,55.87,95.87,70.1,300.48,238.37,545.43,0.0,87.32,0.0,106.43,0.0,106.43,80.0,439.0,-7.23,-10.7,-8.0,7.15,7.403456632653062,0.4,0.24,0.75,1.0,1.33,4.3191986644407345,6.282470784641068,5.340100166944908,5.457896494156928,7.656761268781302,1.62,1.55,0.0,2.82,2.16,6,2003,7.986666666666667,7.986666666666667,5.99
2003-09-30,185.15000000000003,4.32,0.5405237633365665,0.0006983511154218462,41.18000000000001,6.199999999999999,13.75,24.3,0.0,178.95,1.0299999999999994,81.14,80.96,68.49,300.52,235.87,541.86,0.0,81.98,0.0,98.54,0.0,98.54,80.0,443.32,30.28,-5.0200000000000005,0.0,7.550000000000001,11.240763888888887,0.44,0.22,1.29,1.0,0.78,3.184481086323957,4.59235693501455,3.9051794374393793,3.938700290979632,5.581222114451989,1.88,1.8,0.0,3.05,2.35,9,2003,0.005581395348836615,7.992248062015504,10.31
2003-12-31,170.08000000000004,-7.17,-0.8905414012738854,0.007332247074507459,30.639999999999986,-7.54,0.8999999999999986,23.5,0.0,177.62,-15.53,87.82,77.49,65.8,299.13,227.84,532.48,0.0,76.8,0.0,96.32,0.0,96.32,80.0,436.15,-14.16,20.85,0.0,8.439999999999998,-6.597503486750348,0.43,0.22,0.39,1.0,2.56,-5.388917197452229,-12.147898089171974,-6.576305732484076,-6.576305732484076,-15.070700636942675,0.44,0.42,0.0,3.11,2.42,12,2003,0.05903398926654724,8.051282051282051,3.14
2004-03-31,157.72,-4.77,-0.6,0.0,25.45,-4.77,2.87,20.8,0.0,162.49,-10.91,63.75,71.95,66.26,284.26,220.69,510.5,0.0,64.47,0.0,79.12,0.0,79.12,80.0,431.38,-13.57,-10.5,0.0,7.64,-8.6675,0.39,0.18,-0.6,0.0,0.0,-3.7200000000000006,-3.5600000000000005,-4.44,-4.36,-4.44,-3.15,-3.02,0.0,3.59,2.76,3,2004,0.0,7.949999999999999,-4.77
2004-06-30,181.36999999999998,1.1199999999999997,0.14115068493150681,0.75,29.029999999999998,1.1199999999999997,8.620000000000001,17.0,0.0,180.24,-7.41,68.8,85.47,66.07,304.46,215.98,527.18,0.0,83.19,0.0,100.67,0.0,100.67,80.0,426.51,14.95,-3.9000000000000004,-6.0,7.500000000000001,30.112500000000008,0.32,0.24,-0.46,0.75,-1.63,0.8469041095890408,0.8346301369863012,1.0555616438356161,1.0310136986301366,1.0555616438356161,-1.13,-1.08,0.0,3.02,2.37,6,2004,5.951086956521738,7.934782608695651,-3.65
2004-09-30,237.79000000000002,15.860000000000001,1.9873710073710076,0.004286401025531563,50.27,20.259999999999998,27.699999999999996,17.0,0.0,217.53999999999996,11.879999999999999,87.49,96.46,73.69,344.98,210.61,563.09,0.0,101.27,0.0,120.72,0.0,120.72,80.0,442.37,21.64,-2.9399999999999995,0.0,7.439999999999998,2.1382897225725093,0.31,0.27,1.53,0.75,0.49,11.274758394758393,15.639180999180997,14.3402457002457,14.3402457002457,19.484029484029485,2.2,2.12,0.0,2.86,2.25,9,2004,0.03420716112532052,7.980392156862745,12.21
2004-12-31,255.38,-25.21,-3.160946153846154,-0.0004638009049774245,47.849999999999994,-21.53,-14.339999999999996,18.1,40.0,276.90999999999997,7.760000000000001,94.66,97.97,93.93,319.04,211.63,537.06,0.0,88.2,0.0,119.9,0.0,119.9,80.0,417.15,3.41,3.75,0.0,7.190000000000001,-1.4309797699325661,0.35,0.29,-1.63,0.75,-0.46,-18.771753846153846,-7.136369230769232,-24.201600000000003,-23.658615384615384,-9.153169230769231,-1.63,-1.56,0.0,2.66,1.88,12,2004,-0.0036990256225193363,7.975460122699387,-13.0
2005-03-31,216.95,12.32,1.54,0.0,44.35,16.79,24.14,17.5,0.0,200.16,8.21,98.58,97.38,98.13,328.8,214.16,549.21,0.0,91.91,0.0,119.74,0.0,119.74,80.0,429.48,13.79,-9.88,0.0,7.35,2.84,0.33,0.28,1.54,0.0,0.0,8.96,12.680000000000001,11.48,11.44,15.64,5.91,5.68,0.0,2.75,1.93,3,2005,0.0,8.0,12.32
2005-06-30,237.07,51.02,6.379513735396274,1.0,41.88,55.029999999999994,61.84,20.0,0.0,182.04,4.299999999999999,79.9,99.24,74.16,303.17,209.84,562.65,0.0,65.48,0.0,90.16,0.0,90.16,80.0,472.49,15.18,-25.86,-8.0,6.8100000000000005,0.7852322618580948,0.34,0.19,7.92,1.0,0.13,36.27945689927376,42.46565203662772,43.20670666245658,45.39765077360278,48.974044837385534,16.05,13.95,0.0,3.36,2.54,6,2005,7.997474747474748,7.997474747474748,63.34
2005-09-30,202.78999999999996,15.89,1.9854979174555092,0.0006941814969077345,49.67999999999999,21.39,28.099999999999994,23.9,0.0,181.39000000000004,14.56,116.85,86.89,90.81,341.81,209.37,601.3,0.0,90.27,0.0,112.92,0.0,112.92,80.0,488.38,43.03,-6.07,0.0,6.710000000000001,3.00415827564506,0.39,0.23,9.9,1.0,0.1,10.573277798813582,12.843564306449577,13.012030796415498,13.653807901047582,15.3144061592831,13.41,12.06,0.0,3.03,2.22,9,2005,0.005555555555555536,8.003030303030304,79.23
2005-12-31,218.7700000000001,13.89,1.73625,-0.00037878787878797837,48.74000000000001,18.430000000000007,25.179999999999993,23.8,0.0,200.35000000000002,11.850000000000001,118.23,113.36,85.68,365.28,208.77,619.19,0.0,83.87,0.0,116.92,0.0,116.92,80.0,502.27,2.3499999999999943,-0.9699999999999989,0.0,6.75,3.419092872570195,0.38,0.23,11.64,1.0,0.09,8.97360824742268,11.521301546391753,11.061881443298969,12.088118556701032,13.263518041237113,11.6,10.64,0.0,3.12,2.39,12,2005,-0.003030303030303827,8.0,93.12
2006-03-31,188.81,4.39,0.55,0.0,37.48,5.95,12.19,29.25,0.0,182.85,-1.19,156.47,93.26,81.12,352.33,204.45,602.24,0.0,69.0,0.0,95.58,0.0,95.58,80.0,506.66,9.96,28.28,0.0,6.24,13.295,0.46,0.19,0.55,0.0,0.0,2.92,4.12,3.48,3.76,4.68,2.42,2.33,0.0,3.69,2.84,3,2006,0.0,7.981818181818181,4.39
2006-06-30,200.46999999999997,8.0,1.0008071025020178,1.5000000000000002,39.45000000000001,10.8,17.11,21.8,0.0,189.69000000000003,4.35,131.19,107.52,81.84,326.27,196.09,571.13,0.0,47.01,0.0,68.46,0.0,68.46,80.0,502.66,-20.740000000000002,7.460000000000001,-12.0,6.3100000000000005,5.4438562500000005,0.35,0.14,1.55,1.5,0.97,5.604519774011299,7.6190476190476195,6.353510895883777,6.560129136400323,8.60048426150121,3.3,3.18,0.0,4.77,3.57,6,2006,11.990322580645163,7.993548387096775,12.39
2006-09-30,236.51999999999998,6.66,0.8320629921259842,0.0019964439928878822,42.58999999999999,8.989999999999998,15.120000000000001,23.2,0.0,227.51999999999992,1.37,172.08,116.31,70.0,366.1,192.06,607.13,0.0,75.43,0.0,97.81,0.0,97.81,80.0,509.32,43.160000000000004,-2.260000000000005,0.0,6.129999999999999,6.972128378378379,0.36,0.19,2.38,1.5,0.63,4.391055118110236,5.957291338582676,5.230110236220472,5.341984251968504,7.0620472440944875,3.15,3.04,0.0,3.74,3.03,9,2006,0.01597994036324124,8.004201680672269,19.05
2006-12-31,229.51,8.11,1.0122569955817378,0.0014224762069775872,40.56000000000002,10.960000000000004,17.07,23.5,0.0,218.55000000000007,-0.5500000000000003,178.83,116.54,74.98,381.2,190.17,620.85,0.0,75.92,0.0,103.42,0.0,103.42,80.0,517.43,11.21,-4.459999999999997,0.0,6.109999999999999,5.802059186189889,0.36,0.2,3.39,1.5,0.44,5.219543446244477,7.070868924889543,6.270618556701031,6.366170839469808,8.468321060382916,3.3,3.18,0.0,3.69,2.96,12,2006,0.011396594035844032,8.011799410029498,27.16
2007-03-31,205.0,5.88,0.74,0.0,35.69,7.94,13.67,20.6,0.0,197.07,-0.42,179.04,110.09,85.63,391.67,204.3,645.37,0.0,94.96,0.0,122.06,0.0,122.06,80.0,523.31,20.18,-19.97,0.0,5.73,6.96,0.31,0.23,0.74,0.0,0.0,3.64,5.08,4.48,4.56,6.08,2.99,2.87,0.0,3.21,2.51,3,2007,0.0,7.945945945945946,5.88
2007-06-30,201.3,2.4799999999999995,0.3114832535885167,1.0,35.05,4.88,10.750000000000002,22.5,0.0,196.42000000000002,-2.19,123.66,110.88,87.88,331.76,226.78,608.26,0.0,63.55,0.0,90.47,0.0,90.47,80.0,517.79,-19.02,-28.36,-8.0,5.869999999999999,18.059959677419357,0.35,0.17,1.05,1.0,0.95,1.625645933014354,2.5749282296650713,1.9104306220095693,1.9460287081339709,2.9427751196172243,2.14,2.06,0.0,3.67,2.7,6,2007,7.961904761904761,7.961904761904761,8.36
2007-09-30,266.92,18.830000000000002,2.354615667524825,0.004395873833167162,63.519999999999996,27.57,33.51,22.0,0.0,239.34000000000003,23.84,118.15,129.64,89.28,345.93,245.68,641.81,0.0,74.53,0.0,105.19,0.0,105.19,80.0,536.62,19.69,-25.200000000000003,0.0,5.9399999999999995,2.335625331917153,0.33,0.2,3.4,1.0,0.29,11.745376976829718,17.922780433983082,14.044589922765725,14.40470761309305,20.859124678190515,4.16,4.04,0.0,3.29,2.44,9,2007,0.03515406162465151,7.997058823529413,27.19
2007-12-31,242.24,9.05,1.13125,0.0003676470588234171,43.58000000000001,7.93,13.43,26.75,0.0,234.30999999999995,3.1799999999999997,92.66,119.33,80.67,308.46,266.12,624.81,0.0,48.71,0.0,79.14,0.0,79.14,80.0,545.66,0.389999999999997,-25.870000000000005,0.0,5.5,5.916530386740331,0.39,0.15,4.53,1.0,0.22,5.793598233995585,7.7514348785871965,6.632671081677705,6.812472406181016,8.850220750551877,4.06,3.96,0.0,3.9,2.88,12,2007,0.0029411764705873367,8.0,36.24
2008-03-31,209.22,-3.88,-0.4799999999999999,0.0,33.56,-3.83,1.83,25.0,0.0,213.05,-7.62,72.07,97.8,116.35,297.13,279.55,636.87,0.0,72.89,0.0,94.98,0.0,94.98,80.0,541.89,7.81,-28.36,-0.05,5.66,-13.02,0.37,0.18,-0.48,0.0,0.0,-2.44,-2.4,-2.88,-2.92,-2.84,-1.89,-1.85,0.0,3.13,1.9,3,2008,0.0,8.083333333333334,-3.88
2008-06-30,252.94000000000003,8.649999999999999,1.0880503144654088,1.0,45.36,11.190000000000001,17.240000000000002,20.0,0.0,241.74,3.33,54.3,116.23,146.33,329.96,278.48,668.95,5.69,99.53,0.0,126.3,0.0,126.3,80.0,542.65,-10.649999999999999,-4.810000000000002,-2.31,6.050000000000001,4.594916184971098,0.29,0.23,0.6,1.0,1.67,5.150104821802935,8.341719077568133,6.383228511530398,6.528301886792452,9.864989517819707,1.06,1.03,0.0,2.61,1.45,6,2008,7.949999999999999,7.949999999999999,4.77
2008-09-30,250.37999999999994,3.66,0.45587188612099644,0.009786476868327478,51.30999999999999,5.419999999999999,12.629999999999999,20.0,0.0,244.96999999999997,9.96,31.26,114.45,188.92,345.9,277.53,683.9,5.87,106.9,0.0,137.88,0.0,137.88,80.0,546.01,-17.39,-5.789999999999999,0.1499999999999999,7.210000000000001,10.96936475409836,0.29,0.25,1.05,1.0,0.95,2.136085409252669,3.3517437722419934,2.674448398576513,2.709181494661922,4.063772241992883,1.21,1.18,0.0,2.51,1.14,9,2008,0.07857142857142918,8.028571428571428,8.43
2008-12-31,275.1600000000001,2.25,0.28230337078651685,-0.007330123060460193,47.610000000000014,4.130000000000001,12.09,17.6,0.0,271.03,11.17,50.0,120.04,103.25,289.3,275.82,626.19,0.0,52.01,0.0,77.73,0.0,77.73,80.0,548.47,30.5,-5.869999999999997,-5.89,7.959999999999997,15.580933333333332,0.26,0.14,1.34,1.0,0.75,1.4410112359550562,2.2752808988764044,1.6432584269662922,1.6432584269662922,2.5955056179775284,1.1,1.08,0.0,3.72,2.39,12,2008,-0.05842217484008572,7.970149253731343,10.68
2009-03-31,209.62,13.77,1.7199999999999998,0.0,49.49,15.8,23.91,15.9,0.0,193.81,12.44,82.93,130.56,93.48,321.18,280.71,663.12,0.0,83.88,0.0,101.13,0.0,101.13,80.0,561.98,44.25,-11.32,0.0,8.11,2.31,0.23,0.18,1.72,0.0,0.0,8.32,9.72,9.8,9.96,11.24,6.75,6.57,0.0,3.18,2.25,3,2009,0.0,8.005813953488373,13.77
2009-06-30,242.42000000000002,12.240000000000002,1.5294117647058825,0.5,54.6,16.459999999999997,24.62,19.9,0.0,225.96999999999997,19.310000000000002,90.1,117.31,105.68,327.24,287.95,677.75,0.0,92.22,0.0,107.26,0.0,107.26,80.0,570.48,26.310000000000002,-15.149999999999999,-3.99,8.16,3.2512499999999998,0.28,0.19,3.25,0.5,0.15,7.228235294117647,9.016470588235295,8.583529411764706,8.790588235294118,10.63529411764706,5.89,5.75,0.0,3.05,2.07,6,2009,4.001538461538462,8.003076923076923,26.01
2009-09-30,289.84999999999997,25.38,3.170647985989492,9.96901522295249e-05,69.56,33.93,42.269999999999996,23.0,0.0,255.91000000000008,28.71,79.04,134.78,113.53,356.57,292.9,711.21,0.0,90.0,0.0,115.74,0.0,115.74,80.0,595.47,18.489999999999995,-29.550000000000004,0.0,8.34,1.8122163120567376,0.31,0.19,6.42,0.5,0.08,14.282732049036776,18.747320490367777,17.048406304728548,17.779334500875656,21.967355516637475,7.13,6.93,0.0,3.08,2.1,9,2009,0.0007979870596690475,8.004672897196262,51.39
2009-12-31,319.35,13.700000000000003,1.7132892917498852,-0.0005226408294482299,62.16,18.820000000000007,27.08,32.0,0.0,300.53999999999996,12.350000000000001,139.8,131.88,112.03,392.93,298.26,753.39,0.0,107.39,0.0,143.82,0.0,143.82,80.0,609.57,57.510000000000005,3.25,0.0,8.259999999999998,4.667950729927007,0.42,0.24,8.14,0.5,0.06,7.274112766938088,10.372345982485792,8.991611614687358,9.463081886618529,11.74466123828545,6.33,6.13,0.0,2.73,1.95,12,2009,-0.004179200440882713,7.996314496314496,65.09
2010-03-31,260.09,5.47,0.68,2.0,47.75,7.43,15.94,33.25,0.0,252.66,6.08,81.05,114.42,144.39,364.0,329.82,755.63,0.0,108.66,0.0,140.84,0.0,140.84,80.0,614.79,-9.5,-49.25,0.0,8.51,12.225000000000001,0.43,0.23,0.68,2.0,2.94,2.88,4.2,3.56,3.72,4.84,2.16,2.1,0.0,2.58,1.56,3,2010,16.088235294117645,8.044117647058822,5.47
2010-06-30,280.1000000000001,3.62,0.453993399339934,-0.017666472529605605,54.16,5.41,14.020000000000001,32.5,0.0,274.70000000000005,6.83,45.56,131.65,143.44,349.57,340.02,750.69,0.0,123.67,0.0,147.99,0.0,147.99,80.0,602.7,-1.6999999999999993,-17.83,-15.96,8.610000000000001,17.89750690607735,0.43,0.25,1.14,2.0,1.75,1.9274807480748075,2.8673267326732677,2.4053685368536857,2.4690869086908696,3.393003300330033,1.72,1.68,0.0,2.36,1.39,6,2010,-0.1408668730650131,7.973684210526316,9.09
2010-09-30,348.63,25.819999999999997,3.22472643941564,0.008291998974807202,79.93,34.599999999999994,44.080000000000005,32.25,0.0,314.03,35.3,94.98,129.08,127.06,366.82,335.07,753.04,0.0,95.6,0.0,124.62,0.0,124.62,80.0,628.42,33.879999999999995,15.549999999999997,0.0,9.48,2.5012974438419833,0.41,0.2,4.36,2.0,0.46,13.727275852191347,19.170850759094815,16.449063305643083,16.863248352907476,22.336407906044112,3.99,3.93,0.0,2.94,1.92,9,2010,0.0663930468372751,8.006880733944953,34.91
2010-12-31,333.2199999999999,18.360000000000007,2.2954308241036236,-0.002095952246044175,73.31,24.33,34.14,37.5,0.0,308.88,27.740000000000002,99.1,118.86,139.61,411.83,328.35,791.59,0.0,106.67,0.0,144.81,0.0,144.81,80.0,646.77,46.809999999999995,-42.7,0.0,9.809999999999995,4.0837431917211315,0.46,0.22,6.66,2.0,0.3,9.27822789562606,12.807538952506103,11.359969964332649,11.690842875915154,15.302872160690825,4.43,4.36,0.0,2.84,1.88,12,2010,-0.01676447089290889,7.998498498498499,53.27
2011-03-31,339.87,22.89,2.8600000000000003,0.0,67.43,31.24,41.49,39.5,0.0,308.64,31.74,126.47,120.73,188.96,468.34,321.08,840.68,0.0,131.1,0.0,170.67,12.01,182.68,80.0,658.0,4.94,22.43,0.0,10.25,3.4525,0.48,0.28,2.86,0.0,0.0,10.88,15.64,13.92,14.4,18.64,6.85,6.73,0.0,2.74,1.64,3,2011,0.0,8.003496503496503,22.89
2011-06-30,348.25,11.579999999999998,1.4479199303742383,2.0,54.86999999999999,19.030000000000005,29.270000000000003,46.75,0.0,329.21000000000004,19.05,126.87,124.46,177.18,441.52,317.52,810.02,0.0,107.3,0.0,144.09,12.35,156.44,80.0,653.58,7.13,9.27,-16.0,10.239999999999998,8.07425518134715,0.57,0.24,4.31,2.0,0.46,5.724490861618798,8.653925152306353,7.081705831157526,7.37733681462141,10.145517841601391,5.1,5.01,0.0,3.06,1.83,6,2011,15.995359628770302,7.997679814385151,34.47
2011-09-30,389.66999999999996,15.21,1.90125,0.000580046403712231,61.81000000000002,22.029999999999994,32.64,40.5,0.0,367.65,24.229999999999997,79.77,165.58,186.68,445.54,309.27,806.93,0.0,99.91,0.0,125.44,12.7,138.14,80.0,668.79,-44.43,-2.669999999999998,0.0,10.610000000000003,5.324023668639053,0.48,0.21,6.21,2.0,0.32,7.54376811594203,11.352391304347826,9.099057971014494,9.38072463768116,12.993405797101449,4.68,4.61,0.0,3.55,2.06,9,2011,0.004640371229697848,8.0,49.68
2011-12-31,351.99,11.200000000000003,1.4000000000000004,0.0,63.75999999999999,16.24000000000001,26.799999999999983,42.75,0.0,335.74,19.53,124.65,141.16,194.3,493.83,301.54,847.28,0.0,113.04,0.0,154.25,13.04,167.29,80.0,679.99,66.83,-21.950000000000003,0.0,10.559999999999995,7.63717857142857,0.5,0.25,7.61,2.0,0.26,5.290932982917216,7.95479632063075,6.586070959264126,6.755321944809462,9.404467805519054,4.32,4.26,0.0,3.2,1.94,12,2011,0.0,8.0,60.88
2012-03-31,365.06,22.27,2.7799999999999994,0.0,71.71,28.91,37.92,49.0,0.0,336.14,23.94,97.7,137.99,246.72,511.56,300.14,862.92,0.0,109.26,0.0,147.36,13.3,160.66,80.0,702.26,-30.25,3.3,0.0,9.01,4.4075,0.56,0.23,2.78,0.0,0.0,10.32,13.560000000000002,12.68,13.08,16.16,6.18,6.1,0.0,3.47,1.8,3,2012,0.0,8.010791366906476,22.27
2012-06-30,350.88000000000005,13.610000000000003,1.6993534002229658,2.5,61.959999999999994,17.680000000000003,27.239999999999995,56.5,0.0,333.22,12.789999999999996,93.16,132.96,235.8,489.18,301.7,842.01,0.0,91.82,0.0,132.59,13.55,146.14,80.0,695.87,25.37,-9.899999999999999,-20.0,9.56,8.310925789860395,0.65,0.21,4.48,2.5,0.56,6.46361204013378,8.557458193979933,7.8291638795986636,8.071928651059087,9.968528428093647,5.08,5.01,0.0,3.69,1.91,6,2012,20.022321428571427,8.008928571428571,35.88
2012-09-30,411.92999999999984,29.729999999999997,3.7156835848193865,-0.0024087138284666267,85.33000000000001,39.19,48.46000000000001,60.5,0.0,372.7299999999999,33.25000000000001,83.16,161.79,241.11,537.83,300.25,888.82,0.0,108.81,0.0,149.41,13.8,163.21,80.0,725.6,16.96,-26.96,0.0,9.27,4.071659939455096,0.67,0.22,8.2,2.5,0.3,13.376460905349793,18.342789208962046,16.385258344764516,17.055893918609968,21.025331504343846,5.9,5.82,0.0,3.6,1.99,9,2012,-0.01927264808362139,8.001219512195123,65.61
2012-12-31,428.59000000000015,25.430000000000007,3.178750000000001,-0.00038109756097570724,79.16000000000003,32.84,42.19,74.0,0.0,395.75,26.879999999999995,97.46,170.35,214.43,564.11,305.93,920.09,0.0,94.89,0.0,155.0,14.06,169.06,80.0,751.03,54.25,-39.959999999999994,0.0,9.349999999999998,5.817538340542664,0.79,0.23,11.38,2.5,0.22,11.050206502636208,14.99431458699473,13.541810193321618,14.212196836555362,17.318321616871707,5.93,5.85,0.0,3.64,2.26,12,2012,-0.003048780487805658,8.0,91.04
2013-03-31,375.51,16.45,2.06,0.0,62.12,20.91,30.24,101.5,0.0,354.6,16.29,179.34,142.94,232.19,598.6,303.0,954.47,0.0,119.69,0.0,169.03,15.38,184.41,80.0,770.06,46.61,35.28,0.0,9.33,12.3175,1.05,0.24,2.06,0.0,0.0,6.88,9.2,8.56,8.92,10.64,4.44,4.38,0.0,3.54,2.17,3,2013,0.0,7.985436893203883,16.45
2013-06-30,361.24,13.11,1.6409675236806496,3.5,64.4,16.470000000000002,25.99,82.5,0.0,344.76,13.100000000000001,110.77,145.42,287.97,566.5,298.93,918.02,0.0,104.28,0.0,147.07,15.78,162.85,80.0,755.17,-56.92,16.339999999999996,-28.0,9.520000000000001,12.570327993897788,0.87,0.22,3.7,3.5,0.95,5.71234100135318,7.53958051420839,6.936414073071719,7.220257104194858,8.60399188092016,4.06,4.01,0.0,3.85,1.89,6,2013,27.96216216216216,7.989189189189188,29.56
2013-09-30,447.22,39.25999999999999,4.906073815751234,0.0057455013863039655,93.8,49.809999999999995,58.85,80.0,0.0,397.41999999999996,43.709999999999994,177.92,177.69,241.87,617.75,298.71,968.34,0.0,109.2,0.0,157.75,16.16,173.91,80.0,794.43,75.66,-8.509999999999998,0.0,9.04,4.075560366785533,0.81,0.22,8.6,3.5,0.41,16.22427201394943,21.426992153443763,19.76120895088637,20.6739668700959,24.55318802673641,5.88,5.81,0.0,3.92,2.38,9,2013,0.04597737272156266,8.002325581395349,68.82
2013-12-31,483.46000000000004,42.05000000000001,5.256724091278074,-0.0013332186659003966,98.88999999999999,52.56999999999999,61.290000000000006,80.5,0.0,430.8900000000001,46.38000000000001,238.86,204.51,246.39,713.06,297.74,1062.98,0.0,142.07,0.0,210.01,16.49,226.5,80.0,836.48,67.56,-6.619999999999997,0.0,8.719999999999999,3.8296950059453017,0.77,0.27,13.86,3.5,0.25,15.823270496978447,21.39099846667268,20.101470190312984,21.19377649499414,24.865139352394703,6.73,6.65,0.0,3.4,2.22,12,2013,-0.010664787408973808,7.9992784992785,110.87
2014-03-31,464.19,25.17,3.15,0.0,80.99,32.04,41.6,99.0,0.0,432.15,27.54,246.26,206.48,301.1,781.1,291.99,1127.11,0.0,188.98,0.0,246.24,27.46,273.7,80.0,853.41,8.81,-1.41,0.0,9.56,7.8575,0.93,0.32,3.15,0.0,0.0,8.92,12.32,11.8,12.4,14.560000000000002,5.48,5.42,0.0,3.17,1.95,3,2014,0.0,7.990476190476191,25.17
2014-06-30,500.69,26.5,3.313141087671763,4.5,79.09000000000002,33.440000000000005,42.68,120.0,0.0,467.24,25.86,240.52,180.27,293.79,747.73,293.55,1094.94,0.0,167.46,0.0,222.8,28.23,251.03,80.0,843.91,38.669999999999995,-8.41,-36.0,9.24,9.05687358490566,1.14,0.3,6.46,4.5,0.7,9.682988194310044,13.35513837816915,12.555060963808787,13.25256435068705,15.40661892781111,5.42,5.36,0.0,3.36,2.04,6,2014,35.993034055727556,7.998452012383901,51.67
2014-09-30,594.8100000000001,32.8,4.100485379424648,0.0003381126023082538,87.32999999999998,41.31999999999999,50.21000000000001,141.0,0.0,553.4900000000001,31.009999999999998,180.94,181.98,339.91,780.44,349.26,1183.16,0.0,231.71,0.0,284.84,21.62,306.46,80.0,876.71,29.85,-89.43,0.0,8.89,8.595080030487804,1.29,0.35,10.56,4.5,0.43,11.089949094353024,15.423416597608618,14.957452349946728,15.702995146205753,18.467716348999645,5.49,5.42,0.0,2.74,1.55,9,2014,0.0027045806360774804,7.999053030303029,84.47
2014-12-31,535.9000000000001,35.57000000000001,4.444768410529824,0.002031993123504747,91.79999999999998,44.790000000000006,54.59,129.0,0.0,491.1199999999999,37.31,204.62,205.32,304.03,772.83,347.06,1177.09,0.0,175.23,0.0,242.38,22.42,264.8,80.0,912.29,40.75,-17.069999999999993,0.0,9.8,7.255721113297722,1.13,0.29,15.0,4.5,0.3,12.08977007664112,16.036724425191604,15.59817394201933,16.27377874041986,19.225104965011663,5.81,5.73,0.0,3.19,1.93,12,2014,0.01626136363636732,8.002666666666666,120.04
2015-03-31,560.7,52.04,6.51,0.0,113.78,65.61,74.72,134.0,0.0,495.09,57.28,286.84,223.89,260.72,839.6,348.51,1247.95,0.0,191.65,0.22,256.58,29.32,285.91,80.0,962.05,92.62,-10.36,-0.05,9.11,5.145,1.11,0.3,6.51,0.0,0.0,16.68,22.08,21.64,22.92,26.48,9.42,9.28,0.0,3.27,2.26,3,2015,0.0,7.993855606758832,52.04
2015-06-30,544.3899999999999,68.80000000000001,8.597153260509765,5.25,132.48,86.42,96.37,183.0,0.0,457.96999999999997,77.16,253.65,200.36,352.56,923.29,359.97,1341.0,0.0,253.36,1.18,321.99,30.17,352.16,80.0,988.84,70.24000000000001,-61.239999999999995,-42.18,9.95,5.321877906976743,1.48,0.36,15.1,5.25,0.35,20.51929824561404,28.42184707050646,27.829725256537575,30.03879510095995,33.97868255544522,11.11,10.93,7601.5,2.87,1.77,6,2015,42.013907284768216,8.002649006622518,120.84
2015-09-30,621.02,58.91999999999999,7.364999999999998,-0.0017384105960269736,118.88,73.96000000000001,84.82,223.0,0.0,547.06,60.30000000000001,188.9,225.19,350.5,895.76,390.79,1345.8,0.0,205.96,1.19,267.35,30.69,298.04,80.0,1047.76,-16.120000000000005,-48.31,-0.3200000000000003,10.860000000000003,7.566272912423627,1.7,0.28,22.47,5.25,0.23,17.516048064085442,23.429025367156207,22.498157543391184,24.49100133511348,27.48026702269693,10.61,10.41,5649.75,3.35,2.04,9,2015,-0.013907284768215789,8.0,179.76
2015-12-31,649.9800000000002,61.68000000000001,7.710000000000001,0.0,130.28000000000003,77.57999999999998,89.22,219.0,0.0,572.4100000000003,63.539999999999964,312.41,203.68,297.17,934.58,421.4,1415.76,0.0,182.12,1.19,276.8,29.51,306.32,80.0,1109.44,166.03999999999996,-42.22,-0.3200000000000003,11.64,7.104630350194552,1.58,0.28,30.18,5.25,0.17,17.422862823061635,23.932166998011933,22.235864811133208,24.40222664015905,27.232803180914516,10.36,10.16,5059.5,3.38,2.3,12,2015,0.0,8.0,241.44
2016-03-31,604.1,67.98,8.5,0.0,137.76,85.74,97.88,240.0,0.0,518.36,71.1,318.94,255.44,333.32,1014.18,436.94,1510.52,0.0,215.01,1.54,300.45,38.15,338.6,80.0,1171.92,16.23,-9.32,-0.35,12.14,7.06,1.64,0.29,8.5,0.0,0.0,18.0,24.88,23.199999999999996,25.48,28.36,11.53,11.25,4287.0,3.38,2.27,3,2016,0.0,7.99764705882353,67.98
2016-06-30,653.1999999999999,75.38000000000001,9.422500000000001,10.5,159.04000000000002,94.52,107.92000000000002,241.0,0.0,558.68,97.02000000000001,255.69,225.0,335.43,967.46,433.71,1459.3,0.0,170.16,1.52,257.18,38.82,296.0,80.0,1163.3,71.58,-50.13,-84.4,13.399999999999999,6.3949058105598295,1.66,0.25,17.92,10.5,0.59,20.65378348214286,27.068655133928573,25.911875000000002,28.01511160714286,31.54854910714286,11.51,11.4,3605.2,3.76,2.46,6,2016,84.0,8.0,143.36
2016-09-30,755.3900000000001,96.25,12.030747881974875,0.0004382120946545823,181.45,120.80000000000001,134.01999999999998,290.0,0.0,634.6000000000001,114.11000000000001,247.79,251.61,344.94,1117.23,428.26,1604.03,0.0,221.82,1.53,305.02,39.47,344.49,80.0,1259.54,126.88,-134.43,-0.4099999999999966,13.219999999999999,6.0244800000000005,1.84,0.27,29.95,10.5,0.35,24.005258545135845,32.794332456909146,30.560911481156875,33.372772421852176,37.245106631609694,12.02,11.9,4300.86,3.66,2.53,9,2016,0.0035058430717924693,8.00033388981636,239.61
2016-12-31,691.21,84.41999999999996,10.551523007128965,0.0005339423991368403,165.86,102.76999999999998,115.87,374.0,0.0,588.4199999999998,96.10999999999996,149.78,209.6,441.9,1262.63,445.87,1777.13,0.0,275.84,1.53,396.69,36.49,433.17,80.0,1343.96,122.07999999999998,-219.76999999999998,-0.4000000000000057,13.100000000000001,8.856896766169157,2.23,0.32,40.5,10.5,0.26,18.99795204147763,26.365780946208673,25.125651328580677,27.52254050550874,30.48217757615034,12.1,11.98,4487.0,3.18,2.07,12,2016,0.0042719347059829715,8.00074074074074,324.03
2017-03-31,652.82,57.66,7.21,0.0,126.78,71.76,85.36,450.0,0.0,581.07,58.76,194.07,261.75,516.66,1298.06,479.36,1844.04,0.0,309.71,1.57,405.64,35.55,441.19,80.0,1402.85,-61.24,105.94,-0.41,13.6,15.6025,2.57,0.31,7.21,0.0,0.0,12.52,17.12,16.44,17.92,19.96,9.01,8.83,3588.0,3.2,1.93,3,2017,0.0,7.997226074895978,57.66
2017-06-30,697.08,45.980000000000004,0.5767464299498264,14.18,114.47999999999999,56.269999999999996,70.75000000000001,395.0,0.0,640.7899999999998,45.25000000000001,323.07,248.83,404.76,1128.42,509.82,1704.93,0.0,251.85,1.9,332.38,37.16,369.54,80.0,1335.39,114.43,122.00999999999999,-107.44,14.479999999999999,171.2212592431492,2.37,0.28,1.3,14.18,10.91,10.789594751061367,14.356549594751062,13.770930142802008,14.729216518718644,16.55705905055963,7.82,7.68,3200.75,3.39,2.18,6,2017,1130.4732307692307,79.72307692307692,103.64
2017-09-30,773.6799999999998,82.49999999999999,1.0326904480498549,0.02934657949764777,158.66000000000003,96.28,111.94,34.5,0.0,677.4100000000001,81.58,394.11,235.29,417.53,1290.21,544.68,1900.82,0.0,367.74,1.91,445.24,37.68,482.93,80.0,1417.89,218.18,-146.64999999999998,-0.4900000000000091,15.660000000000004,8.353737575757577,1.95,0.34,2.33,14.18,6.09,17.35629096379069,22.69259697002256,23.277640485655958,24.642742022133874,27.319759320941223,8.93,8.77,3738.5,2.9,1.96,9,2017,2.344451634202642,79.88841201716737,186.14
