,revenue,net_profit,eps,dps,gross_profit,ebit,ebitda,close_price,expense,operating_profit,cash,account_receivable,inventory,current_asset,property_plant_equipment,total_asset,short_term_loan,account_payable,current_portion_long_term_debt,current_liability,non_current_liability,total_liability,paid_in_capital,total_equity,cash_flow_operation,cash_flow_investment,cash_flow_financing,depreciation,P/E,P/BV,D/E,EPS,DPS,DPR%,ROA%,ROAA%,ROE%,ROAE%,ROCE%,NPM%,NPMA%,CurrentRatio,QuickRatio,month,year,dividend,number_of_shares,return_old
2002-03-31,93.97,18.45,0.31,0.0,56.62,39.43,54.18,,54.54,39.42,2.09,23.14,0.0,33.61,9.15,1652.41,28.01,41.72,116.61,219.48,767.78,987.27,300.0,665.14,52.01,-38.55,-11.96,14.75,0.0,0.0,1.48,0.31,0.0,0.0,4.48,0.0,11.08,0.0,11.0,19.64,19.63,0.15,0.15,3,2002,0.0,59.516129032258064,18.45
2002-06-30,82.15,24.94,0.40235077206729664,0.0,58.42000000000001,43.79,58.080000000000005,3.24,38.37,41.59,7.62,16.76,0.0,154.24,8.67,2034.38,15.86,237.28,92.77,363.81,674.28,1038.09,375.0,996.29,228.07999999999998,-395.47999999999996,172.93,14.29,2.013790096230954,1.22,1.04,0.7,0.0,0.0,4.897183682876238,0.0,10.024282092648077,0.0,11.449753399400786,24.95,24.64,0.42,0.42,6,2002,0.0,61.98571428571429,43.39
2002-09-30,96.99000000000001,30.689999999999998,0.45985286177105833,0.0,72.07000000000001,56.46000000000001,72.02,2.34,40.52000000000001,55.05,130.58,20.52,0.0,182.56,455.52,2105.91,189.33,103.49,74.37,388.29,690.4,1078.69,375.0,1027.23,-81.50999999999996,40.599999999999966,163.86999999999998,15.560000000000002,1.273287715868361,0.85,1.05,1.11,0.0,0.0,5.8330885529157666,0.0,11.947888768898487,0.0,13.472446004319655,27.49,27.12,0.47,0.47,9,2002,0.0,66.73873873873873,74.08
2002-12-31,116.39999999999998,37.739999999999995,0.5501359327490609,0.0,76.90999999999997,64.78,80.51000000000002,2.9,51.620000000000005,59.91999999999999,44.67,18.58,0.0,132.64,9.02,2180.83,267.77,52.7,132.05,487.42,621.89,1109.3,375.0,1071.52,17.67999999999998,-174.76000000000005,71.16000000000003,15.729999999999997,1.318492315845257,1.01,1.04,1.63,0.0,0.0,6.925637631908423,0.0,14.094280093006615,0.0,16.29482382400286,29.35,28.71,0.27,0.27,12,2002,0.0,68.60122699386503,111.82
2003-03-31,144.14,52.99,0.7,1.0,94.37,78.58,95.28,2.58,65.56,77.83,28.06,46.72,0.0,229.04,9.04,2332.25,254.19,65.87,117.8,491.43,715.94,1207.37,380.59,1124.88,65.14,-143.56,61.82,16.7,0.9224999999999999,0.87,1.07,0.7,1.0,1.43,9.08,15.759999999999998,18.84,23.68,17.08,36.95,36.76,0.47,0.47,3,2003,75.7,75.7,52.99
2003-06-30,119.79000000000002,45.809999999999995,0.6027631578947368,0.003947368421052594,87.41,69.41000000000001,87.16,3.76,50.379999999999995,68.01,49.39,45.78,0.0,328.16,9.97,2613.56,461.84,127.59,144.62,766.35,730.3,1496.66,380.62,1116.9,102.97000000000001,-267.98,186.33,17.750000000000004,1.55824055882995,1.28,1.34,1.3,1.0,0.77,7.0105991902834,11.814157894736843,16.413704453441294,17.341032388663965,14.855793522267204,37.74,37.43,0.43,0.43,6,2003,0.29999999999999716,76.0,98.8
2003-09-30,215.61,67.61999999999999,0.8735909145535391,1.0181468573488763,118.61999999999998,99.94,118.85000000000002,7.35,115.67000000000002,98.13999999999999,62.83,70.64,0.0,366.42,10.32,3097.78,504.16,407.96,176.57,1118.74,845.13,1963.86,401.6,1133.91,-4.180000000000007,-119.01999999999992,136.64000000000001,18.909999999999997,2.10424578527063,2.6,1.73,2.15,2.0,0.93,8.727782718423265,15.488970075712052,23.859190001201778,25.029395505347914,20.36482634298762,34.99,34.7,0.33,0.33,9,2003,78.8093023255814,77.4046511627907,166.42
2003-12-31,145.53000000000003,41.160000000000025,0.10310819924848258,1.6121936737195186,92.57000000000005,69.15999999999997,88.41999999999996,9.9,76.37,65.35,35.53,31.17,0.0,156.8,12.41,3059.08,455.66,161.82,250.81,918.09,939.34,1857.43,431.78,1201.64,153.25,-316.22,135.67000000000002,19.260000000000005,24.005850340136043,3.56,1.55,0.52,2.0,3.85,5.385420560747666,9.59699393005107,13.6975277001638,14.482736294440706,11.746403314384821,33.63,33.21,0.17,0.17,12,2003,643.575313059034,399.1923076923077,207.58
2004-03-31,227.05,71.94,0.15,0.2,135.27,104.96,126.88,8.35,122.09,105.34,85.86,64.02,0.0,179.17,12.16,3523.64,34.92,367.67,232.12,729.81,1055.56,1785.38,510.92,1738.26,328.74,-408.39,129.98,21.92,13.9175,2.45,1.03,0.15,0.2,1.33,8.16,14.32,16.56,20.120000000000005,15.04,31.68,31.68,0.25,0.25,3,2004,95.92000000000002,479.6,71.94
2004-06-30,251.26999999999998,91.44,0.184693352919574,0.006257803892765296,143.29999999999998,124.83,143.99,7.45,126.44,120.24000000000001,101.81,33.51,0.0,172.08,12.17,3790.35,241.81,433.97,279.73,1029.59,1032.46,2062.04,512.37,1728.31,185.34000000000003,-292.5,123.11000000000001,19.159999999999997,10.086177821522309,2.21,1.19,0.33,0.2,0.61,9.648828497980169,16.073918472273228,21.155784061696657,25.70035989717224,18.626044803525524,34.5,34.16,0.17,0.17,6,2004,3.0981818181818,495.09090909090907,163.38
2004-09-30,212.70999999999998,72.80000000000001,0.14487255483106107,0.20295306353397644,133.5,105.64000000000001,128.61,6.2,107.07000000000002,104.98999999999998,54.58,35.24,0.0,127.49,12.42,3945.51,422.28,380.38,276.4,1116.32,1130.71,2247.02,513.13,1698.49,17.019999999999982,-222.55000000000007,158.29999999999998,22.97,10.69785096153846,1.87,1.32,0.47,0.4,0.85,7.3854179016004755,11.737759336099586,17.15044457617072,20.565737996443396,14.62288085358625,34.48,34.18,0.11,0.11,9,2004,101.98607350096715,502.5106382978724,236.18
2004-12-31,162.88,53.329999999999984,0.10499844564954575,0.004253996297485744,120.80000000000001,88.15999999999997,120.28999999999996,8.15,74.71999999999997,89.91000000000003,80.88,13.98,0.0,137.86,14.85,4342.06,417.0,317.63,306.63,1104.34,1485.85,2590.18,513.14,1751.87,92.04999999999995,-414.27,348.52,32.13000000000001,19.4074301518845,2.39,1.48,0.57,0.4,0.7,4.914664087596282,8.436717211840692,12.179819695347309,14.44189147179717,9.63775206383199,34.09,33.9,0.12,0.12,12,2004,2.160656961552803,507.9122807017544,289.51
2005-03-31,225.04,89.76,0.17,0.3,155.57,125.63,155.82,10.2,99.42,125.75,31.67,18.91,0.0,73.46,12.94,4681.12,438.95,398.05,305.75,1360.25,1633.1,2993.36,513.19,1687.76,218.83,-433.44,165.4,30.19,15.0,3.1,1.77,0.17,0.3,1.76,7.68,12.24,21.28,20.96,15.12,39.91,39.89,0.05,0.05,3,2005,158.4,528.0,89.76
2005-06-30,1896.1399999999999,473.63,0.9247466231207513,-0.009270665081027411,933.79,917.63,945.5900000000001,9.45,978.5000000000001,900.8599999999999,378.84,19.16,0.0,528.01,14.28,4957.05,576.49,324.29,230.79,1415.49,1356.2,2771.69,513.26,2185.36,707.3499999999999,-45.94,-314.24,27.959999999999997,2.5544835103350714,2.22,1.27,1.1,0.3,0.27,38.234069472301606,80.20075258701787,86.69079252382897,96.81256465325973,99.06558369868121,26.78,26.56,0.37,0.37,6,2005,-4.748181818181848,512.1727272727272,563.39
2005-09-30,192.01999999999998,56.14999999999998,0.10785179326597148,0.6048686708907196,119.00999999999999,103.47000000000003,133.6099999999999,11.2,88.54999999999995,82.98000000000002,371.91,10.07,0.0,409.46,14.82,5940.35,1576.01,254.02,302.08,2202.8,1818.34,4021.14,537.22,1919.21,-77.66999999999996,-1122.02,1192.76,30.140000000000008,25.956684772929663,3.14,2.1,1.19,0.9,0.76,3.7811569874422943,8.410627239564835,11.702372728153142,12.416550989443778,11.122329470252119,27.23,26.78,0.19,0.19,9,2005,314.9078456837281,520.6218487394958,619.54
2005-12-31,210.94000000000005,60.75999999999999,0.11521446420696752,0.01150673763552139,136.93000000000006,-163.71000000000004,-130.37999999999988,12.5,374.64999999999986,91.1400000000001,257.07,16.93,0.0,312.73,17.37,6446.3,1306.98,510.65,318.94,2192.38,2269.06,4461.44,537.27,1984.86,326.1200000000001,-625.52,184.87999999999988,33.33,27.123547564186964,3.38,2.25,1.29,0.9,0.7,3.7690313097163015,6.509170660002939,12.243099808907836,13.007623695428485,8.256143466117887,27.58,26.95,0.14,0.14,12,2005,6.06824311119783,527.3643410852712,680.3
2006-03-31,221.17,53.32,0.10000000000000002,0.6,143.3,114.26,158.23,19.0,106.91,95.7,135.73,15.34,0.0,571.47,19.69,7433.02,1567.49,573.06,285.7,2826.86,2890.31,5717.16,537.29,1715.86,197.32,-1123.31,804.65,43.97,47.49999999999999,5.95,3.33,0.1,0.6,6.0,2.88,7.559999999999999,12.44,12.52,9.92,26.37,24.11,0.2,0.2,3,2006,319.91999999999996,533.1999999999999,53.32
2006-06-30,2285.56,654.18,1.2205195759717313,0.0031174558303887208,1116.1200000000001,916.9100000000001,938.02,16.3,1368.6499999999999,1064.58,187.64,65.14,0.0,598.05,26.39,7817.08,78.48,923.11,268.97,1598.68,3807.78,5406.46,537.31,2374.02,1288.29,-377.6500000000001,-859.03,21.11,3.339151686080284,3.69,2.28,1.32,0.6,0.45,33.471824734982334,59.6945028975265,110.21661625441695,114.76582558303886,61.32186233215546,29.63,28.22,0.37,0.37,6,2006,1.670909090909106,535.9848484848485,707.5
2006-09-30,246.76999999999998,52.549999999999955,0.09748766528517852,0.003403484220535767,154.44999999999982,127.8599999999999,161.49,16.9,118.92000000000007,101.93000000000006,137.22,14.66,0.0,300.47,31.09,7917.07,497.2,811.72,263.67,1676.17,3777.87,5454.05,538.34,2427.16,524.6000000000001,-936.1599999999999,361.14,33.629999999999995,43.353946241674635,3.75,2.25,1.41,0.6,0.43,2.654983224787841,4.626861390697977,8.65911716334451,9.671329517794874,5.13573317544898,29.14,27.6,0.18,0.18,9,2006,1.834622823984546,539.0425531914893,760.05
2006-12-31,356.75,109.12,0.19961664576550045,0.0083475088363831,201.7700000000002,189.1400000000001,227.46000000000004,18.5,167.5999999999999,149.38999999999987,569.82,18.56,0.0,1353.21,31.52,9538.34,28.76,754.79,241.61,1079.77,3880.84,4960.61,645.41,4542.77,152.07000000000016,-1326.3400000000001,1606.85,38.32000000000001,23.17892870234604,2.63,1.09,1.59,0.6,0.38,4.574861994776626,8.47178066431193,9.606708008789996,13.37305981568623,8.004753040256796,29.69,27.95,1.25,1.25,12,2006,4.56314733038937,546.6477987421383,869.17
2007-03-31,442.78,82.58,0.13,0.0,189.33,170.75,210.59,17.8,272.03,132.08,439.48,21.06,0.0,902.73,42.74,9445.97,8.77,492.68,260.28,885.38,3875.6,4760.98,646.14,4651.72,350.84,-496.43,15.26,39.84,34.23,2.47,1.02,0.13,0.0,0.0,3.4799999999999995,8.08,7.12,10.36,7.96,20.44,18.65,1.02,1.02,3,2007,0.0,635.2307692307692,82.58
2007-06-30,294.21000000000004,85.19000000000001,0.13202241163497647,1.2,178.16,151.83999999999997,198.34,21.5,142.37,117.60999999999999,211.7,12.13,0.0,385.85,43.79,9652.55,676.46,622.58,231.71,1631.39,4005.87,5637.27,649.25,3970.42,110.77000000000004,-295.98999999999995,-42.56,46.5,40.71164837422233,3.52,1.42,0.26,1.2,4.62,3.5341384037670625,7.494810752816356,8.591612326399238,10.744593193061933,8.165078381117004,25.69,22.76,0.24,0.24,6,2007,774.323076923077,645.2692307692308,167.77
2007-09-30,340.8599999999999,132.27,0.20278696173843488,0.012862900331237711,160.39,213.65000000000003,264.17,19.8,127.21000000000004,104.74000000000001,148.21,9.0,0.0,363.81,46.68,9911.8,790.32,594.02,265.45,1759.66,4048.79,5808.45,650.67,4103.35,103.51999999999998,-338.08000000000004,171.06,50.52000000000001,24.40788084977697,3.14,1.42,0.46,1.2,2.61,5.342995600586588,10.615456605785896,12.89019730702573,16.20532329022797,11.602940941207839,33.91,27.84,0.21,0.21,9,2007,8.389966555183832,652.2608695652174,300.04
2007-12-31,2443.19,762.71,1.176988379204893,-0.007856402074192194,1179.3000000000002,1076.11,1124.2800000000002,20.7,1367.08,1117.02,185.05,7.45,0.0,587.68,69.9,9682.76,6.1,509.49,232.48,1071.92,3759.05,4830.96,650.75,4851.8,2095.6099999999997,-1003.8299999999999,-1054.94,48.16999999999999,4.396135162774842,2.78,1.0,1.64,1.2,0.73,31.520322935779816,48.17040244648319,62.86840366972476,64.93531009174313,53.739566972477064,33.21,30.18,0.55,0.55,12,2007,-5.091092258748631,648.0182926829268,1062.75
2008-03-31,251.17,51.62,0.08,0.0,143.39,123.0,171.9,19.2,128.16,76.64,631.33,7.98,0.0,695.71,78.98,10719.0,330.5,820.65,313.72,1838.82,3955.8,5794.62,651.42,4924.38,119.5,-280.13,606.91,48.9,60.0,2.54,1.18,0.08,0.0,0.0,1.92,4.88,4.2,4.32,5.56,25.21,20.55,0.38,0.38,3,2008,0.0,645.25,51.62
2008-06-30,331.51,83.15,0.12956518513022186,1.2,181.24,163.25,217.30999999999997,16.0,168.28,118.94000000000001,714.16,8.02,0.0,805.66,80.02,11338.85,1038.37,679.64,1841.92,3659.53,3428.56,7088.09,653.84,4250.76,-129.74,-708.41,920.9800000000001,54.059999999999995,30.872297955502102,2.46,1.67,0.21,1.2,5.71,2.9368108629516954,6.737389626771536,7.823269273577205,8.094739185278621,9.205297914966238,27.67,23.13,0.22,0.22,6,2008,770.1142857142858,641.7619047619048,134.77
2008-09-30,344.6500000000001,76.06,0.11544467106199308,0.031112406068531724,190.94000000000005,173.43,233.75000000000006,12.6,171.20999999999998,125.85,159.4,27.43,0.0,236.29,85.6,11308.6,1302.83,345.23,1831.35,3626.55,3346.54,6973.09,657.06,4335.5,196.58,-921.4200000000001,170.08999999999992,60.32000000000001,27.28926308177755,1.91,1.61,0.32,1.2,3.75,2.684088602191339,6.248442821230375,7.013263767016079,7.215291941374567,8.629489161883983,26.72,22.74,0.07,0.07,9,2008,20.498214285714198,658.84375,210.83
2008-12-31,2494.13,514.03,0.7871496564853903,-0.010688788179786538,1067.8600000000001,776.4099999999999,831.4300000000001,5.75,1717.7199999999998,1036.76,140.99,12.46,1.46,670.33,83.26,11734.07,1061.69,403.71,1922.76,3722.87,3161.66,6884.54,658.07,4849.54,2168.8599999999997,-1907.8200000000002,-279.45000000000005,55.02000000000001,1.82614575024804,0.78,1.42,1.11,1.2,1.08,17.53003559308004,32.73407940843748,42.40680131335706,42.3784355599702,43.76835747592638,22.49,21.19,0.18,0.18,12,2008,-6.98006756756763,653.027027027027,724.86
2009-03-31,274.16,76.63,0.11999999999999998,0.0,156.72,158.36,216.7,5.65,115.8,97.56,229.95,18.68,0.0,351.96,83.46,11815.15,1059.67,320.78,1922.65,3617.22,3271.76,6888.98,658.07,4926.17,93.74,-96.92,92.14,58.34,11.77,0.75,1.4,0.12,0.0,0.0,2.6,5.64,6.24,6.24,7.72,36.86,27.95,0.1,0.1,3,2009,0.0,638.5833333333334,76.63
2009-06-30,266.03000000000003,68.25999999999999,0.1036455241907654,0.8000000000000002,149.14000000000001,148.52999999999997,212.42000000000002,6.1,117.51,90.71000000000001,47.97,11.98,0.0,188.83,82.38,11811.12,0.0,48.16,529.24,1628.77,5714.38,7343.15,658.07,4467.97,-141.28,-488.58,447.88,63.89,14.715058965719308,0.9,1.64,0.22,0.8,3.64,2.3178908137207537,4.993829801918697,6.105663606874181,6.256420732969839,5.6722368693491605,35.29,26.82,0.12,0.12,6,2009,526.8727272727273,658.590909090909,144.89
2009-09-30,279.40999999999997,65.18,0.0992888084924073,-0.0025861509367006525,156.3,149.39,215.62,8.55,130.01999999999998,94.65,265.13,10.98,0.0,316.37,77.48,11936.39,0.0,36.67,1042.02,1547.44,5841.52,7388.96,658.07,4547.43,104.42,43.41999999999996,69.33000000000004,66.23,21.529113224915616,1.24,1.62,0.32,0.8,2.5,2.1843537868329608,4.87756271718951,5.733928690436522,5.870450802113583,5.44847336602085,33.46,25.63,0.2,0.2,9,2009,-1.6977272727272066,656.46875,210.07
2009-12-31,1709.6,443.21,0.6716536554004409,0.004134138501101989,633.5,526.1,596.29,9.6,1183.49,579.1600000000001,82.83,17.38,0.0,164.11,92.06,11109.07,0.0,148.65,816.12,1206.71,4908.78,6115.49,659.85,4993.58,1601.3999999999999,-383.87,-1399.8400000000001,70.18999999999997,3.574386859502267,1.27,1.22,0.99,0.8,0.81,15.956862601028654,23.338268430075924,35.49587803085966,36.011490938035756,26.920421258878275,27.53,25.83,0.14,0.14,12,2009,2.7280303030302093,659.8787878787879,653.28
2010-03-31,372.0,115.54,0.17,0.0,203.46,203.54,265.99,10.3,168.46,164.72,85.82,9.5,0.0,527.9,16.39,11530.29,0.0,89.83,623.9,850.94,5093.33,5944.27,671.79,5586.02,169.54,-197.82,66.2,62.45,15.1475,1.24,1.06,0.17,0.0,0.0,3.9999999999999996,6.96,8.28,8.8,7.64,39.3,31.06,0.62,0.62,3,2010,0.0,679.6470588235294,115.54
2010-06-30,293.25,89.05999999999999,0.13493939393939391,0.8,172.68999999999997,171.47,235.98000000000002,9.85,121.77000000000001,131.26000000000002,73.91,14.98,0.0,142.21,83.69,11460.92,0.0,99.54,1332.04,2202.49,4495.29,6697.78,672.16,4763.13,131.23,-257.1,79.02999999999999,64.50999999999999,18.246524814731643,1.39,1.41,0.31,0.8,2.58,3.116664711632453,5.606514173998045,7.48695992179863,7.713309872922776,7.051671554252199,38.93,30.76,0.06,0.06,6,2010,528.0,660.0,204.6
2010-09-30,405.6500000000001,147.75000000000003,0.2222435078756918,0.005789697743720825,189.51999999999998,250.18000000000006,320.1,14.5,155.47999999999996,80.38,205.43,15.63,0.0,830.1,79.47,12377.68,230.0,381.34,1231.34,1940.74,5414.47,7355.22,672.16,5022.47,143.14000000000004,-477.93,466.90999999999997,69.92,16.311837563451775,1.94,1.46,0.53,0.8,1.51,4.780332056194126,8.62137079608344,11.774712643678162,12.344997871434655,10.047083865474672,44.34,32.9,0.43,0.43,9,2010,3.849056603773647,664.811320754717,352.35
2010-12-31,2070.04,468.75,0.6964742418706612,0.009772440559488787,935.4399999999999,715.28,783.57,13.5,1354.77,868.11,183.23,13.7,0.0,1123.25,564.85,12484.63,1.72,112.92,1160.3,1601.52,5286.12,6887.64,686.35,5596.99,1765.26,-1512.71,-274.94,68.29000000000002,4.8477744000000005,1.66,1.23,1.22,0.8,0.66,15.025575447570331,25.940811107051516,33.49926927292656,35.4174278407015,28.132992327365727,29.5,26.14,0.7,0.7,12,2010,6.577172904423151,673.032786885246,821.1
2011-03-31,313.05,91.8,0.13,0.0,161.26,178.62,247.86,13.8,134.43,112.49,608.48,15.64,0.0,1516.02,557.77,13288.05,0.0,204.22,1160.0,1691.21,5378.11,7069.31,699.7,6218.73,187.74,-302.17,539.53,69.24,26.5375,1.55,1.14,0.13,0.0,0.0,2.76,5.76,5.92,6.24,6.16,41.16,29.32,0.9,0.9,3,2011,0.0,706.1538461538461,91.8
2011-06-30,467.65000000000003,147.5,0.19724195570413708,1.0,244.01,257.26,332.06999999999994,12.6,210.39,191.01999999999998,90.11,19.33,0.0,435.07,565.31,12668.96,0.0,216.12,659.7,1013.04,5957.62,6970.66,781.0,5698.3,-43.0,108.36000000000001,-583.87,74.81000000000002,15.972261016949156,1.73,1.22,0.32,1.0,3.13,4.659841203510238,8.900543251149184,10.355202674467195,11.267446719598832,9.221061429168406,39.61,30.65,0.43,0.43,6,2011,747.8125,747.8125,239.3
2011-09-30,1289.7299999999998,295.67,0.3924064900835561,0.20752028151111285,483.0,428.70000000000005,509.35,11.9,861.03,427.81000000000006,143.1,19.29,0.0,269.06,595.58,13183.6,443.6,269.72,809.4,1685.93,5659.33,7345.26,781.0,5838.34,878.67,-951.9200000000001,125.69,80.64999999999998,7.581169208915346,1.59,1.26,0.71,1.2,1.69,8.975607604164718,14.944607735013177,20.2503856291007,21.775796773650857,16.62477073480756,29.49,25.84,0.16,0.16,9,2011,156.362147887324,753.4788732394367,534.97
2011-12-31,225.2800000000002,-98.58000000000004,-0.1287623456082862,0.018993218690220547,122.31000000000006,38.059999999999945,116.54999999999995,10.9,187.23000000000002,46.129999999999995,136.83,106.9,0.0,1255.77,597.02,15288.73,1606.1,329.33,1089.14,3068.08,6480.46,9548.54,781.01,5740.19,-57.49000000000001,-1817.9699999999998,2220.07,78.49000000000001,-21.15991276120916,1.48,1.66,0.57,1.2,2.11,-2.5752469121657247,-5.873370150553407,-6.867325099108598,-6.957684639886343,-6.677570063475334,21.83,19.01,0.41,0.41,12,2011,14.541141586360254,765.5964912280702,436.39
2012-03-31,1095.27,240.5,0.31,0.0,495.46,503.4,584.81,13.0,591.87,432.84,363.14,112.5,0.0,1153.92,636.38,16601.02,1448.0,516.89,1639.14,3783.12,6837.31,10620.43,781.0,5980.59,776.64,-1712.15,741.89,81.41,10.485,1.7,1.78,0.31,0.0,0.0,5.8,13.48,16.08,15.759999999999998,15.720000000000002,24.12,21.96,0.31,0.31,3,2012,0.0,775.8064516129033,240.5
2012-06-30,408.04999999999995,78.22000000000003,0.10062186244979922,0.2,180.08999999999997,86.12,173.7700000000001,12.8,321.92999999999995,66.80000000000001,417.57,113.2,0.0,661.88,669.87,17486.14,2139.74,519.32,2557.19,5402.91,6177.79,11580.71,781.0,5905.43,97.44000000000005,-1396.6799999999998,820.85,87.65,31.802730759396567,1.69,1.96,0.41,0.2,0.49,1.7866516064257034,3.8383559236947806,5.301054216867471,5.389405120481929,4.79058232931727,24.46,21.2,0.12,0.12,6,2012,155.47317073170734,777.3658536585367,318.72
2012-09-30,489.82000000000016,76.51999999999998,0.09873798198562896,-0.0006156185435956439,206.91000000000008,202.68000000000006,308.81000000000006,12.9,287.1400000000001,180.55000000000007,319.54,103.35,2153.08,3826.67,765.87,20031.6,0.0,613.59,2907.19,5935.51,8121.16,14056.67,781.0,5974.92,61.370000000000005,-1562.5900000000001,2454.2799999999997,106.13,32.65688578149504,1.69,2.35,0.51,0.2,0.39,1.5255986236210906,3.693962149580001,5.118886752352999,5.180839995951826,4.352215362817527,23.53,19.83,0.64,0.28,9,2012,-0.4770923003347889,774.9803921568628,395.24
2012-12-31,4070.7699999999995,901.3299999999999,1.1261671949836878,0.006340076464191262,1470.9,1175.25,1289.4999999999998,14.5,2895.52,1241.1699999999998,361.54,119.24,0.0,1337.98,866.02,19739.85,745.08,666.06,2350.0,3945.9,7897.22,11843.12,877.47,7896.73,3559.71,-2522.9700000000003,-1308.6100000000001,114.25,3.218660618197552,1.61,1.5,1.62,0.2,0.12,18.268934496402046,31.22680888806621,45.65843294230161,52.88814826812281,34.64702036912778,23.33,21.38,0.34,0.34,12,2012,5.074291938997817,800.3518518518517,1296.57
2013-03-31,609.89,254.86,0.29,0.0,181.47,379.95,485.21,26.25,229.94,55.04,569.17,111.36,0.0,915.18,889.06,22693.41,3130.0,615.3,2600.0,6541.31,7743.28,14284.58,884.79,8408.83,-88.24,-3162.27,2736.1,105.26,22.63,2.76,1.7,0.29,0.0,0.0,4.48,7.72,12.12,14.16,9.4,89.44,41.79,0.14,0.14,3,2013,0.0,878.8275862068966,254.86
2013-06-30,580.2900000000001,165.72999999999996,0.18519960056111648,1.0,227.73,353.32,449.26000000000005,18.1,226.98000000000002,170.68,435.22,93.05,0.0,3473.98,913.62,23881.44,3278.5,619.24,1640.0,5802.74,10399.57,16202.31,912.11,7679.13,16.64999999999999,-1238.73,1090.5300000000002,95.93999999999998,24.43269308513848,2.15,2.11,0.47,1.0,2.13,2.7740535913835322,5.595392187165647,8.637394136807817,9.756472574240945,6.399237261941556,71.3,35.34,0.6,0.6,6,2013,894.8723404255319,894.8723404255319,420.59
2013-09-30,534.02,86.44,0.09547048498116484,0.011639329747159031,292.75000000000006,246.82000000000005,334.31999999999994,16.3,287.19,198.50000000000003,289.79,98.16,0.0,3335.85,924.55,25996.41,0.0,692.32,1120.0,6875.87,11351.74,18227.61,912.28,7768.8,68.5,-2193.3900000000003,1962.5199999999995,87.5,42.68753846598797,1.91,2.35,0.56,1.0,1.79,1.32976746938051,2.90503047156973,4.45301619233576,5.032658422578546,3.498311342524111,49.71,29.41,0.49,0.49,9,2013,10.538373860182219,905.4107142857141,507.03
2013-12-31,4956.84,907.2,1.0007085127595936,0.0012652013564172198,1940.36,1257.77,1345.5700000000002,15.8,3699.06,1676.8799999999999,347.86,90.67,0.0,3728.86,1094.9,26451.39,0.0,765.62,1125.0,4176.11,13587.52,17763.63,912.38,8687.76,5069.42,-3257.5099999999993,-1352.5099999999993,87.80000000000001,3.947902860449736,1.66,2.04,1.56,1.0,0.64,13.727668059650835,24.86375766318067,41.77316560955432,43.748923442438645,25.787488598035683,24.15,21.17,0.89,0.89,12,2013,1.146978021978157,906.5576923076923,1414.23
2014-03-31,889.18,143.74,0.16,0.0,464.76,360.47,457.13,17.2,528.7,350.3,310.76,68.76,0.0,4101.52,1144.69,27601.95,0.0,755.96,575.0,3786.46,14977.24,18763.7,912.4,8838.25,369.0,-1515.47,974.92,96.66,26.875,1.78,2.12,0.16,0.0,0.0,2.08,5.719999999999999,6.52,6.68,6.04,19.92,16.17,1.08,1.08,3,2014,0.0,898.375,143.74
2014-06-30,326.91999999999996,5.329999999999984,0.0057208023076406895,1.0,214.24,188.41999999999996,279.34000000000003,17.4,138.51,113.65999999999997,288.66,61.26,0.0,4095.77,1164.72,29132.14,0.0,808.05,1443.58,4678.72,14148.35,18827.07,913.79,10305.07,44.879999999999995,-1793.95,1457.8199999999997,90.92000000000002,760.3828564727977,1.54,1.83,0.16,1.0,6.25,0.07294022942241878,0.29605151942040564,0.20737908365197497,0.23741329576708858,0.3203649292278786,14.76,12.26,0.88,0.88,6,2014,931.6874999999999,931.6874999999999,149.07
2014-09-30,555.3200000000002,16.830000000000013,0.01724593128390598,0.04528707052441241,240.35000000000002,171.56000000000006,276.15999999999997,18.2,383.76,122.74000000000007,283.65,69.36,0.0,4237.61,1184.74,31530.77,0.0,695.58,2353.69,5444.37,15763.37,21207.74,1072.8,10323.03,-181.14,-2254.66,2463.6900000000005,104.6,263.83324420677343,1.89,2.05,0.17,1.0,5.88,0.2150669077757687,1.0144665461121165,0.6533164556962031,0.7425895117540693,1.1199710669077765,12.28,9.37,0.78,0.78,9,2014,44.19485294117658,975.8823529411765,165.9
2014-12-31,4393.53,595.84,0.594478956074251,0.02634680043677092,1183.08,822.26,962.9499999999999,18.1,3571.2699999999995,1002.02,202.08,87.09,0.0,860.12,1593.45,31209.12,0.0,660.75,2225.69,3808.53,15934.96,19743.5,1099.14,11464.36,3865.6000000000004,-2452.3,-1402.8900000000003,140.69,7.613053336466164,1.74,1.72,0.76,1.0,1.32,7.63436133063775,16.73927586840654,20.775475096489615,23.654004778533356,17.615350119463333,13.56,12.36,0.23,0.23,12,2014,26.407120743034056,1002.2894736842105,761.74
2015-03-31,466.83,0.1,0.0,,169.57,178.03,305.35,15.1,288.8,43.55,318.62,82.69,0.0,3452.52,1598.78,32784.15,0.0,712.96,2649.04,4609.46,16711.61,21321.06,1099.14,11461.54,-207.57,-1294.83,1489.99,127.32,0.0,1.45,1.86,0.0,0.0,0.0,0.0,2.36,0.0,0.0,2.52,0.04,0.02,0.75,0.75,3,2015,,inf,0.1
2015-06-30,465.75000000000006,-29.720000000000002,-0.03010128291694801,,228.62,164.64000000000001,283.47,14.0,301.10999999999996,105.57000000000001,103.91,93.13,0.0,3268.85,1597.91,34093.54,0.0,805.97,2844.04,5521.98,17691.81,23213.79,1099.14,10878.73,-31.97,-1528.71,1379.8500000000001,118.83000000000001,-116.2749444818304,1.41,2.13,-0.03,0.5,-16.67,-0.3612153950033761,4.334584740040514,-1.0836461850101284,-1.1237812288993925,4.816205266711681,-4.95,-3.18,0.59,0.59,6,2015,,987.3333333333334,-29.62
2015-09-30,551.0500000000001,6.77,0.0059256017505470455,0.06790663749088255,280.94,210.21999999999997,331.55999999999995,11.6,340.83000000000004,161.7,74.68,80.88,0.0,3125.29,1732.58,36669.81,0.0,741.12,2497.15,6825.31,18963.61,25788.92,1099.14,10878.48,214.35,-2919.4300000000003,2638.4700000000003,121.34,489.40177252584937,1.17,2.37,-0.02,0.5,-25.0,0.07110722100656454,-1.919894967177243,0.2488752735229759,0.26072647702407,-2.192472647702407,-2.25,-1.54,0.46,0.46,9,2015,77.58333333333331,1142.5,-22.85
2015-12-31,3865.46,792.59,0.720779743809598,-0.01949359523995107,1020.9499999999999,1070.04,1225.12,11.9,2795.41,916.97,1133.89,94.96,0.0,1548.62,183.23,36293.76,0.0,606.34,3627.65,6485.22,18119.04,24604.26,1099.14,11687.02,3272.4500000000003,-929.4699999999993,-1278.1900000000005,155.08000000000004,4.127474482393167,1.12,2.11,0.7,0.5,0.71,8.731731753579131,19.81114610128095,27.142505781172865,27.389630264764726,22.405953178995507,17.26,14.39,0.24,0.24,12,2015,-21.435714285714198,1099.6285714285716,769.74
2016-03-31,755.26,255.82,0.23,0.0,186.04,511.9,602.52,12.0,243.36,73.03,798.62,78.19,0.0,2485.27,189.06,35683.8,0.0,377.69,4227.65,6765.9,16966.43,23732.33,1099.14,11947.88,-100.02,395.37,-630.15,90.62,13.0425,1.1,1.99,0.23,0.0,0.0,2.88,6.0,8.56,8.76,7.08,97.73,33.87,0.37,0.37,3,2016,0.0,1112.2608695652173,255.82
2016-06-30,451.29999999999995,-9.560000000000002,-0.008540566880532773,0.5,205.34,216.90999999999997,308.0,13.3,234.39,99.25999999999999,634.25,95.27,0.0,2440.43,182.57,36006.86,0.0,509.06,3267.58,5461.82,19155.26,24617.08,1099.14,11385.46,40.669999999999995,-432.1,227.71999999999997,91.09,-389.28914748953963,1.28,2.16,0.22,0.5,2.27,-0.10559246325022338,-0.3229887111183303,-0.33541135385365073,-0.34317550556322596,-0.37112645171769687,45.39,20.41,0.45,0.45,6,2016,559.6818181818181,1119.3636363636363,246.26
2016-09-30,598.8600000000001,21.360000000000014,0.01915551901950528,-0.0019192749556697294,250.38,238.75,369.3900000000001,15.9,360.11,105.63000000000002,176.22,149.56,0.0,631.47,379.98,35646.5,0.0,393.3,5662.02,7717.97,16518.4,24236.36,1099.14,11405.25,-32.85999999999999,-196.75,-228.02000000000004,130.64000000000001,207.5119967228463,1.53,2.13,0.24,0.5,2.08,0.23944398774381603,0.8556131828712359,0.7502578282639568,0.7662207607802112,1.1046349301248044,27.96,14.82,0.08,0.08,9,2016,-2.1401515151513877,1115.0833333333335,267.62
2016-12-31,673.75,7.409999999999968,0.0067356288404901,-0.006800773248979018,300.95000000000005,228.82000000000016,352.5899999999999,16.6,444.93999999999994,141.89,284.27,138.03,0.0,912.25,180.56,36092.73,0.0,493.48,4569.97,8290.98,16384.08,24675.06,1099.14,11412.11,179.35,-392.75,321.70000000000005,123.76999999999998,616.1265856950093,1.6,2.16,0.25,0.5,2.0,0.08190524670035962,0.3567189033923557,0.2597258480892983,0.256492746245863,0.4634112642257189,18.31,11.09,0.11,0.11,12,2016,-7.481666666666797,1100.12,275.03
2017-03-31,604.13,94.87,0.06,0.0,306.81,270.68,401.66,15.7,333.45,182.84,126.46,138.0,0.0,7753.35,180.55,43279.16,0.0,291.3,4474.1,4998.22,13553.46,18551.68,1834.14,24721.35,115.52,-6121.63,7323.84,130.98,65.4175,1.16,0.75,0.06,0.0,0.0,0.8800000000000001,2.76,1.52,2.08,2.84,20.47,15.7,1.55,1.55,3,2017,0.0,1581.1666666666667,94.87
2017-06-30,539.0100000000001,44.21000000000001,0.025429968363531782,0.08,244.13000000000005,196.29000000000002,334.56,14.6,342.71999999999997,103.67999999999998,99.29,195.63,0.0,7476.7,177.64,43238.23,0.0,376.49,5673.33,6274.21,12347.41,18621.62,1834.14,24609.83,238.38,769.6900000000005,-246.73999999999978,138.27,143.5314408504863,1.09,0.76,0.08,0.08,1.0,0.4068794938165085,1.5003681334483752,0.7247540983606557,0.9790537819959737,1.6020880069025025,16.38,12.17,1.19,1.19,6,2017,139.08,1738.5000000000002,139.08
2017-09-30,581.8,105.82999999999998,0.06049650892164468,0.0004965089216446776,285.54999999999995,246.18999999999994,386.64999999999986,16.1,335.61,163.75,188.45,140.29,0.0,3627.75,173.56,40477.58,0.0,313.48,4101.51,4764.77,11008.97,15773.74,1834.14,24696.44,387.84000000000003,858.0199999999995,-2920.0,140.45999999999998,66.53276481149013,1.2,0.64,0.14,0.08,0.57,1.0543677269200928,3.2322420480993013,1.7111869666408066,2.350721489526765,3.456943366951124,18.87,14.2,0.76,0.76,9,2017,0.8685714285714141,1749.3571428571427,244.91
