,revenue,net_profit,eps,dps,gross_profit,ebit,ebitda,close_price,expense,operating_profit,cash,account_receivable,inventory,current_asset,property_plant_equipment,total_asset,short_term_loan,account_payable,current_portion_long_term_debt,current_liability,non_current_liability,total_liability,paid_in_capital,total_equity,cash_flow_operation,cash_flow_investment,cash_flow_financing,depreciation,P/E,P/BV,D/E,EPS,DPS,DPR%,ROA%,ROAA%,ROE%,ROAE%,ROCE%,NPM%,NPMA%,CurrentRatio,QuickRatio,month,year,dividend,number_of_shares,return_old
2005-10-31,,,,,,,,,,,8.26,26.48,15.34,51.53,477.36,534.52,16.16,40.05,11.5,159.54,194.17,353.7,150.0,180.82,,,,,,0.0,1.96,0.08,0.0,0.0,,,,,,7.01,6.88,0.32,0.23,10,2005,,145.875,11.67
2006-01-31,179.29,7.729999999999999,0.047814432989690715,0.0,45.400000000000006,15.110000000000003,31.57,1.88,164.18,14.579999999999998,7.71,29.24,20.31,58.34,482.96,545.65,13.69,48.82,0.0,159.3,147.27,306.57,180.0,239.08,23.86,-16.900000000000006,-7.520000000000003,16.46,9.831759379042692,1.42,1.28,0.12,0.0,0.0,5.673979381443298,0.0,12.92583505154639,0.0,14.83841237113402,5.62,5.56,0.37,0.24,1,2006,0.0,161.66666666666666,19.4
2006-04-30,173.47000000000003,10.650000000000002,0.06379367720465891,0.0,48.24000000000001,19.449999999999996,35.83,3.06,154.01999999999998,16.93,11.78,25.7,17.9,57.01,476.28,536.13,18.73,39.02,0.0,145.66,140.74,286.4,180.0,249.74,20.869999999999997,-17.340000000000003,0.5400000000000027,16.380000000000003,11.991784037558684,2.21,1.15,0.18,0.0,0.0,7.938768718801997,0.0,17.05417637271215,0.0,20.116272878535774,5.82,5.75,0.39,0.27,4,2006,0.0,166.94444444444446,30.05
2006-07-31,205.27999999999997,23.69,0.14106438407145516,0.0,63.809999999999974,34.830000000000005,51.16999999999999,3.26,170.44,32.87,15.46,33.52,15.29,66.48,466.24,536.29,11.25,49.32,0.0,158.17,104.7,262.87,180.0,273.42,57.69,-12.700000000000003,-41.3,16.339999999999996,5.778921485859012,2.15,0.96,0.32,0.0,0.0,17.668314104949758,0.0,34.64893933755117,0.0,42.0724525493115,7.47,7.39,0.42,0.32,7,2006,0.0,167.9375,53.74
2006-10-31,-503.90999999999997,-19.86,-0.1113754427390791,0.0,-126.35999999999999,-45.43000000000001,-93.82,6.4,-458.46999999999997,-39.699999999999996,22.43,33.48,17.74,75.63,456.95,536.36,16.14,52.37,0.0,168.38,60.68,229.05,180.0,307.3,-73.38,107.59,-28.439999999999998,-48.39,-14.364028197381673,3.75,0.75,0.19,0.0,0.0,-14.818795749704838,-19.6255253837072,-25.862550177095628,-32.545076741440376,-28.535560802833526,15.3,15.14,0.45,0.34,10,2006,0.0,178.31578947368422,33.88
2007-01-31,218.01000000000002,19.58,0.10987654320987653,0.18,65.02000000000001,27.60000000000001,44.800000000000004,8.2,190.42000000000002,29.509999999999998,9.99,45.27,24.86,81.43,445.26,539.76,13.83,54.45,0.0,184.58,60.68,245.27,180.0,294.49,36.39,-12.55,-36.28,17.200000000000003,18.65502808988764,5.01,0.83,0.3,0.18,0.6,14.503703703703703,19.543374485596708,26.590123456790117,29.359012345679005,29.85711934156378,12.22,12.1,0.44,0.31,1,2007,32.076,178.20000000000002,53.46
2007-04-30,214.88,24.050000000000004,0.1334214940007741,0.0020528964004644834,62.5,32.00999999999999,48.50999999999999,9.1,182.86,29.189999999999998,22.99,35.23,25.53,85.07,444.63,542.36,16.44,54.11,0.0,183.15,40.68,223.83,180.0,318.53,28.22,-13.240000000000002,-1.9899999999999949,16.5,17.04897713097713,5.14,0.7,0.43,0.18,0.42,17.73575022577732,24.028280221906854,30.196697200361243,33.85803122177784,36.079654238162824,11.93,11.8,0.46,0.33,4,2007,0.3700465116279119,180.2558139534884,77.51
2007-07-31,229.99,28.159999999999997,0.1572291094918141,-0.0011599076545894304,71.37999999999997,36.420000000000016,54.16,8.0,193.56999999999994,34.14999999999999,6.87,39.39,18.73,66.6,438.6,519.3,15.81,48.53,0.0,167.04,5.57,172.61,180.0,346.69,46.13000000000001,-16.659999999999997,-45.27000000000001,17.739999999999995,12.720926846590912,4.15,0.5,0.59,0.18,0.31,21.692287309548593,28.439814516892206,32.49046276142708,36.32791899309169,42.617083372764256,12.04,11.92,0.4,0.29,7,2007,-0.20774142688214425,179.10169491525426,105.67
2007-10-31,-647.38,-76.24000000000001,-0.41448861705742446,-0.17526771367853627,-204.45,-103.17000000000002,-152.45999999999998,8.25,-544.21,-100.32999999999998,9.82,39.06,18.35,69.58,438.99,521.13,5.47,55.75,0.0,124.47,20.54,145.01,180.0,376.12,-105.67000000000002,31.22,85.68,-49.28999999999999,-4.975769937040923,3.95,0.39,0.16,0.0,0.0,-58.54651715936121,-73.77897383622155,-81.03252463472649,-89.2186748216106,-98.33742439687396,12.44,12.3,0.56,0.41,10,2007,-32.23830508474577,183.9375,29.43
2008-01-31,244.32000000000002,22.619999999999997,0.12602881844380404,0.35,62.499999999999986,29.010000000000005,47.349999999999994,6.2,215.31,26.22,12.63,45.62,23.29,83.41,436.5,532.91,6.9,60.34,0.0,141.72,55.45,197.17,180.0,335.74,42.61000000000001,-14.049999999999997,-25.75,18.34,12.299171087533157,3.32,0.59,0.29,0.35,1.21,16.983469740634003,21.60742363112392,26.944092219020174,28.717187319884722,29.621118155619595,10.89,10.76,0.59,0.42,1,2008,62.818965517241374,179.48275862068965,52.05
2008-04-30,255.82999999999998,36.36,0.201520190023753,0.001834712097632878,79.53,46.099999999999994,64.08,6.15,209.73000000000002,43.11,17.4,46.43,20.46,86.16,434.52,534.28,13.72,55.38,0.0,126.73,35.44,162.17,180.0,372.1,37.06999999999999,-18.43,-13.870000000000005,17.979999999999997,7.628888201320132,2.98,0.44,0.49,0.35,0.71,27.225788937902955,34.464065151001016,39.08669155072956,42.11360705802511,45.51888700373261,12.09,11.96,0.68,0.52,4,2008,0.3310344827586178,180.42857142857142,88.41
2008-07-31,277.47,40.110000000000014,0.2215849673202615,0.0011321195144724952,90.47,50.510000000000005,69.11000000000001,6.25,226.97000000000003,47.58999999999999,29.59,52.7,18.82,102.58,434.23,549.06,0.0,68.57,0.0,136.4,0.45,136.85,180.0,412.21,78.58000000000001,-17.49000000000001,-48.889999999999986,18.60000000000001,7.0492146596858625,2.73,0.33,0.71,0.35,0.49,29.22424836601308,38.16254901960785,38.92405228758171,42.282156862745104,49.39784313725491,12.78,12.64,0.75,0.61,7,2008,0.2049295774647959,181.01408450704227,128.52
2008-10-31,-716.33,-71.08000000000001,-0.39598885793871874,-0.35295225391345286,-196.88,-91.46000000000001,-146.38,5.85,-624.8800000000001,-83.43999999999998,100.55,57.32,20.22,180.26,430.73,623.69,0.0,63.91,0.0,153.59,0.45,154.04,180.0,469.65,-134.07,52.400000000000006,129.89999999999998,-54.92,-3.693033202025886,2.24,0.33,0.32,0.0,0.0,-45.588217270195,-62.12075208913651,-60.53679665738163,-67.21910863509751,-75.63387186629527,19.32,19.11,1.17,1.04,10,2008,-63.35492957746479,179.5,57.44
2009-01-31,284.93000000000006,38.17,0.21158979186277588,0.41,86.84,47.58000000000001,65.16000000000001,6.2,237.35000000000002,44.11,61.15,52.88,22.65,138.69,423.42,574.89,1.04,65.3,0.0,140.36,0.51,140.87,180.0,434.02,45.32000000000001,-11.96,-72.77000000000001,17.580000000000002,7.326676709457689,2.57,0.32,0.53,0.41,0.77,26.556515008890283,34.42925217027507,35.17979709235436,39.66709758393473,43.88292438029495,16.52,16.33,0.99,0.83,1,2009,73.96245283018867,180.39622641509433,95.61
2009-04-30,269.15,37.86,0.2099078444594291,-7.129013515861045e-05,83.85,47.18000000000001,64.82,7.6,221.96999999999997,44.31999999999999,91.72,48.16,19.94,161.91,417.07,590.91,0.0,57.86,0.0,118.52,0.51,119.03,180.0,471.88,40.19,-8.579999999999998,-1.0499999999999972,17.64,9.051353011093502,2.9,0.25,0.74,0.41,0.55,25.631449763991906,33.59660148347943,32.0875342773657,35.88856821757698,40.007300516970105,15.8,15.62,1.37,1.2,4,2009,-0.012858235594080725,180.36486486486487,133.47
2009-07-31,301.05000000000007,43.03,0.2389201133144476,-0.000598315596049298,99.44999999999999,53.41999999999999,70.91999999999999,8.15,247.63,51.349999999999994,138.88,56.68,27.79,225.48,413.86,672.11,0.0,75.69,0.0,156.36,0.83,157.19,180.0,514.91,79.06,-32.02,0.14000000000000057,17.5,8.531722054380664,2.85,0.31,0.98,0.41,0.42,25.608335410764873,35.135884419263455,33.42931218130312,37.125260056657226,41.6013552407932,15.43,15.27,1.44,1.26,7,2009,-0.1077578599007154,180.10204081632654,176.5
2009-10-31,-872.74,-135.5,-0.7601219512195122,-0.414234693877551,-282.95,-168.73,-222.20999999999998,8.7,-704.01,-154.70999999999998,174.32,54.44,25.25,256.43,411.15,698.71,0.0,58.71,0.0,141.98,0.82,142.79,180.0,555.91,-203.07000000000002,55.510000000000005,73.7,-53.480000000000004,-2.861678966789668,2.82,0.26,0.23,0.0,0.0,-77.59853658536586,-102.45121951219512,-97.56,-105.75609756097562,-121.75170731707318,14.63,14.49,1.81,1.63,10,2009,-73.84183673469387,178.26086956521738,41.0
2010-01-31,287.8999999999999,31.260000000000005,0.17304179352338778,0.43,85.61000000000001,39.13,55.61,7.3,248.77000000000004,40.75,143.06,55.66,25.56,226.45,404.74,661.9,0.0,65.42,0.0,151.87,0.24,152.12,180.0,509.78,59.35,-13.2,-77.4,16.480000000000004,10.546585092770313,2.58,0.3,0.4,0.43,1.08,18.896163852753947,25.29871021311929,24.520022142264047,26.49269858843067,30.663005812344313,12.79,12.66,1.49,1.32,1,2010,77.6795,180.65,72.26
2010-04-30,277.07000000000005,31.22999999999999,0.17200792347086669,0.00215851773118177,83.44,39.28,58.47,7.05,237.79000000000002,42.459999999999994,162.18,54.36,28.12,246.18,396.96,675.53,0.0,69.94,0.0,134.28,0.24,134.53,180.0,541.01,33.7,-14.579999999999998,0.0,19.189999999999998,10.24792907460775,2.35,0.25,0.57,0.43,0.75,18.492360614552126,24.72085805391825,23.091309305246874,24.660504396560047,28.921472606048887,12.33,12.21,1.83,1.62,4,2010,0.39190350877193225,181.56140350877195,103.49
2010-07-31,297.81000000000006,33.81000000000002,0.1871493080844866,-0.0021505219713523305,94.52999999999997,41.95999999999998,60.16,7.15,255.8499999999999,43.91,213.28,59.02,25.99,303.88,396.6,732.62,0.0,69.51,0.0,157.58,0.22,157.8,180.0,574.81,64.44,-13.340000000000003,0.0,18.200000000000003,9.55333481218574,2.24,0.27,0.76,0.43,0.57,18.458831755280414,24.073310997815017,23.53156300072834,24.82190823015296,29.402141296431186,12.11,11.98,1.93,1.76,7,2010,-0.38850877192983546,180.6578947368421,137.3
2010-10-31,-803.3600000000001,-75.82000000000002,-0.4193038386467145,-0.42960611923432523,-231.77999999999997,-94.68999999999998,-148.81,8.05,-708.67,-101.99999999999999,282.37,66.37,29.18,380.14,406.33,818.46,0.0,81.86,0.0,181.88,0.28,182.16,180.0,636.29,-104.28999999999999,21.590000000000003,77.4,-54.120000000000005,-4.800337641783169,2.28,0.29,0.34,0.0,0.0,-37.04672739102148,-50.020481457384534,-47.65264801561485,-50.859089134677966,-59.63980481457387,18.12,17.96,2.09,1.93,10,2010,-77.6828947368421,180.8235294117647,61.48
2011-01-31,297.32,29.04,0.16040653999116217,0.4,85.93,36.239999999999995,55.02999999999999,7.85,261.08000000000004,39.19,223.39,62.06,29.65,317.24,409.0,756.85,0.0,72.97,0.0,163.23,0.28,163.51,180.0,593.34,36.56999999999999,-23.550000000000004,-72.0,18.79,12.23453856749311,2.38,0.28,0.5,0.4,0.8,15.347697746354399,20.480707026071588,19.58243040212108,21.05817057003977,24.471621741051703,14.29,14.15,1.94,1.76,1,2011,72.416,181.04,90.52
2011-04-30,282.99,38.42999999999999,0.21457619232260564,-0.004339046141915472,91.06,48.150000000000006,66.52000000000001,7.85,234.83999999999992,49.969999999999985,241.22,61.96,28.3,336.15,399.79,767.3,0.0,66.08,0.0,135.27,0.28,135.55,180.0,631.76,36.610000000000014,-18.779999999999994,0.0,18.370000000000005,9.143605256310176,2.24,0.21,0.72,0.4,0.56,20.03903218301667,26.65513144629701,24.330556029468784,26.21405816207832,30.434056611089567,14.12,13.98,2.49,2.28,4,2011,-0.7771111111111111,179.0972222222222,128.95
2011-07-31,320.16999999999996,43.630000000000024,0.2426978792444085,0.0014988218024491917,101.0,54.150000000000006,73.28,8.5,266.03,55.02000000000001,313.33,64.2,27.61,410.23,393.42,836.5,0.0,73.22,0.0,160.83,0.28,161.11,180.0,675.39,84.89999999999998,-12.799999999999997,0.0,19.130000000000003,8.751621590648632,2.27,0.24,0.96,0.4,0.42,20.861905203383948,27.77879476184959,25.83721172789432,27.920368524742162,32.24848070460078,14.04,13.89,2.55,2.38,7,2011,0.2694444444444599,179.77083333333334,172.58
2011-10-31,-898.55,-126.03000000000002,-0.7039269602577874,-0.40163623344074484,-292.92,-149.09,-203.57,8.15,-749.4799999999999,-157.39,374.91,69.83,55.28,508.08,391.91,931.58,0.0,103.66,0.0,207.99,26.57,234.56,180.0,697.01,-181.2,70.74,72.0,-54.480000000000004,-2.89483158771721,2.1,0.34,0.26,0.0,0.0,-54.1482277121375,-82.19700966702472,-72.3420322234157,-75.59092588614395,-99.41614607948443,13.75,13.52,2.44,2.18,10,2011,-71.90833333333335,179.03846153846152,46.55
2012-01-31,332.38,25.439999999999998,0.14135296568967914,0.48,87.64000000000001,37.30999999999999,56.79999999999998,7.9,295.0799999999999,36.67,304.5,64.22,30.96,402.27,387.6,821.06,0.0,90.06,0.0,157.07,27.94,185.01,180.0,636.05,22.92,-6.93,-86.4,19.490000000000002,13.972115762578618,2.24,0.29,0.4,0.48,1.2,12.396655090984858,18.587914988192804,16.00115571607168,16.552432282261428,22.079333240727877,10.83,10.64,2.56,2.36,1,2012,86.38799999999998,179.97499999999997,71.99
2012-04-30,317.76,33.46000000000001,0.1872110004741584,-0.003346799431009806,93.37999999999997,48.09000000000002,67.63000000000002,8.1,269.6600000000001,47.640000000000015,335.24,68.33,32.21,438.39,392.71,861.96,0.0,111.67,0.0,163.01,29.44,192.45,180.0,669.51,47.52999999999999,-16.79,0.0,19.54,10.817606843992825,2.18,0.29,0.59,0.48,0.81,15.522647700331914,23.6457012802276,19.99032716927454,20.574171645329546,27.567613086770983,10.79,10.6,2.69,2.49,4,2012,-0.5981694915253968,178.72881355932205,105.45
2012-07-31,357.9,42.05999999999999,0.23380923327232048,0.003099037238498012,49.56999999999999,59.47999999999999,80.25999999999999,8.35,298.42999999999995,60.03,133.16,75.9,29.68,509.62,390.04,930.31,0.0,116.1,0.0,188.56,30.18,218.74,180.0,711.57,86.14000000000001,-288.22,0.0,20.78,8.925652639087021,2.11,0.31,0.82,0.48,0.59,18.088850925360987,27.28154565792149,23.64324588163514,24.259133618059785,32.48237543217409,11.11,10.91,2.7,2.55,7,2012,0.5574865646961484,179.890243902439,147.51
2012-10-31,-971.42,-90.38,-0.5062419044284964,-0.4836537977142418,-233.11999999999998,-136.96,-195.9,12.5,-834.46,-136.65000000000003,119.67,87.88,31.27,589.69,391.33,1011.15,0.0,167.62,0.0,210.74,31.71,242.45,180.0,768.7,-144.26,224.52000000000004,86.4,-58.940000000000005,-6.172543151139633,2.93,0.32,0.32,0.0,0.0,-35.75333450026256,-48.40938211097497,-47.0172168737966,-49.3585856817784,-58.78734115175913,15.28,15.0,2.8,2.65,10,2012,-86.34731707317073,178.53125,57.13
2013-01-31,371.20000000000005,34.65,0.19254194813684897,0.5,84.96000000000001,45.39,66.50999999999999,12.8,325.81,44.0,292.36,95.28,36.98,545.66,398.44,973.77,0.0,203.85,0.0,227.62,32.79,260.41,180.0,713.36,51.14999999999999,211.55,-90.0,21.120000000000005,16.621053391053394,3.23,0.37,0.51,0.5,0.98,14.240553497494007,20.145173240357376,19.43541076487252,20.53780780126389,24.222532142078883,12.43,12.2,2.4,2.23,1,2013,89.98039215686275,179.9607843137255,91.78
2013-04-30,349.65,37.81999999999999,0.21011111111111108,0.00010893246187361822,80.40999999999997,49.92,71.19,14.1,299.73,49.55,61.13,86.6,36.99,550.6,401.94,981.9,0.0,186.04,0.0,196.39,34.34,230.73,180.0,751.17,40.82000000000002,-272.04999999999995,0.0,21.269999999999996,16.77398202009519,3.38,0.31,0.72,0.5,0.69,15.408148148148145,21.47802469135802,20.135648148148146,21.291259259259252,25.20166049382716,11.98,11.76,2.8,2.62,4,2013,0.01960784313725128,180.0,129.6
2013-07-31,365.56999999999994,42.74000000000001,0.23807821747708022,-0.0013345711964720636,93.07000000000005,53.670000000000016,73.28,12.5,311.9,56.370000000000005,62.07,91.45,31.64,387.88,398.06,1025.47,0.0,133.49,0.0,200.71,30.85,231.56,180.0,793.91,58.41,-57.48000000000002,0.0,19.610000000000007,13.125098268600839,2.83,0.29,0.96,0.5,0.52,16.675395149123826,22.647190437507255,21.53615875594755,22.716629917604735,26.85323894626901,11.94,11.75,1.93,1.77,7,2013,-0.2395833333333286,179.52083333333334,172.34
2013-10-31,-1076.92,-118.42,-0.6588649851632047,-0.4994088464391691,-268.90000000000003,-155.93,-217.6,13.8,-920.99,-162.18,126.58,91.48,30.88,349.9,395.75,1095.75,0.0,124.88,0.0,205.63,32.28,237.91,180.0,857.84,-162.29000000000002,207.9,90.0,-61.67,-5.236277655801385,2.9,0.28,0.3,0.0,0.0,-43.22154302670623,-56.223145400593474,-55.25681008902077,-58.243664688427295,-66.50143916913946,14.04,13.81,1.7,1.55,10,2013,-89.76041666666667,179.73333333333335,53.92
2014-01-31,396.26,35.010000000000005,0.19290340717418195,0.6,80.16000000000001,43.769999999999996,65.06,11.4,352.49,37.33,92.5,96.53,35.42,274.46,387.33,1011.87,0.0,121.49,0.0,193.36,33.66,227.02,180.0,784.85,42.22,31.689999999999998,-108.0,21.290000000000003,14.77721436732362,2.61,0.29,0.49,0.6,1.22,13.841803665804566,17.621135724727317,17.841596761497808,18.691946474755426,21.384720566737887,11.49,11.31,1.42,1.24,1,2014,108.89387755102042,181.48979591836738,88.93
2014-04-30,413.64,54.75,0.3048440979955457,-0.006313349393209537,103.72999999999996,68.47000000000001,89.00999999999999,13.3,345.16999999999996,62.609999999999985,103.21,94.85,34.55,332.68,376.83,1058.37,0.0,124.87,0.0,185.55,33.22,218.77,180.0,839.6,68.42,-57.699999999999996,0.0,20.54,10.91049497716895,2.85,0.26,0.8,0.6,0.75,20.69891425389755,26.84152282850779,26.07941258351893,27.52742204899777,31.368457683741646,12.16,11.97,1.79,1.61,4,2014,-1.1338775510204329,179.6,143.68
2014-07-31,398.54999999999995,35.43000000000001,0.19781140081514156,-0.0016414493886437536,80.29000000000002,44.04999999999998,65.96000000000001,17.9,354.5000000000001,35.76000000000002,90.81,88.45,31.8,414.41,376.93,1110.9,0.0,132.9,0.0,201.5,34.37,235.87,180.0,875.03,62.78,-75.18,0.0,21.909999999999997,22.622558566186843,3.68,0.27,1.0,0.6,0.6,12.754879124560329,16.568682932276257,16.19679749874379,16.98013064597175,19.456729384177326,11.4,11.2,2.06,1.9,7,2014,-0.2939999999999827,179.11,179.11
2014-10-31,-1168.81,-121.61000000000001,-0.6767860869565218,-0.5980716521739131,-253.37,-151.91,-214.45999999999998,19.8,-1016.9000000000001,-131.31,96.15,89.72,33.95,521.74,363.21,1186.51,0.0,135.53,0.0,218.07,35.91,253.98,180.0,932.53,-157.39,25.989999999999995,108.0,-62.55,-7.314571170134035,3.82,0.27,0.32,0.0,0.0,-41.03015652173913,-53.212306086956524,-52.19712695652174,-54.312083478260874,-62.68731130434784,13.57,13.37,2.39,2.24,10,2014,-107.46600000000001,179.6875,57.5
2015-01-31,428.31000000000006,36.150000000000006,0.20072610784837164,0.6,86.05,45.019999999999996,67.10000000000001,19.2,383.28,37.95,85.3,96.2,35.46,568.13,359.28,1124.31,0.0,154.45,0.0,225.92,37.7,263.63,180.0,860.68,54.89999999999999,42.25,-108.0,22.08,23.91118948824343,4.02,0.31,0.52,0.6,1.15,12.861911372130272,16.876433529097707,16.799231179925258,17.57125467164976,20.07261078483716,11.08,10.91,2.51,2.36,1,2015,108.0576923076923,180.09615384615384,93.65
2015-04-30,419.93999999999994,54.19,0.30056682900432896,0.0006540334665335326,101.76999999999998,67.59000000000002,89.01999999999998,18.6,352.3600000000001,61.61999999999999,111.13,94.57,35.88,596.06,347.13,1139.71,0.0,121.53,0.0,185.35,39.5,224.85,180.0,914.86,40.81999999999999,-14.989999999999995,0.0,21.430000000000007,15.468772836316663,3.66,0.25,0.82,0.6,0.73,19.016350108225108,24.58783279220779,23.693463203463203,24.705127164502166,28.326590909090907,11.74,11.57,3.22,3.02,4,2015,0.11791744840526519,180.2926829268293,147.84
2015-07-31,438.29999999999995,59.099999999999994,0.32842853000869815,-0.001149856091196556,106.92000000000002,73.83999999999997,95.32000000000002,18.4,364.4599999999998,66.75,87.3,98.2,29.73,668.79,353.28,1217.87,0.0,126.73,0.0,203.24,40.66,243.9,180.0,973.97,88.63000000000002,-112.46000000000001,0.0,21.47999999999999,14.006091370558376,3.4,0.25,1.15,0.6,0.52,19.408698173383584,25.326123514062047,24.27515221803421,25.56601913598144,29.073064656422147,12.24,12.06,3.29,3.14,7,2015,-0.2069141039236655,179.94782608695652,206.94
2015-10-31,-1244.4099999999999,-126.67999999999999,-0.7102666334413157,-0.6053565044041647,-269.86,-158.13,-222.5,19.3,-1086.28,-138.76,106.54,99.46,31.45,905.73,360.09,1341.52,0.0,147.43,0.0,244.65,42.64,287.29,180.0,1054.23,-152.74,67.49000000000001,108.0,-64.37,-6.793399510577835,3.3,0.27,0.45,0.0,0.0,-37.754617493147265,-50.002770994268616,-48.045591826563665,-51.01292798405183,-57.57894841764265,17.26,17.0,3.7,3.57,10,2015,-107.9686956521739,178.35555555555555,80.26
2016-01-31,480.81,58.39999999999999,0.32430405307947496,0.62,118.52000000000001,72.83000000000001,95.2,22.4,407.9800000000001,66.22999999999999,148.25,99.49,36.84,872.37,346.78,1294.69,0.0,163.74,0.0,249.37,44.28,293.66,180.0,1001.03,95.28,58.029999999999994,-111.6,22.369999999999997,17.26720633561644,4.03,0.29,0.77,0.62,0.81,18.043098225876243,24.091158228760996,23.333044857925856,25.101976056541176,27.86487811914034,14.76,14.55,3.5,3.35,1,2016,111.64831168831168,180.07792207792207,138.66
2016-04-30,475.1199999999999,74.16,0.4111869185226952,0.0009557006286637635,131.26000000000002,92.47,114.08999999999997,35.75,382.64,86.84,108.28,104.15,36.34,613.25,557.88,1326.19,0.0,128.86,0.0,204.59,46.41,251.0,180.0,1075.19,53.059999999999974,-93.03,0.0,21.620000000000005,21.738288834951458,5.98,0.23,1.18,0.62,0.53,22.371356075556807,29.99573724274034,27.584369890047924,29.81453622779814,32.97858471948125,15.11,14.9,3.0,2.82,4,2016,0.17236627779001878,180.35593220338984,212.82
2016-07-31,487.78,69.22000000000003,0.385319103673238,-0.0024594540021970783,125.82,86.15999999999997,108.45000000000005,44.25,401.6299999999999,76.53999999999999,106.24,103.65,32.31,714.14,551.73,1420.71,0.0,134.12,0.0,227.0,46.81,273.81,180.0,1146.9,107.70000000000005,-109.73000000000002,0.0,22.289999999999992,28.705169026292968,6.94,0.24,1.57,0.62,0.39,19.48683874627713,26.162430860870803,24.140119132038016,26.11334562473409,28.911204084527025,14.95,14.72,3.15,3.0,7,2016,-0.4418244629169834,179.64331210191082,282.04
2016-10-31,-1410.2599999999998,-198.26000000000002,-1.1122248746717593,-0.6248276575136883,-366.90999999999997,-247.08999999999997,-313.04,38.25,-1163.1699999999998,-224.56,141.48,117.82,33.22,843.31,570.44,1568.17,0.0,176.93,0.0,288.68,48.8,337.48,180.0,1230.69,-262.06000000000006,166.74,111.6,-65.94999999999999,-8.597317159285785,5.59,0.27,0.47,0.0,0.0,-50.54707089997613,-67.96403915015517,-64.46171401289091,-69.38390069228933,-77.24046789209837,16.79,16.57,2.92,2.81,10,2016,-111.37885350318471,178.2553191489362,83.78
2017-01-31,497.69999999999993,54.44,0.303275936912169,0.65,112.19,67.89000000000001,90.94999999999999,37.25,429.81,53.269999999999996,119.24,110.16,33.68,743.49,556.74,1437.97,0.0,128.68,0.0,219.03,50.82,269.85,180.0,1168.12,67.08000000000001,27.680000000000007,-117.0,23.06,30.708502939015432,5.74,0.23,0.77,0.65,0.84,15.140164954420488,19.86654319201273,18.63768485023875,20.07135291564173,22.276996093184778,14.07,13.78,3.39,3.24,1,2017,116.67922077922078,179.5064935064935,138.22
2017-04-30,465.1100000000001,64.58000000000001,0.3598392504930967,-0.00013569763569754931,117.58000000000001,80.45999999999998,102.12,34.0,384.6500000000001,72.62,138.86,110.82,28.73,759.05,540.09,1487.09,0.0,125.71,0.0,201.35,53.03,254.38,180.0,1232.71,68.75,-49.120000000000005,0.0,21.660000000000004,23.62283988851037,4.96,0.21,1.13,0.65,0.58,17.37418540433925,22.889597633136095,20.95347140039448,22.38009072978304,25.042264299802767,14.09,13.81,3.77,3.63,4,2017,-0.024353522583595577,179.4690265486726,202.8
2017-10-31,-917.35,-100.95000000000002,-0.5649631811487482,-0.6528549272094569,-206.69000000000003,-126.61999999999999,-172.5,38.0,-790.7300000000001,-105.94,159.16,127.11,28.22,1036.85,523.23,1747.86,0.0,150.07,0.0,269.62,55.9,325.52,180.0,1422.34,-109.96000000000001,-9.549999999999997,117.0,-45.88,-16.816095839524515,4.81,0.23,0.57,0.0,0.0,-23.113932253313703,-30.17101620029456,-28.38692194403535,-30.448541973490432,-33.85814432989691,18.76,18.48,3.85,3.74,10,2017,-116.65486725663719,178.6842105263158,101.85
