,revenue,net_profit,eps,dps,gross_profit,ebit,ebitda,close_price,expense,operating_profit,cash,account_receivable,inventory,current_asset,property_plant_equipment,total_asset,short_term_loan,account_payable,current_portion_long_term_debt,current_liability,non_current_liability,total_liability,paid_in_capital,total_equity,cash_flow_operation,cash_flow_investment,cash_flow_financing,depreciation,P/E,P/BV,D/E,EPS,DPS,DPR%,ROA%,ROAA%,ROE%,ROAE%,ROCE%,NPM%,NPMA%,TIE,CurrentRatio,QuickRatio,month,year,dividend,number_of_shares,return_old
2015-12-31,,,,,,,,,,,117.38,841.8,573.18,1557.68,1027.8,2814.86,445.94,594.96,66.51,1160.85,142.04,1302.89,300.0,1394.69,,,,,,0.0,0.93,1.28,0.0,0.0,,,,,,7.65,7.59,0.0,1.34,0.85,12,2015,,285.140625,364.98
2016-03-31,1177.91,94.43,0.3,0.0,191.66,119.27,154.41,14.1,1058.64,122.53,1155.96,696.85,591.98,2466.33,1062.11,3758.92,333.04,495.66,59.77,961.38,133.68,1095.06,400.0,2544.12,182.71,-70.33,926.2,35.14,11.75,2.22,0.43,0.3,0.0,0.0,10.04,0.0,14.84,0.0,17.04,8.02,8.02,0.0,2.57,1.95,3,2016,0.0,314.7666666666667,94.43
2016-06-30,1174.7499999999998,85.48999999999998,0.23757781236104933,0.54,172.36999999999998,120.59000000000002,155.27,15.9,1054.16,103.35999999999999,557.71,716.29,643.0,2390.04,1138.87,3760.68,453.34,528.36,34.26,1061.33,156.94,1218.27,400.0,2414.16,57.81,-556.7099999999999,-99.35000000000002,34.67999999999999,16.731360393028428,2.63,0.5,0.5,0.54,1.08,9.084975544686527,0.0,14.15963761671854,0.0,16.89653401511783,7.69,7.65,0.0,2.25,1.65,6,2016,194.3136,359.84,179.92
2016-09-30,1314.9900000000002,97.24000000000004,0.26313320825515957,0.014183864915572247,193.37,129.96999999999997,166.26,13.8,1185.02,116.72000000000003,456.93,799.66,652.39,2381.31,1271.99,3917.67,464.46,575.04,32.06,1100.05,174.04,1274.09,400.0,2512.24,83.78,-202.5300000000001,17.959999999999923,36.290000000000006,13.111229946524059,2.2,0.51,0.75,0.54,0.72,9.921876172607883,0.0,15.479249530956851,0.0,18.42634146341464,7.61,7.56,0.0,2.16,1.57,9,2016,5.241600000000005,369.5466666666667,277.16
2016-12-31,1357.3200000000002,115.94999999999999,0.3067538348045076,0.012062761059245544,140.98000000000002,146.95,187.40000000000003,15.0,1210.3699999999994,46.31,454.86,722.31,672.07,2373.03,1371.76,3891.62,292.74,550.1,36.78,936.74,215.42,1152.16,400.0,2620.67,154.8,-7.279999999999973,-149.57999999999993,40.45,12.222178094006038,2.29,0.44,1.04,0.54,0.52,11.916206659713565,18.181063824374856,17.697336623336977,23.10092340566253,20.635094502810915,8.03,7.82,0.0,2.53,1.82,12,2016,4.559607692307708,377.99038461538464,393.11
2017-03-31,1184.56,53.21,0.13,0.0,135.02,68.25,112.14,14.6,1116.31,63.7,390.17,666.19,683.65,2261.75,1446.29,3831.92,217.62,482.31,50.82,812.38,219.62,1032.0,400.0,2674.74,81.66,-80.74,-65.6,43.89,28.0775,2.18,0.39,0.13,0.0,0.0,5.56,7.199999999999999,7.96,8.16,9.04,4.52,4.49,0.0,2.78,1.94,3,2017,0.0,409.3076923076923,53.21
2017-06-30,1179.88,33.589999999999996,0.08513594470046083,0.6,111.35,46.7,94.10000000000001,14.0,1133.1799999999998,33.349999999999994,369.99,776.3,660.02,2319.57,1595.45,3953.87,547.4,517.99,53.66,1137.08,221.21,1358.28,400.0,2469.15,-23.629999999999995,-121.73,125.16999999999999,47.400000000000006,41.11306936588271,2.27,0.55,0.22,0.6,2.73,3.4054377880184328,4.612820276497695,5.448700460829493,5.495138248847925,6.315539170506912,3.7,3.67,61.47,2.04,1.46,6,2017,236.7272727272727,394.5454545454545,86.8
2017-09-30,1174.04,43.790000000000006,0.11065701814840342,0.0017918676774638404,129.93,62.27999999999999,111.57,12.8,1111.7600000000002,48.8,541.58,744.14,709.92,2310.79,1700.27,4051.42,548.79,566.52,56.49,1181.82,223.85,1405.67,400.0,2514.44,103.5,69.24000000000001,-1.1499999999999986,49.290000000000006,28.91976535738753,2.04,0.56,0.33,0.6,1.82,4.318976950761927,5.968772494065396,6.961332414426834,6.974745386323609,8.289216632207674,3.72,3.69,65.16,1.96,1.35,9,2017,0.7090909090909179,395.7272727272727,130.59
