,revenue,net_profit,eps,dps,gross_profit,ebit,ebitda,close_price,allowance_doubtful_accounts,expense,operating_profit,cash,account_receivable,inventory,current_asset,property_plant_equipment,total_asset,short_term_loan,account_payable,current_portion_long_term_debt,current_liability,non_current_liability,total_liability,paid_in_capital,total_equity,cash_flow_operation,cash_flow_investment,cash_flow_financing,depreciation,P/E,P/BV,D/E,EPS,DPS,DPR%,ROA%,ROAA%,ROE%,ROAE%,ROCE%,NPM%,NPMA%,CurrentRatio,QuickRatio,month,year,dividend,number_of_shares,return_old
2000-03-31,513.81,50.39,4.67,2.5,79.73,77.42,103.82,2.28,0.0,436.39,55.28,22.7,536.99,202.2,848.04,592.78,1565.92,392.34,214.24,0.0,672.38,402.71,1075.09,108.0,490.82,87.42,19.11,-95.07,26.4,0.1225,0.5,2.19,4.67,2.5,0.54,12.88,0.0,41.08,0.0,34.64,10.25,9.81,1.26,0.96,3,2000,26.97537473233405,10.79014989293362,50.39
2000-06-30,463.6,41.78,3.8665878268417053,0.003526673898129562,102.98,85.46,138.44,3.5,0.0,378.14,76.72999999999999,30.51,530.64,412.38,1010.13,938.22,2014.28,698.02,203.9,0.0,1012.79,402.75,1415.55,108.0,505.45,98.33999999999999,-66.72999999999999,-23.89,52.98,0.2261231450454763,0.75,2.8,8.53,2.5,0.29,8.304324617554519,0.0,33.07224476510795,0.0,29.48216556363242,9.78,9.43,1.0,0.59,6,2000,0.03810709650534605,10.805392731535758,92.17
2000-09-30,515.0300000000001,59.89,5.5455162435880565,-0.0013141138370293608,111.46000000000001,94.75,136.68,3.88,0.0,420.27,85.07000000000002,24.6,551.94,376.13,986.6,934.74,2028.3,635.5,208.36,0.0,977.84,402.76,1380.6,108.0,565.87,89.03000000000003,-32.470000000000006,-62.47000000000001,41.93000000000001,0.17772917014526635,0.74,2.44,14.08,2.5,0.18,11.815730632645009,0.0,42.33182427988952,0.0,38.64531632250428,10.5,10.19,1.01,0.62,9,2000,-0.014192056112122486,10.79971590909091,152.06
2000-12-31,440.94000000000005,37.05000000000001,3.430519274496326,9.220072733030435e-05,92.57,66.34000000000003,105.57999999999998,6.1,0.0,374.6100000000001,60.79999999999998,18.32,473.86,382.62,908.22,931.7,1903.74,509.37,191.23,0.0,808.25,400.94,1209.18,108.0,607.77,153.26999999999998,-31.789999999999992,-127.76999999999998,39.24000000000001,0.44661605937921717,1.08,1.99,17.51,2.5,0.14,7.781851832266937,0.0,24.387837766379363,0.0,23.173147903336687,10.05,9.78,1.12,0.65,12,2000,0.0009957783863754344,10.80011422044546,189.11
2001-03-31,467.33,45.48,4.21,0.0,97.47,78.72,116.59,5.75,0.0,388.62,71.47,28.93,453.44,385.99,905.71,899.84,1872.33,438.96,216.35,0.0,723.06,401.11,1124.17,108.0,655.12,119.31,-5.5,-103.2,37.87,0.3425,0.95,1.72,4.21,0.0,0.0,9.72,18.32,27.76,31.76,27.400000000000002,9.89,9.73,1.25,0.72,3,2001,0.0,10.802850356294536,45.48
2001-06-30,524.9200000000001,58.800000000000004,5.446950517836594,4.0,116.11000000000001,92.09,129.56,6.3,0.0,432.82000000000005,86.91,29.91,568.02,385.38,1019.16,884.76,1976.35,478.81,242.44,0.0,801.56,401.09,1202.65,108.0,675.84,25.44999999999999,-21.15,-3.319999999999993,37.470000000000006,0.28818877551020405,1.01,1.78,9.66,4.0,0.41,11.908860759493672,19.30678941311853,34.80184119677791,39.831530494821635,32.79447640966628,10.7,10.51,1.27,0.79,6,2001,43.18012422360248,10.79503105590062,104.28
2001-09-30,540.5799999999999,63.75999999999999,5.903984765532016,0.001650006431476297,122.59,99.33999999999997,139.23999999999998,7.6,0.0,441.24,91.99000000000001,36.59,609.35,358.86,1040.28,896.93,2012.99,471.61,232.86,400.0,1165.48,1.08,1166.55,108.0,741.89,61.59,-47.73,-7.180000000000007,39.89999999999999,0.3228497490589711,1.11,1.57,15.56,4.0,0.26,12.673077838609853,20.29210188050464,34.37667222089978,39.00576053320638,48.38535586765055,11.15,10.96,0.89,0.58,9,2001,0.01781922112758849,10.799485861182518,168.04
2001-12-31,481.8900000000001,41.53,3.8444529274228185,0.0011447114197480146,95.53999999999996,63.80000000000001,97.63999999999999,7.9,0.0,418.0799999999999,59.610000000000014,26.53,532.64,352.09,923.67,875.07,1877.83,294.44,208.44,400.0,984.11,1.1,985.21,108.0,786.93,180.10999999999999,-13.050000000000011,-177.12,33.84000000000002,0.5172387430772935,1.08,1.25,19.4,4.0,0.21,8.846205086605908,13.99856468005917,21.10882091902467,23.819754735887773,29.622104308822827,10.56,10.4,0.94,0.58,12,2001,0.012365833620442856,10.802577319587629,209.57
2002-03-31,506.95,62.68,5.8,0.0,120.93,90.78,128.7,8.05,0.0,416.18,90.89,56.77,505.2,356.4,936.38,840.96,1880.84,197.38,242.99,400.0,973.4,1.61,975.01,108.0,799.22,153.31,-26.02,-97.06,37.92,0.3475,1.09,1.22,5.8,0.0,0.0,13.32,19.36,31.36,34.48,40.0,12.52,12.36,0.96,0.6,3,2002,0.0,10.806896551724138,62.68
2002-06-30,583.3299999999999,96.94,8.976150858288435,4.5,162.38,132.18,169.46000000000004,8.7,0.0,451.14000000000004,121.48,56.66,584.69,382.78,1037.21,934.0,2088.02,325.92,255.9,400.0,1073.41,2.71,1076.12,108.0,896.28,53.849999999999994,-127.79,73.83,37.28,0.24287136373014234,1.05,1.2,14.78,4.5,0.3,18.559619095351458,26.649086580628992,43.265290063901766,49.33846385164766,53.371051246710934,14.87,14.64,0.97,0.61,6,2002,48.59878213802436,10.799729364005414,159.62
2002-09-30,546.99,96.13,8.900717106549363,0.0002183341997390491,161.58999999999997,129.47,168.38,9.2,0.0,417.51999999999987,123.69,22.65,550.26,383.3,964.73,922.86,2010.46,403.4,209.94,0.0,683.48,203.81,887.29,108.0,997.97,117.06000000000003,-28.539999999999992,-122.52,38.91,0.25939482991781965,1.0,0.89,23.68,4.5,0.19,19.1245137829912,26.341311436950143,38.53469247311828,44.20288563049853,39.932947018572825,15.84,15.62,1.41,0.85,9,2002,0.002358064678347205,10.800253378378379,255.75
2002-12-31,573.2400000000002,74.58999999999997,6.907150511594113,-0.0005414990636196228,133.86,99.21999999999997,139.58999999999997,11.1,0.0,474.02,94.49000000000001,60.15,586.11,384.25,1036.65,926.16,2085.65,326.65,236.68,0.0,675.69,204.95,880.64,108.0,1072.84,132.17999999999995,-17.930000000000007,-76.75,40.36999999999999,0.39858694194932304,1.12,0.82,30.59,4.5,0.15,14.306539928558452,20.583714960343883,27.809240176787544,32.081331961009866,28.92919658533631,15.13,14.94,1.53,0.97,12,2002,-0.0058476234284441375,10.798953906505393,330.34
2003-03-31,605.08,89.83,8.32,7.0,156.34,123.69,163.59,13.2,0.0,481.4,121.52,65.53,596.06,388.73,1056.94,905.6,2092.55,219.81,267.14,0.0,653.17,206.12,859.29,108.0,1088.27,130.03,-17.8,-106.84,39.9,0.3975,1.31,0.79,8.32,7.0,0.84,17.16,24.920000000000005,33.0,38.08,34.36,15.05,14.85,1.62,1.02,3,2003,75.578125,10.796875,89.83
2003-06-30,593.0399999999998,91.39999999999999,0.8472769409038238,6.299391657010429,154.35,120.22,158.67,18.4,0.0,472.80000000000007,114.16000000000001,35.36,615.25,391.32,1047.71,939.45,2122.77,255.72,247.61,0.0,587.0,208.88,795.88,108.0,1181.76,81.91999999999999,-64.76,-47.34,38.449999999999996,5.427977297592998,1.68,0.67,1.68,7.0,4.17,17.227964465044415,23.360635656348286,30.945781603487276,35.1821663080064,32.035137670363625,15.35,15.13,1.78,1.12,6,2003,679.546875,107.875,181.23
2003-09-30,559.94,86.47,0.8010668658946583,0.004445274561074948,150.75,114.32000000000002,158.0,24.5,0.0,445.6299999999999,107.64999999999998,23.45,566.99,406.01,1000.66,919.1,2062.21,104.3,242.53,200.0,626.13,8.31,634.45,108.0,1274.48,164.13,-27.64,-148.40999999999997,43.68000000000001,7.646802359199723,2.08,0.5,2.48,7.0,2.82,16.770722450504294,22.727042211430707,27.132909973851326,30.44054090399701,32.223560702278675,15.44,15.23,1.6,0.95,9,2003,0.479838709677324,107.94354838709677,267.7
2003-12-31,591.6500000000001,77.16000000000003,0.7137400684335674,0.010556644772167105,144.19,105.50999999999999,147.58000000000004,21.4,0.0,486.1300000000001,101.32,21.89,617.0,389.83,1033.08,908.13,2149.38,73.2,249.25,200.0,612.47,9.49,621.96,108.0,1363.97,97.41000000000003,-67.86,-31.100000000000023,42.06999999999999,7.497442327630894,1.69,0.46,3.19,7.0,2.19,14.355348837209304,19.599884010902976,22.624888940439607,25.3277039958244,27.00130139766863,14.86,14.68,1.69,1.05,12,2003,1.1412427950249366,108.10658307210032,344.86
2004-03-31,574.11,96.66,0.9,0.0,173.24,131.77,174.03,23.4,0.0,442.34,134.65,64.76,605.56,475.25,1156.57,914.1,2281.75,37.74,284.14,200.0,710.6,9.83,720.43,108.0,1392.04,113.89,-32.55,-38.46,42.26,6.5,1.82,0.52,0.9,0.0,0.0,16.96,24.08,27.76,31.16,33.56,17.07,16.84,1.63,0.96,3,2004,0.0,107.39999999999999,96.66
2004-06-30,603.4999999999999,94.87,0.8767289719626168,0.8000000000000002,160.24,124.85,165.85999999999999,20.7,0.0,478.65000000000003,115.98999999999998,56.74,640.11,497.79,1203.94,917.34,2347.24,96.5,275.79,200.0,667.22,11.34,678.56,108.0,1489.8,55.95,-26.400000000000006,-37.57,41.01,5.900141509433961,1.5,0.46,1.77,0.8,0.45,16.16747663551402,22.745420560747664,25.4796261682243,28.411962616822432,30.25457943925234,16.5,16.26,1.8,1.06,6,2004,86.5672316384181,108.2090395480226,191.53
2004-09-30,564.24,74.58000000000001,0.6894397053849912,-0.0002532405039587325,134.95,97.42000000000002,144.93,21.0,0.0,466.81999999999994,86.50999999999999,54.12,566.29,546.61,1181.26,912.26,2321.53,216.69,260.32,0.0,548.52,11.99,560.51,108.0,1575.73,127.23999999999998,-50.06,-79.82,47.510000000000005,7.617925046929471,1.44,0.36,2.46,0.8,0.33,12.84712036375935,18.104798767427006,18.934368494231713,20.929819999248437,22.387172222013454,15.52,15.28,2.15,1.16,9,2004,-0.027394240044088747,108.17479674796749,266.11
2004-12-31,580.4700000000003,65.0,0.602669807616804,-0.0023838024010394117,124.06,82.43,129.05,20.4,0.0,498.03999999999996,78.03000000000003,31.18,574.84,531.58,1172.66,920.13,2305.6,171.47,229.84,0.0,477.44,0.13,477.56,108.0,1639.73,81.69,-59.40999999999998,-45.21000000000001,46.620000000000005,8.45604,1.34,0.29,3.07,0.8,0.26,11.27601099332548,15.382803297997643,15.85394581861013,17.314487632508833,18.743619945033373,14.46,14.26,2.46,1.34,12,2004,-0.25710124202220186,107.85342019543975,331.11
2005-03-31,549.51,82.82,0.77,0.0,145.17,114.38,160.51,20.1,0.0,435.13,106.09,12.3,554.58,578.15,1244.53,919.34,2376.5,107.5,256.21,0.0,547.05,0.52,547.57,108.0,1635.99,137.0,-91.91,-63.97,46.13,6.525,1.33,0.33,0.77,0.0,0.0,13.92,19.64,20.24,21.88,25.0,15.3,15.07,2.27,1.22,3,2005,0.0,107.55844155844154,82.82
2005-06-30,632.1700000000001,91.1,0.8433245170193192,0.8,157.51000000000002,119.53,166.94,19.5,0.0,512.64,117.37,86.38,674.35,591.58,1361.76,888.26,2477.95,174.5,284.59,0.0,546.84,0.96,547.79,108.0,1727.53,37.31999999999999,66.1,-29.340000000000003,47.410000000000004,5.779833150384193,1.22,0.32,1.61,0.8,0.5,14.708417663293467,20.323597056117755,21.098827046918124,22.64928702851886,25.37306807727691,15.01,14.72,2.49,1.41,6,2005,86.41987577639752,108.02484472049689,173.92
2005-09-30,649.4299999999998,94.80000000000004,0.8784310806787737,-0.0007795872403609994,160.14,120.46000000000001,165.21000000000004,20.0,0.0,528.97,108.72,195.29,667.02,565.62,1446.72,994.97,2656.55,268.0,275.85,0.0,624.58,1.4,625.98,108.0,1823.57,146.44,-131.03,93.5,44.749999999999986,5.6904578059071715,1.18,0.34,2.49,0.8,0.32,14.280678773444482,20.09455194998512,20.80011908306044,22.31003274784163,24.610181601667175,14.96,14.68,2.32,1.41,9,2005,-0.08413280450996297,107.91967871485944,268.72
2005-12-31,575.3,62.50999999999999,0.5793729432720465,-0.00020146400898096421,118.13000000000005,80.58999999999997,125.96999999999997,20.4,0.0,494.71000000000004,74.42000000000002,170.94,612.38,564.95,1354.77,1000.41,2570.59,130.0,259.84,0.0,473.8,1.85,475.65,108.0,1885.89,163.63,-49.97,-138.0,45.379999999999995,8.796061430171175,1.17,0.25,3.07,0.8,0.26,9.730445913715544,13.467118316577602,13.255750988738939,14.184257464601634,15.656279926335172,14.01,13.76,2.86,1.67,12,2005,-0.021736457229565076,107.89250814332249,331.23
2006-03-31,593.44,81.09,0.75,0.0,141.59,107.55,149.27,21.7,0.0,485.89,94.42,222.7,593.68,594.82,1422.17,979.79,2605.74,60.0,272.64,0.0,524.41,2.3,526.71,108.0,1871.35,125.92,-4.16,-70.0,41.72,7.2325,1.25,0.28,0.75,0.0,0.0,12.44,17.28,17.32,18.48,20.68,14.07,13.66,2.71,1.58,3,2006,0.0,108.12,81.09
2006-06-30,567.78,73.03999999999999,0.6776565237137481,0.85,131.28,97.25000000000001,137.73,19.5,0.0,470.52,89.42999999999999,160.46,582.11,614.92,1362.88,972.5,2541.89,38.5,277.61,0.0,377.0,2.75,379.75,108.0,1946.21,81.05,-20.05,-123.24000000000001,40.480000000000004,7.1958283132530125,1.08,0.2,1.43,0.85,0.59,11.486988905469406,15.46762862518653,15.012698371504571,15.90360345163174,17.931834165963796,13.69,13.27,3.62,1.98,6,2006,91.61573426573426,107.78321678321679,154.13
2006-09-30,569.56,55.24000000000001,0.5118479247265607,0.001098416795508142,103.71999999999997,70.50999999999999,111.23000000000002,18.8,0.0,499.06000000000006,56.28,228.25,566.62,608.88,1408.42,952.28,2579.02,46.5,271.22,0.0,354.08,3.17,357.25,108.0,2002.43,89.95000000000002,-30.17,8.0,40.72,9.181731082548875,1.01,0.18,1.94,0.85,0.44,8.569495152123036,11.102350862110141,11.039029469360464,11.545600611357886,13.054760471891868,12.45,12.1,3.98,2.26,9,2006,0.11854408478120604,107.92268041237114,209.37
2006-12-31,481.79999999999995,3.829999999999984,0.03538977485928691,0.0023614992940174267,37.81,-0.4700000000000273,41.14999999999998,17.6,0.0,482.26,-10.030000000000001,169.0,470.78,594.28,1251.09,1039.75,2512.15,19.0,224.54,0.0,289.38,0.13,289.5,108.0,2008.72,94.88999999999999,-127.58000000000001,-27.5,41.61999999999999,124.27389033942609,0.95,0.14,1.97,0.85,0.43,0.6100694183864891,0.7767786116322669,0.7624071294559068,0.786838649155719,0.8881575984990582,9.9,9.64,4.32,2.27,12,2006,0.25556936522056617,108.2233502538071,213.2
2007-03-31,679.04,46.56,0.43,0.0,92.0,57.95,96.88,16.2,0.0,621.09,40.97,198.79,512.37,634.21,1367.3,1027.45,2616.32,0.0,291.17,0.0,437.68,0.34,438.02,108.0,1970.9,73.65,-24.85,-19.0,38.93,9.4175,0.89,0.22,0.43,0.0,0.0,7.119999999999999,8.88,9.44,9.68,10.64,7.04,6.86,3.12,1.67,3,2007,0.0,108.27906976744187,46.56
2007-06-30,405.4000000000001,43.95,0.40788863109048723,0.75,90.50999999999999,50.849999999999994,92.39000000000001,15.3,0.0,354.54999999999995,47.21000000000001,49.66,548.2,646.77,1261.49,1059.28,2543.19,0.0,254.79,0.0,309.81,6.27,316.08,108.0,2016.75,-8.63000000000001,-55.279999999999994,-85.22,41.54,9.37535324232082,0.82,0.16,0.84,0.75,0.89,6.914683460391117,8.313158766987074,8.72104739807756,8.876433543254889,9.459131587669871,8.59,8.35,4.07,1.98,6,2007,80.81250000000001,107.75000000000001,90.51
2007-09-30,483.26,17.069999999999993,0.1586726157278304,-0.0011851645287229218,59.46000000000001,18.480000000000004,61.59,14.0,0.0,464.7800000000001,8.929999999999993,38.6,475.54,644.0,1238.79,1065.98,2534.38,0.0,225.67,8.0,281.44,7.09,288.52,108.0,2034.37,100.02,-119.68,8.599999999999994,43.11,22.05799648506152,0.74,0.14,1.0,0.75,0.75,2.691087562744004,3.1607585052983818,3.357512548800891,3.3829001673173438,3.5860011154489673,7.05,6.86,4.4,2.11,9,2007,-0.12750000000001194,107.58,107.58
2007-12-31,490.7499999999998,-2.0799999999999983,-0.01932132701421799,0.0005090047393364933,26.799999999999983,-11.14,33.44,13.8,2.54,501.8899999999999,-16.569999999999993,161.27,423.87,589.87,1202.73,1058.62,2494.13,0.0,193.84,11.0,251.18,4.06,255.24,108.0,2032.84,101.94000000000003,20.72,0.0,44.58,-178.5384615384617,0.73,0.13,0.98,0.75,0.77,-0.33358862559241687,-0.36592227488151624,-0.40929668246445466,-0.4116625592417058,-0.40850805687203756,5.25,5.13,4.79,2.44,12,2007,0.054795918367346985,107.6530612244898,105.5
2008-03-31,505.01,37.13,0.34,0.5,64.14,41.07,85.24,9.9,0.0,463.94,22.02,9.48,432.08,594.22,1316.12,1042.28,2589.43,8.52,236.91,11.31,367.29,2.4,369.69,108.0,2015.02,104.57,-262.88,6.52,44.17,7.280000000000001,0.53,0.18,0.34,0.5,1.47,5.720000000000001,6.32,7.36,7.44,7.4,7.65,7.35,3.58,1.97,3,2008,54.60294117647059,109.20588235294117,37.13
2008-06-30,533.55,17.669999999999995,0.16444708029197078,-0.00816605839416063,62.06,19.189999999999998,63.64,11.0,0.0,514.3699999999999,12.639999999999997,52.49,506.82,595.01,1284.86,1038.51,2557.42,3.04,250.86,3.81,314.02,2.06,316.08,108.0,2034.62,-2.8499999999999943,115.38,-69.52,44.45,16.723769100169786,0.58,0.16,0.51,0.5,0.98,2.760131386861313,3.0438832116788315,3.469510948905109,3.4953065693430645,3.469510948905109,5.46,5.28,4.09,2.2,6,2008,-0.8774509803921617,107.45098039215685,54.8
2008-09-30,546.6800000000001,14.210000000000008,0.13178379944935523,0.001748822989563945,52.17,13.199999999999996,55.120000000000005,12.0,0.0,533.46,5.950000000000003,11.16,495.66,546.63,1180.15,1111.16,2548.55,0.0,227.46,2.31,295.36,2.45,297.81,108.0,2045.62,87.97,-124.76999999999998,-4.530000000000001,41.91999999999999,22.76455840957071,0.63,0.15,0.64,0.5,0.78,2.232088103173454,2.380344877553979,2.7756962759020447,2.783932763367629,2.685094913780613,4.47,4.35,4.0,2.14,9,2008,0.18857230392157476,107.828125,69.01
2008-12-31,451.9100000000001,-12.920000000000002,-0.11977892672490642,0.00017271349616686452,13.819999999999993,-20.169999999999995,22.99000000000001,12.0,2.45,472.0899999999999,-24.93,48.57,399.48,463.61,1038.92,1118.8,2445.81,7.5,161.72,0.81,206.1,1.21,207.31,108.0,2038.87,110.63,-79.21000000000004,6.0,43.16,-25.049481424148603,0.64,0.1,0.52,0.5,0.96,-2.1099518630771974,-1.9901729363522913,-2.533784988411482,-2.542998752005705,-2.1928757354252095,2.82,2.75,5.04,2.79,12,2008,0.0186298076923066,107.86538461538461,56.09
2009-03-31,364.83,2.68,0.02,0.0,37.27,4.3,47.99,10.0,0.0,360.53,-1.85,13.36,329.33,463.4,1067.53,1087.72,2439.58,0.0,164.87,0.0,201.66,1.49,203.16,108.0,2036.72,115.07,-141.97,-8.31,43.69,124.99999999999999,0.53,0.1,0.02,0.0,0.0,0.44000000000000006,0.68,0.52,0.52,0.76,0.75,0.73,5.29,3.0,3,2009,0.0,134.0,2.68
2009-06-30,442.29,31.17,0.2854564254062038,0.3,65.5,36.03,80.95999999999998,9.8,0.0,406.26,24.14,11.22,414.73,465.9,1128.69,1069.51,2485.23,0.0,193.69,0.0,242.3,1.85,244.15,108.0,2036.52,16.560000000000002,15.230000000000004,-33.93,44.93000000000001,8.581957811998716,0.52,0.12,0.31,0.3,0.97,5.009299852289512,5.893293943870016,6.11429246676514,6.11429246676514,6.629955686853767,4.34,4.19,4.66,2.74,6,2009,32.75806451612903,109.19354838709678,33.85
2009-09-30,400.57000000000005,7.0,0.06511627906976744,-0.004726181545386344,39.019999999999996,6.609999999999999,51.27000000000001,9.9,0.0,393.96000000000004,0.4700000000000024,81.71,390.31,439.48,1131.8,1043.12,2459.94,0.0,161.98,0.0,209.98,2.05,212.04,108.0,2043.73,78.46000000000001,29.379999999999995,0.0,44.66,38.00508928571429,0.52,0.1,0.38,0.3,0.79,1.1378212974296205,1.281762545899633,1.3708690330477356,1.3708690330477356,1.4325581395348834,3.48,3.38,5.39,3.3,9,2009,-0.508064516129032,107.5,40.85
2009-12-31,422.45000000000005,-0.30000000000000426,-0.00281134401972877,-0.002219482120838534,33.52000000000001,-2.229999999999997,42.49000000000001,9.95,0.36,424.68000000000006,-8.170000000000002,124.74,358.69,418.94,1154.11,1020.52,2458.16,0.0,176.59,0.0,213.09,1.47,214.55,108.0,2042.02,99.43999999999997,-56.39999999999999,0.0,44.72,-884.6658333333207,0.53,0.11,0.38,0.3,0.79,-0.04882860665844706,-0.05385943279901433,-0.05889025893958161,-0.05889025893958161,-0.05889025893958161,2.55,2.49,5.42,3.45,12,2009,-0.23684210526316463,106.71052631578947,40.55
2010-03-31,435.68,16.25,0.15,0.0,54.33,20.5,64.44,9.7,0.0,415.17,16.4,138.76,366.2,436.9,1211.96,1022.64,2516.65,0.0,205.92,0.0,262.42,1.87,264.28,108.0,2057.66,52.67,-38.66,0.0,43.94,16.1675,0.51,0.13,0.15,0.0,0.0,2.6,3.32,3.16,3.16,3.64,3.77,3.73,4.62,2.95,3,2010,0.0,108.33333333333334,16.25
2010-06-30,479.78000000000003,24.840000000000003,0.2297201265514724,0.25,64.68,28.090000000000003,72.39000000000001,8.9,0.0,451.7,26.03,197.73,441.26,462.67,1254.54,1003.25,2539.52,0.0,233.32,0.0,286.58,2.26,288.84,108.0,2055.25,-3.710000000000001,97.33,-34.64,44.3,9.685263687600644,0.47,0.14,0.38,0.25,0.66,3.917332684351424,4.666945728887807,4.836213190557313,4.860394256510099,5.223110245801899,4.56,4.49,4.38,2.76,6,2010,27.032894736842106,108.13157894736842,41.09
2010-09-30,452.9200000000001,3.819999999999993,0.03572478289913153,-0.0028126428295186905,32.58,1.029999999999994,45.389999999999986,12.7,0.0,451.89,-7.689999999999998,141.24,415.72,447.1,1263.35,974.92,2520.8,0.0,208.12,0.0,265.09,2.76,267.85,108.0,2060.07,68.34,-124.83,0.0,44.36,88.87947643979072,0.67,0.13,0.42,0.25,0.6,0.6056201291471822,0.6770696949454452,0.7417145401914929,0.7451169004676006,0.7485192607437084,3.34,3.28,4.77,3.08,9,2010,-0.30075187969924855,106.92857142857143,44.91
2010-12-31,450.3499999999999,-1.1899999999999977,-0.010887465690759357,0.005424127565024169,23.669999999999987,-6.960000000000001,36.81,9.2,0.0,457.30999999999995,-14.810000000000002,149.32,388.59,412.24,1206.87,1007.29,2493.87,0.0,197.32,0.0,243.69,3.79,247.48,108.0,2058.72,77.96,-69.88,0.0,43.77000000000001,-211.25210084033654,0.48,0.12,0.4,0.25,0.63,-0.19053064958828878,-0.18726440988106094,-0.23081427264409837,-0.2319030192131743,-0.20686184812442776,2.45,2.4,4.95,3.26,12,2010,0.5928571428571416,109.3,43.72
2011-03-31,515.93,31.81,0.29,0.0,65.2,39.32,82.56,10.9,0.0,476.61,27.55,35.65,457.14,449.97,1296.37,1024.97,2598.03,0.0,260.52,0.0,319.09,79.28,398.37,108.0,2018.86,26.08,-139.75,0.0,43.24,9.3975,0.58,0.2,0.29,0.0,0.0,4.88,6.16,6.32,6.24,6.92,6.31,6.17,4.06,2.65,3,2011,0.0,109.6896551724138,31.81
2011-06-30,493.61,19.98,0.18517860590847654,0.35,59.56,25.509999999999998,69.52000000000001,10.0,0.0,468.1,18.669999999999998,21.99,471.47,466.07,1254.69,1007.62,2543.97,0.0,222.97,0.0,277.46,81.86,359.33,108.0,2000.81,-11.279999999999998,41.53,-43.91,44.01,13.498319569569569,0.54,0.18,0.48,0.35,0.73,3.1480363004441014,3.9350453755551267,3.9967715775246186,3.9350453755551267,4.413423440818691,5.26,5.13,4.52,2.84,6,2011,37.76354166666666,107.89583333333333,51.79
2011-09-30,509.72,13.779999999999994,0.12819582125972237,-0.0013155469981190118,49.30999999999999,17.58,63.28,9.9,0.0,492.1399999999999,9.800000000000004,11.94,487.58,444.8,1298.4,992.32,2572.76,0.0,226.83,0.0,285.86,84.65,370.51,108.0,2016.06,74.59,-84.63,0.0,45.69999999999999,19.306986574746016,0.53,0.18,0.61,0.35,0.57,2.143602257129784,2.7236358090590205,2.732042092420313,2.7068232423364336,3.0262620100655777,4.41,4.32,4.54,2.99,9,2011,-0.14141051912567804,107.49180327868852,65.57
2011-12-31,415.77,-6.759999999999991,-0.06207107634755986,0.0045493824235311306,21.230000000000018,-11.36999999999999,34.609999999999985,10.0,0.0,427.1400000000001,-17.150000000000006,16.6,368.02,442.7,1221.33,980.56,2503.08,0.0,181.23,0.0,223.96,84.23,308.2,108.0,2010.75,99.91000000000001,-95.25000000000003,0.0,45.98000000000002,-40.279630177514846,0.54,0.15,0.54,0.35,0.65,-1.080496514198264,-1.30579153205237,-1.3425743921101836,-1.3287808195885036,-1.4345315422547167,3.1,3.04,5.45,3.48,12,2011,0.4954614450516033,108.9074074074074,58.81
2012-03-31,507.22,26.84,0.25,0.0,61.97,34.0,78.41,10.6,0.0,473.22,22.98,28.8,452.29,459.36,1331.57,950.17,2583.85,0.0,222.17,0.0,279.63,86.96,366.59,108.0,2037.84,8.52,3.68,0.0,44.41,10.599999999999998,0.56,0.18,0.25,0.0,0.0,4.16,5.24,5.28,5.28,5.92,5.41,5.29,4.76,3.12,3,2012,0.0,107.36,26.84
2012-06-30,542.9300000000001,12.059999999999999,0.11160925449871464,0.4000000000000001,53.129999999999995,10.61,55.099999999999994,10.0,0.0,532.3199999999999,2.6799999999999997,30.85,491.81,472.87,1362.8,918.97,2577.95,0.0,301.33,0.0,308.57,90.4,398.97,108.0,2001.26,37.89,14.990000000000002,-50.84,44.49000000000001,22.401368159203983,0.54,0.2,0.36,0.4,1.11,1.872555269922879,2.157778920308483,2.4057994858611824,2.4057994858611824,2.4430025706940874,3.8,3.7,4.42,2.88,6,2012,43.22222222222223,108.05555555555556,38.9
2012-09-30,604.51,38.68,0.35897911832946633,-0.0011343129672596484,66.69,39.55,81.87,9.4,0.0,564.96,17.98,45.75,512.7,459.26,1399.51,940.56,2647.17,0.0,321.84,0.0,327.73,92.72,420.45,108.0,2050.09,89.43,-74.52000000000001,0.0,42.31999999999999,6.548570320579111,0.5,0.21,0.72,0.4,0.56,5.843382315029647,6.421737561227121,7.538561484918793,7.618334622325341,7.2394122196442385,4.83,4.69,4.27,2.87,9,2012,-0.12222222222222712,107.75,77.58
2012-12-31,512.0599999999997,-4.989999999999995,-0.04605730816916926,0.002190384350461545,40.33000000000001,-8.469999999999999,32.78,10.2,0.0,520.5300000000002,-10.969999999999999,29.55,418.27,419.82,1289.95,983.92,2616.62,0.0,260.47,0.0,264.07,92.31,356.38,108.0,2085.23,108.88999999999999,-125.09,0.0,41.25,-55.351693386773604,0.53,0.17,0.67,0.4,0.6,-0.7616641410662617,-0.8139082518253193,-0.9568921339027404,-0.9733902741424428,-0.8854001928640299,3.43,3.35,4.88,3.3,12,2012,0.23731343283582618,108.34328358208955,72.59
2013-03-31,535.75,27.45,0.25,0.0,65.54,30.37,70.89,10.6,0.0,505.38,19.77,13.51,462.82,423.07,1357.54,965.84,2689.08,0.0,291.18,0.0,300.44,117.57,418.01,108.0,2098.15,49.77,-65.81,0.0,40.52,10.6,0.55,0.2,0.25,0.0,0.0,4.08,4.6,5.24,5.32,5.08,5.24,5.12,4.52,3.11,3,2013,0.0,109.8,27.45
2013-06-30,491.52,2.8000000000000007,0.025917355371900836,0.55,37.58999999999999,-2.210000000000001,38.91,10.5,0.0,493.72,-9.299999999999999,23.93,426.94,419.06,1272.81,972.5,2596.85,0.0,278.31,0.0,282.1,117.1,399.2,108.0,2027.22,51.43999999999999,21.75,-62.76,41.12,101.28348214285711,0.56,0.2,0.28,0.55,1.96,0.42948760330578517,0.4035702479338844,0.5516694214876035,0.5553719008264464,0.45170247933884305,3.02,2.94,4.51,3.03,6,2013,59.419642857142854,108.03571428571428,30.25
2013-09-30,479.01,22.740000000000002,0.2102774108322325,0.0005449141347425563,44.44,15.139999999999997,55.480000000000004,10.6,0.0,463.88,0.5299999999999994,9.43,381.05,399.7,1281.13,965.1,2584.56,0.0,253.86,0.0,260.39,117.58,377.97,108.0,2039.98,93.99,-108.5,0.0,40.34,12.600854221635883,0.56,0.19,0.49,0.55,1.12,3.518928099641442,2.8494734855633137,4.463030760520853,4.445865257595773,3.1927835440649184,3.63,3.52,4.92,3.39,9,2013,0.05892857142858787,108.14285714285715,52.99
2013-12-31,453.8700000000001,-4.990000000000002,-0.04574166666666668,0.004779761904761847,33.44,-8.989999999999995,30.19999999999999,10.2,0.0,462.8599999999999,-13.85,157.54,348.43,357.53,1278.9,934.27,2549.93,0.0,228.12,0.0,235.58,117.3,352.89,108.0,2035.96,82.65000000000003,-30.960000000000008,1.2299999999999969,39.18999999999998,-55.74348697394787,0.54,0.17,0.44,0.55,1.25,-0.7817666666666669,-0.5530583333333335,-0.981366666666667,-0.9688916666666672,-0.6154333333333336,2.51,2.45,5.43,3.91,12,2013,0.5214285714285651,109.0909090909091,48.0
2014-03-31,489.38,31.58,0.29,0.0,65.06,32.24,71.21,12.3,0.0,457.14,22.8,115.92,402.99,359.81,1363.02,905.3,2616.14,0.0,238.73,0.0,252.68,122.52,375.2,108.0,2075.16,23.43,-74.85,9.8,38.97,10.6025,0.64,0.18,0.29,0.0,0.0,4.84,4.88,6.08,6.04,5.44,6.59,6.45,5.39,3.97,3,2014,0.0,108.89655172413794,31.58
2014-06-30,455.31000000000006,18.090000000000003,0.16753372256895513,0.5,51.50999999999999,12.969999999999999,51.480000000000004,12.0,0.0,442.34000000000003,5.989999999999998,82.95,370.41,367.18,1263.48,881.84,2569.91,0.0,235.89,0.0,239.8,126.15,365.95,108.0,2040.48,62.38,-36.77000000000001,-58.58,38.510000000000005,17.908931730237697,0.64,0.18,0.46,0.5,1.09,2.811652909200725,2.549426213005839,3.540060398630965,3.5546285484195694,2.82622105898933,5.42,5.26,5.27,3.74,6,2014,53.98913043478261,107.97826086956522,49.67
2014-09-30,464.6199999999999,20.319999999999993,0.18871267323903412,-0.0013992682184412269,49.650000000000006,19.85,57.83000000000001,12.7,0.0,444.77,7.689999999999998,101.67,373.9,365.18,1330.94,852.95,2624.55,0.0,251.07,0.0,257.35,132.98,390.33,108.0,2074.87,68.15,-49.41999999999999,0.0,37.97999999999999,16.825843996062996,0.66,0.19,0.65,0.5,0.77,3.100694384912129,2.90327189598514,3.913610515787969,3.9484497785397905,3.193599085583654,5.11,4.97,5.17,3.75,9,2014,-0.15066889632107916,107.67692307692306,69.99
2014-12-31,480.1400000000001,24.730000000000004,0.22975506756756758,-0.00018840956340946823,63.75999999999999,24.39,60.879999999999995,12.3,0.0,455.75,19.190000000000005,148.68,389.5,349.46,1346.66,684.47,2626.51,0.0,226.94,0.0,234.59,135.06,369.65,108.0,2097.85,46.47999999999999,0.5300000000000011,0.0,36.489999999999995,13.386429437929639,0.63,0.18,0.88,0.5,0.57,3.7700717905405408,3.6134206081081084,4.720422297297298,4.783082770270271,3.9058361486486497,5.15,5.01,5.74,4.25,12,2014,-0.020279720279710034,107.63636363636364,94.72
2015-03-31,491.19,43.73,0.4,0.0,73.56,46.3,81.58,13.2,0.0,444.89,31.32,196.12,415.34,360.97,1440.64,659.28,2691.18,0.0,245.06,0.0,261.62,137.28,398.9,108.0,2137.72,59.75,-12.3,0.0,35.28,8.25,0.67,0.19,0.4,0.0,0.0,6.48,6.96,8.2,8.32,7.64,9.22,8.9,5.51,4.13,3,2015,0.0,109.32499999999999,43.73
2015-06-30,465.22999999999996,17.010000000000005,0.15682581494896286,0.55,61.06,9.920000000000002,44.8,14.0,0.0,455.32000000000005,9.96,133.48,407.26,361.8,1386.77,631.09,2618.7,0.0,224.77,0.0,231.0,140.3,371.3,108.0,2094.62,25.189999999999998,-23.859999999999996,-63.98,34.879999999999995,22.3177542621987,0.72,0.18,0.56,0.55,0.98,2.5988277905828125,2.430800131708924,3.2485347382285155,3.2933421139282193,2.6324333223575906,6.59,6.35,6.0,4.44,6,2015,59.65535714285714,108.46428571428571,60.74
2015-09-30,467.40999999999997,-1.1499999999999986,-0.010614197012921617,-0.0006032292091194165,33.359999999999985,-7.789999999999999,26.939999999999998,14.4,0.0,475.19000000000005,-13.130000000000003,124.53,395.1,326.12,1388.68,604.1,2596.95,0.0,236.22,0.0,243.34,142.4,385.74,108.0,2089.05,91.30000000000001,-76.36,-23.890000000000008,34.730000000000004,-339.1448260869569,0.74,0.18,0.55,0.55,1.0,-0.17677462661520366,-0.14358113777479425,-0.22000335626782988,-0.22077529786876965,-0.15901996979358934,4.32,4.19,5.71,4.37,9,2015,-0.06535714285713823,108.34545454545454,59.59
2015-12-31,-439.8899999999999,30.459999999999994,0.28075291504719596,0.0007529150471959701,8.360000000000014,54.75000000000001,73.18,16.8,0.0,-494.6400000000001,48.309999999999995,99.19,171.53,86.94,1563.19,357.27,2545.41,0.0,119.72,0.0,262.94,66.95,329.89,108.0,2106.85,86.44999999999999,-99.36999999999999,-6.849999999999994,18.429999999999993,14.959061063690088,0.86,0.16,0.83,0.55,0.66,4.789712382009993,5.39857412548584,5.777421432537477,5.790951693503608,6.1156779566907264,9.66,9.15,5.95,5.61,12,2015,0.08168674698794831,108.49397590361446,90.05
2016-03-31,463.72,166.78,1.54,0.0,61.65,221.75,239.68,15.4,0.0,241.97,32.13,57.61,283.3,84.65,1776.25,323.78,2797.41,0.0,306.16,0.0,346.88,72.01,418.89,108.0,2272.86,364.3,-405.03,-0.85,17.93,2.5,0.73,0.18,1.54,0.0,0.0,23.84,32.32,29.36,30.24,36.2,60.92,35.97,5.12,4.88,3,2016,0.0,108.2987012987013,166.78
2016-06-30,311.8399999999999,53.44,0.4950395059485968,0.6,53.24,50.31999999999999,68.42000000000002,15.3,0.0,261.52,15.779999999999994,123.85,254.96,84.3,1642.48,310.71,2646.12,0.0,162.05,0.0,215.14,73.56,288.7,108.0,2260.06,-358.92,489.95,-64.80000000000001,18.1,7.726656062874253,0.73,0.13,2.04,0.6,0.29,8.075938606847696,10.036683316683316,9.454283897920263,9.813430206157477,10.861749159930977,40.95,28.39,7.63,7.24,6,2016,64.77058823529411,107.95098039215686,220.22
2016-09-30,299.0,46.97999999999999,0.43428368263473055,1.0012599066572738,63.64999999999999,52.31999999999999,70.12,16.4,0.0,246.67999999999995,31.28,181.63,260.9,80.17,1556.0,296.01,2547.12,0.0,166.15,0.0,174.54,75.62,250.16,108.0,2200.01,70.08,95.7,-108.0,17.799999999999997,9.44129416773095,0.81,0.11,2.47,1.6,0.65,7.377547904191616,8.868529940119759,8.545014970059878,8.763035928143712,9.61402095808383,32.69,24.87,8.91,8.46,9,2016,108.31443200762085,108.17813765182184,267.2
2016-12-31,301.1200000000001,40.0,0.3697916666666667,-0.00013495276653160415,60.59,42.27000000000004,59.65999999999997,17.4,0.0,258.85,25.85000000000001,180.11,255.84,77.35,1454.72,454.85,2596.26,0.0,172.52,0.0,186.43,74.6,261.04,108.0,2238.77,49.21000000000001,-56.30000000000001,0.0,17.39,11.7696,0.84,0.12,2.84,1.6,0.56,6.161458333333334,7.427083333333333,7.145833333333334,7.364583333333334,7.927083333333334,28.15,22.33,7.8,7.39,12,2016,-0.01459770770370028,108.16901408450704,307.2
2017-03-31,302.69,63.02,0.58,0.0,61.07,72.13,88.31,19.0,0.0,230.56,25.44,182.87,283.93,82.94,1534.34,441.69,2668.53,0.0,167.07,0.0,187.75,78.39,266.14,108.0,2306.78,18.95,-16.18,0.0,16.18,8.19,0.89,0.12,0.58,0.0,0.0,9.44,10.56,10.92,11.0,11.64,24.74,20.82,8.17,7.73,3,2017,0.0,108.65517241379311,63.02
2017-06-30,257.50000000000006,29.490000000000002,0.2741476597124635,0.7,49.21,31.710000000000008,47.079999999999984,20.0,0.0,225.77999999999997,10.069999999999997,136.15,247.8,81.66,1458.78,437.41,2616.19,0.0,169.74,0.0,184.39,79.34,263.73,108.0,2257.7,16.59,12.29,-75.6,15.370000000000001,18.241629365886745,0.96,0.12,0.86,0.7,0.81,4.513873094800562,5.036666306345261,5.227932115446978,5.227932115446978,5.444700032428926,19.24,16.51,7.91,7.47,6,2017,75.29883720930233,107.56976744186048,92.51
2017-09-30,245.06999999999994,15.280000000000001,0.1417571203265609,0.001430214219293706,41.05000000000001,18.799999999999997,34.27000000000001,19.2,0.0,226.27000000000004,6.640000000000001,106.3,259.61,71.83,1491.4,429.1,2614.19,0.0,149.98,0.0,157.83,82.49,240.32,108.0,2279.76,5.18,-35.04,0.0,15.470000000000002,33.86073298429319,0.91,0.11,1.0,0.7,0.7,2.336157342981724,2.693385286204657,2.682044716578533,2.7274069950830317,2.829472121718156,15.22,13.39,9.45,8.99,9,2017,0.15416279069766858,107.79,107.79
