,revenue,net_profit,eps,dps,gross_profit,ebit,ebitda,close_price,allowance_doubtful_accounts,expense,operating_profit,cash,account_receivable,inventory,current_asset,property_plant_equipment,total_asset,short_term_loan,account_payable,current_portion_long_term_debt,current_liability,non_current_liability,total_liability,paid_in_capital,total_equity,cash_flow_operation,cash_flow_investment,cash_flow_financing,depreciation,P/E,P/BV,D/E,EPS,DPS,DPR%,ROA%,ROAA%,ROE%,ROAE%,ROCE%,NPM%,NPMA%,TIE,CurrentRatio,QuickRatio,month,year,dividend,number_of_shares,return_old
2000-03-31,3648.1,-295.55,-0.58,0.0,955.75,443.39,930.99,11.25,0.0,3204.71,218.43,855.32,2348.66,4614.03,8106.97,63837.35,77817.07,12206.79,1311.88,14979.45,53981.99,167.06,54149.04,5075.0,23668.03,-291.78,-68.58,-16.38,487.6,-4.85,0.24,2.29,-0.58,0.0,0.0,-1.52,0.0,-5.0,0.0,7.44,-8.65,-8.1,0.0,0.15,0.06,3,2000,0.0,509.56896551724145,-295.55
2000-06-30,3376.14,-1323.78,-2.6077811193518308,0.0,839.5699999999999,-668.48,61.25,13.0,0.0,4044.62,98.29000000000002,926.58,1891.5,4571.6,7994.07,63200.45,76327.5,13551.22,1029.24,15298.24,54457.31,143.06,54600.37,5075.0,21727.12,694.8499999999999,-114.45,-160.4,729.7299999999999,-1.2477274169423922,0.3,2.51,-3.19,0.0,0.0,-6.932283351756591,0.0,-24.361090080465377,0.0,-3.368043326560985,-23.82,-23.05,0.0,0.15,0.06,6,2000,0.0,507.62695924764887,-1619.33
2000-09-30,3723.83,-2545.88,-5.01204405060009,0.0,828.6699999999998,-1627.01,-1153.39,10.25,0.0,5350.84,104.25,1657.72,1777.99,4311.39,8008.11,62595.55,75310.65,15035.24,1003.08,16504.09,56369.14,145.32,56514.46,5075.0,18796.19,330.13000000000005,-20.849999999999994,58.879999999999995,473.6200000000001,-0.5112684513802692,0.28,3.01,-8.2,0.0,0.0,-13.520294438935853,0.0,-54.178973737218534,0.0,-23.911117470667744,-39.27,-38.75,0.0,0.14,0.07,9,2000,0.0,507.9524390243903,-4165.21
2000-12-31,3561.6499999999996,-1552.1000000000004,-3.059509979343433,0.0,876.7400000000002,-612.3299999999999,-145.89000000000001,9.6,0.0,4173.969999999999,227.31999999999994,858.99,1806.12,4295.65,8036.0,61911.75,74431.65,14723.4,1152.42,17764.32,57406.24,125.86,57532.1,5075.0,16899.55,-373.11000000000007,-58.97000000000003,-417.1700000000001,466.4399999999998,-0.7827642387732747,0.29,3.4,-11.27,0.0,0.0,-8.33967582656879,0.0,-36.73583765791955,0.0,-15.723763798009907,-40.56,-39.95,0.0,0.14,0.07,12,2000,0.0,507.3034605146407,-5717.31
2001-03-31,4407.82,-857.09,-1.69,0.0,1252.04,-175.56,265.61,7.0,0.0,4583.37,311.59,1240.3,2029.64,3939.36,8265.4,61204.7,73496.97,15517.71,934.95,18389.29,57838.46,118.58,57957.04,5075.0,15539.93,-239.43,-11.93,607.63,441.17,-1.035,0.23,3.73,-1.69,0.0,0.0,-4.68,-0.92,-22.08,-17.48,-4.48,-19.84,-19.44,0.0,0.14,0.07,3,2001,0.0,507.1538461538462,-857.09
2001-06-30,4187.4400000000005,-505.90999999999997,-0.9984577402787966,0.0,1132.54,374.32,824.4599999999999,10.75,0.0,3813.13,238.45999999999998,1419.06,1918.63,3841.9,8256.31,60510.59,72768.32,15859.1,913.04,19143.86,57862.38,87.92,57950.3,5075.0,14818.01,-39.75999999999999,-57.910000000000004,288.23,450.13999999999993,-2.6941550868731596,0.37,3.91,-2.69,0.0,0.0,-2.7763806309611154,0.4008677916360968,-13.659198826118853,-11.075828613352897,1.9746450476889215,-16.4,-15.86,0.0,0.14,0.08,6,2001,0.0,506.69144981412643,-1363.0
2001-09-30,10170.81,5935.81,11.695576264922442,0.0,973.0900000000001,6658.3,7127.4,10.75,0.0,3512.5,170.12,1443.22,1911.32,3741.02,8116.53,59797.77,70452.95,15504.24,892.2,19503.29,52833.03,90.21,52923.23,5075.0,17529.72,288.03,-5.890000000000001,-245.97000000000003,469.10000000000014,0.22918708230216261,0.31,3.02,9.01,0.0,0.0,33.69779798417166,48.859210944692656,135.46618634931258,130.74122546093102,202.0829426107798,37.91,24.37,0.0,0.15,0.08,9,2001,0.0,507.5260821309657,4572.81
2001-12-31,1716.9900000000016,-2050.6800000000003,-4.040981075519501,0.0,819.1400000000003,-1454.0200000000004,-1000.7299999999996,11.7,0.0,3171.0200000000004,-79.80999999999995,808.34,1695.85,3841.34,7724.47,59089.24,69388.78,14937.62,1016.13,19982.98,54109.9,61.57,54171.46,5075.0,15217.32,227.09,-379.33,-477.36,453.28999999999996,-0.7225658683948738,0.39,3.56,4.97,0.0,0.0,-11.805844107956371,-24.424762878995136,-53.89058866910113,-51.093611828097686,-115.00128034637392,16.23,12.31,0.0,0.14,0.07,12,2001,0.0,507.4708249496982,2522.13
2002-03-31,4512.72,25.94,0.05000000000000001,0.0,589.75,534.19,975.17,13.2,0.0,3978.54,-304.28,1515.06,1620.55,3416.54,7870.39,57855.36,68841.5,15214.6,931.62,20067.63,53784.86,59.9,53844.75,5075.0,14996.75,275.93,31.84,388.23,440.98,66.0,0.45,3.59,0.05,0.0,0.0,0.16,3.0,0.68,0.68,14.2,0.71,0.57,0.0,0.15,0.08,3,2002,0.0,518.8,25.94
2002-06-30,3852.04,258.61,0.508949569495695,0.0,805.4200000000001,748.1399999999999,1192.6599999999999,20.9,0.0,3103.8900000000003,90.38999999999999,589.14,1337.41,4100.02,7049.82,57002.22,67297.74,14805.27,1027.94,19918.48,52185.26,36.44,52221.71,5075.0,15076.03,-245.75,261.12,-940.83,444.52,10.265850121805036,0.7,3.46,0.56,0.0,0.0,1.526848708487085,6.652697944122298,6.870819188191882,6.907172728870145,30.864156035846076,4.23,3.4,0.0,0.14,0.06,6,2002,0.0,508.125,284.55
2002-09-30,3304.76,-1386.05,-2.7305751248297776,0.0,999.19,-644.55,-198.02999999999997,13.9,0.0,3949.2999999999993,146.64999999999998,420.62,1461.66,3865.24,7327.5,56293.2,66735.59,14945.91,998.62,20981.13,53437.85,36.23,53474.09,5075.0,13261.51,481.93,-538.13,-114.07999999999993,446.52,-1.2735137621297934,0.53,4.03,-2.17,0.0,0.0,-8.304975034044485,4.680985928279618,-41.82687426236949,-35.9882251475261,24.15992737176577,-10.23,-9.44,0.0,0.14,0.06,9,2002,0.0,507.6036866359447,-1101.5
2002-12-31,4010.199999999999,-389.3499999999999,-0.7678096387966594,0.0,1000.8599999999997,211.39999999999998,670.9199999999998,12.7,0.0,3798.8100000000013,99.1,682.94,1461.57,3718.05,6912.61,55601.04,65650.1,700.16,1191.12,2106.75,53013.86,36.13,53050.0,5075.0,12600.1,735.9,514.8,-987.0600000000001,459.52,-4.135400025683833,0.51,4.21,-2.94,0.0,0.0,-2.3713304490726763,1.3162450950799875,-12.358078948250995,-11.198529697823387,7.0199738404266006,-10.31,-9.51,0.0,0.13,0.06,12,2002,0.0,507.09183673469386,-1490.85
2003-03-31,5004.05,317.88,0.64,0.0,1538.89,878.21,1304.25,15.6,9.08,4125.84,486.13,571.85,1612.81,4045.84,7416.48,54935.28,65495.61,507.92,1577.08,41214.23,53244.37,28.07,53272.44,5075.0,12223.17,503.23,-6.08,-608.7,426.04,6.095,0.65,4.36,0.64,0.0,0.0,1.9599999999999997,5.239999999999999,10.4,9.36,28.68,6.99,6.35,0.0,0.14,0.06,3,2003,0.0,496.6875,317.88
2003-06-30,5615.61,1142.9899999999998,2.3237387994825003,0.0,1702.07,1635.8200000000002,2067.79,19.1,9.55,3979.79,604.2600000000001,423.46,1629.88,4062.38,7271.37,60421.66,71247.4,865.11,1066.4,39898.17,51817.29,34.91,51852.2,5075.0,19395.19,452.04999999999995,2.0200000000000005,-602.6699999999998,431.96999999999997,2.0545661160640076,0.5,2.67,2.97,0.0,0.0,6.41570981675303,11.36050079747,23.565997522024546,26.539131339544245,40.49721220916303,15.9,13.76,0.0,0.14,0.06,6,2003,0.0,491.8754208754208,1460.87
2003-09-30,6594.84,2358.61,4.816665619403689,0.0,1892.1499999999996,2666.6699999999996,2956.9800000000005,28.75,0.0,3928.1600000000008,902.3399999999999,541.28,1731.97,3789.89,7637.93,59884.88,71222.83,131.4,1111.72,2001.11,49730.0,34.26,49764.26,5075.0,21458.56,1238.0600000000002,-380.19,-739.49,290.30999999999995,1.4938757573316486,0.68,2.32,7.8,0.0,0.0,13.239655241027576,18.550337847036772,43.967511807890084,54.34186852660572,59.52904688596354,27.24,22.19,0.0,0.15,0.08,9,2003,0.0,489.6769230769231,3819.48
2003-12-31,5431.279999999999,946.1399999999999,1.9337260629257051,0.0,1953.0200000000004,1439.58,1750.1799999999994,46.0,0.0,3991.709999999999,988.48,557.98,1827.79,3643.26,7852.44,59366.86,71221.99,6.05,1125.24,38020.14,49059.74,34.42,49094.16,5075.0,22127.83,1403.7799999999997,-222.01,-1165.0600000000002,310.60000000000014,5.943551271482022,1.06,2.22,9.74,0.0,0.0,5.312783310461178,7.679314590756292,17.10573281126065,21.799088471174787,23.720902463897666,25.06,21.04,0.0,0.16,0.09,12,2003,0.0,489.28336755646814,4765.62
2004-03-31,6018.66,2336.54,3.24,0.0,2143.31,1985.63,2287.84,30.75,0.0,4033.03,1287.98,919.18,1888.34,3852.65,18236.01,58838.63,80460.62,28.68,1423.78,35814.87,46288.14,35.3,46323.45,8075.0,34137.17,1317.05,-6024.66,5069.41,302.21,2.3725,0.73,1.36,3.24,0.0,0.0,11.6,10.88,27.36,40.32,23.24,43.86,38.82,0.0,0.39,0.31,3,2004,0.0,721.1543209876543,2336.54
2004-06-30,5278.09,490.2800000000002,0.6503951436596602,0.0,1773.9900000000002,485.3800000000001,793.2199999999998,33.75,0.0,4792.709999999999,821.6599999999999,3288.72,1761.76,4016.11,17089.18,58350.54,79122.44,15.53,1440.16,2509.56,44483.98,34.9,44518.88,8075.0,34603.56,1088.3100000000002,2317.45,-1038.1599999999999,307.84,12.972882842457366,0.79,1.29,3.75,0.0,0.0,2.476704707055986,2.2824533574829675,5.667976878612719,7.263612964391086,4.946471865912936,27.03,25.02,0.0,0.38,0.29,6,2004,0.0,753.8186666666667,2826.82
2004-09-30,5886.240000000002,140.98000000000002,0.18431241997439182,0.0,1717.9099999999999,622.1899999999996,928.8000000000002,28.0,0.0,5264.040000000001,633.8200000000002,1360.37,1749.44,4077.42,16343.56,58004.52,77920.02,4.46,1550.97,33019.18,43557.82,36.89,43594.71,8075.0,34325.3,784.0299999999997,4096.12,-6805.12,306.61,37.99743935309972,0.66,1.27,3.88,0.0,0.0,0.7239487836107555,0.7885531370038413,1.6436107554417416,2.021736235595391,1.7101152368758004,18.57,17.27,0.0,0.38,0.28,9,2004,0.0,764.8969072164949,2967.8
2004-12-31,5211.009999999998,1135.0900000000001,1.4745776026166924,0.0,1597.88,1444.3100000000004,1749.1299999999997,28.25,0.0,3766.710000000001,391.52999999999975,168.18,1755.37,4617.54,10452.96,57597.49,71575.44,3.0,1419.09,31124.98,36417.32,37.99,36455.31,8075.0,35120.12,-5047.38,-327.05,4181.73,304.82000000000005,4.7893376296152725,0.65,1.04,5.33,0.0,0.0,6.340960347462399,7.038133998230516,12.925378160272393,15.85793399286844,14.286526716533958,19.68,18.32,0.0,0.29,0.16,12,2004,0.0,769.7729831144466,4102.89
2005-03-31,6278.41,758.68,0.96,0.0,1700.04,1247.42,1542.68,28.5,0.0,5030.98,566.89,570.23,2130.14,4511.0,11289.39,57112.03,72005.76,8.77,1437.22,30839.58,36278.01,38.93,36316.94,8075.0,35688.82,570.02,-177.41,10.6,295.26,7.422500000000001,0.64,1.02,0.96,0.0,0.0,4.2,6.5600000000000005,8.52,8.68,13.96,13.55,12.08,0.0,0.31,0.19,3,2005,0.0,790.2916666666666,758.68
2005-06-30,4874.01,-256.0799999999999,-0.32608674890569034,0.0,1876.8600000000001,107.37999999999988,414.31999999999994,29.0,0.0,4766.640000000001,957.7099999999999,629.66,1868.36,5060.46,11292.47,56751.27,71995.2,268.34,1181.44,7431.6,12020.89,24454.15,36475.05,8075.0,35520.15,166.5,250.74,-375.38,306.94000000000005,-22.232120821618253,0.66,1.03,0.64,0.0,0.0,-1.426629526462395,-3.6480955033824105,-2.8736394747313954,-2.9144003183446068,-4.605975328292875,4.63,4.51,0.0,0.94,0.52,6,2005,0.0,785.3125,502.6
2005-09-30,6040.1799999999985,734.4399999999999,0.9321208691715708,0.0,1696.1299999999997,1003.2,1312.2600000000002,27.0,0.0,5036.969999999999,592.3800000000001,867.71,1931.33,5051.78,11628.12,56372.02,72021.92,234.76,1472.77,7259.24,11664.16,24342.08,36006.24,8075.0,36015.68,475.5,-187.36,-31.57000000000005,309.05999999999995,7.242622950819673,0.61,1.0,1.57,0.0,0.0,4.084708012675419,7.480715255771841,8.145667722951561,8.359402444545044,9.285586238116794,7.41,7.2,0.0,1.0,0.56,9,2005,0.0,787.9235668789809,1237.04
2005-12-31,6102.16,284.47,0.36084356987466404,0.0,446.2600000000002,655.4099999999999,966.9099999999999,23.5,0.0,5446.759999999998,-764.0699999999999,263.16,1937.04,4948.42,11302.83,55999.01,70699.39,541.03,1447.6,7241.76,12301.39,22504.8,34806.19,8075.0,35893.2,2574.43,-204.47,-2974.57,311.5,16.28642018490526,0.53,0.97,1.93,0.0,0.0,1.6079039901150831,3.170936240971141,3.170936240971141,3.208329357020329,3.8589695762761997,7.11,6.53,0.0,0.92,0.52,12,2005,0.0,788.3471502590673,1521.51
2006-03-31,7384.08,1130.08,1.44,0.0,1409.29,1668.75,1968.88,19.8,0.0,5715.33,261.81,1141.67,1941.1,4722.91,11575.22,55513.05,70431.95,293.26,1504.42,2862.37,11808.4,21877.34,33685.75,8075.0,36746.2,1161.34,439.12,-715.34,300.13,3.4375,0.44,0.92,1.44,0.0,0.0,6.3999999999999995,9.36,12.32,12.48,11.4,18.95,15.3,0.0,0.98,0.58,3,2006,0.0,784.7777777777777,1130.08
2006-06-30,5944.629999999999,342.02,0.4344660009510224,0.0,1297.1999999999998,740.0900000000001,1051.5699999999997,12.7,0.0,5204.540000000001,140.68,664.74,1872.58,4991.23,11120.52,56029.73,69086.5,480.62,1505.06,2858.88,11986.34,20310.59,32296.93,8075.0,36789.57,1065.6000000000001,-0.910000000000025,-1754.9699999999998,311.48,7.306267908309455,0.28,0.88,1.87,0.0,0.0,1.9794921540656205,3.169046124583928,3.71735615786971,3.78240989063243,3.921810746552544,13.02,11.04,0.0,0.93,0.51,6,2006,0.0,787.2192513368983,1472.1
2006-09-30,6884.27,735.56,0.7629944828460904,0.0,1403.4499999999998,1157.35,1473.29,9.7,0.0,5726.92,292.46000000000004,1202.58,2011.88,5028.06,12059.43,55539.76,69518.55,7.31,1871.05,5518.42,10489.14,9654.51,20143.65,20190.0,49374.9,1380.4499999999998,-94.84999999999997,-748.8400000000001,315.93999999999994,3.1814122573277506,0.4,0.41,2.29,0.0,0.0,4.238117826114529,6.7170169319551025,5.957354302745894,6.890273321072992,8.049758386708097,12.73,10.92,0.0,1.15,0.67,9,2006,0.0,964.0436681222707,2207.66
2006-12-31,6153.18,572.3800000000001,0.4673683112473203,0.25,1189.1000000000004,824.6699999999996,1133.1900000000005,11.5,0.0,5328.509999999998,21.269999999999982,622.37,1944.66,5350.65,11522.0,55088.16,68457.85,287.94,1709.82,15107.62,19241.19,72.99,19314.18,20190.0,49143.66,700.9200000000005,-20.560000000000002,-1260.5099999999998,308.52,6.156226108529298,0.47,0.39,2.27,0.25,0.11,3.3436393720953657,5.1966414871728475,4.661329765039353,5.386059481158546,7.346123940662726,12.28,10.54,0.0,0.6,0.32,12,2006,306.17180616740086,1224.6872246696034,2780.04
2007-03-31,6504.84,768.74,0.38,0.0,1449.03,1114.54,1401.92,12.2,0.0,5390.3,413.92,557.12,1984.89,5560.48,11778.29,54768.08,68402.98,407.74,1705.73,12991.41,18705.02,80.06,18785.08,20190.0,49617.9,673.08,-266.0,-472.06,287.38,8.0275,0.5,0.38,0.38,0.0,0.0,4.48,6.44,6.199999999999999,7.12,8.96,13.24,11.82,0.0,0.63,0.33,3,2007,0.0,2023.0,768.74
2007-06-30,6367.01,878.1099999999999,0.4372287700762061,0.0,1436.0400000000002,776.5900000000001,1047.12,14.6,0.0,5590.419999999999,295.87999999999994,844.32,2081.24,5185.87,11897.26,54444.27,68295.26,223.98,2100.35,12488.47,18004.3,89.4,18093.7,20190.0,50201.56,1258.27,-195.39,-775.56,270.53,8.345745407750739,0.59,0.36,0.82,0.0,0.0,5.1401040774812525,5.865263988827154,6.9956603212192965,8.083400188238151,8.019415490178218,14.09,12.79,0.0,0.66,0.37,6,2007,0.0,2008.3536585365853,1646.85
2007-09-30,7320.1799999999985,449.48,0.22513344750110909,0.1,1612.7899999999995,647.52,918.73,16.2,0.0,6672.660000000002,305.70000000000005,824.87,2227.19,4569.85,11314.3,54135.36,67470.51,338.14,1456.04,12087.97,17195.24,73.86,17269.09,20190.0,50201.42,949.25,-227.16999999999996,-741.5800000000002,271.21000000000004,17.990996206727772,0.65,0.34,1.05,0.1,0.1,2.667295320870283,3.181886058015675,3.584982135446232,3.6107116723035024,4.331138704307051,11.23,10.38,0.0,0.66,0.39,9,2007,199.65047619047618,1996.5047619047618,2096.33
2007-12-31,6741.870000000003,235.1300000000001,0.1179956336372917,-0.000190892034543624,1329.46,572.0999999999999,810.5899999999997,7.45,0.0,6169.759999999998,80.32999999999993,1309.03,2200.37,4737.02,11984.55,61229.82,75377.2,366.31,2122.92,11646.0,17611.98,109.08,17721.06,20190.0,57656.14,1132.04,-109.91000000000008,-537.9599999999998,238.4899999999999,15.79062667460553,0.26,0.31,1.17,0.1,0.09,1.2465179758606202,1.7467387817076003,1.6297516577595161,1.7628749367349223,2.174346889931632,9.35,8.66,0.0,0.68,0.41,12,2007,-0.3803907203906647,1992.700854700855,2331.46
2008-03-31,7763.73,917.34,0.46,0.0,1751.17,1359.08,1630.67,6.6,0.0,6404.64,586.04,969.1,2263.4,4821.66,11847.64,61256.87,75193.55,190.6,2054.82,10908.4,16824.29,112.35,16936.65,20190.0,58256.91,958.33,-583.26,-715.48,271.59,3.5875,0.23,0.29,0.46,0.0,0.0,4.88,7.56,6.28,6.8,9.32,13.21,11.82,0.0,0.7,0.42,3,2008,0.0,1994.2173913043478,917.34
2008-06-30,6557.1,-6823.67,-3.419731576122567,0.0,1669.19,-6578.43,-6309.87,6.0,0.0,13135.529999999999,430.70000000000005,1387.39,2140.62,5092.66,12238.58,61106.19,75291.65,306.98,2212.14,12596.01,24240.6,113.83,24354.43,20190.0,50937.22,1345.9300000000003,-281.66999999999996,-646.45,268.56,-0.43927424318585157,0.24,0.48,-2.96,0.0,0.0,-36.2306696713526,-33.59655210596089,-53.606603085164565,-53.97630379609673,-47.22926582158465,-43.82,-41.24,0.0,0.5,0.29,6,2008,0.0,1995.3817567567567,-5906.33
2008-09-30,7192.4400000000005,565.6700000000001,0.28280004718517937,0.0,1677.7099999999996,935.8900000000003,1214.62,3.2,0.0,6256.560000000001,529.97,1023.79,2246.43,5427.45,12394.85,61021.14,75261.24,342.4,2314.14,10365.23,24051.23,115.04,24166.28,20190.0,51094.96,561.3199999999997,-460.43999999999994,-464.42999999999984,278.73,2.832389909311082,0.13,0.47,-2.67,0.0,0.0,3.0080604269884246,2.5420228960465563,4.427356543947752,4.46548688738845,3.541885235158202,-26.34,-24.82,0.0,0.52,0.29,9,2008,0.0,2000.247191011236,-5340.66
2008-12-31,5808.560000000001,-92.48000000000047,-0.046298383623466596,0.0,1118.6800000000003,137.10999999999967,407.50999999999976,3.16,0.0,5671.450000000001,-25.25999999999999,1429.14,1880.97,4906.82,11718.53,60658.46,74122.45,560.39,1542.96,10148.79,23483.22,116.13,23599.36,20190.0,50523.09,1034.48,-249.8900000000001,-379.1700000000003,270.4,-17.037311851210987,0.13,0.47,-2.72,0.0,0.0,-0.49906934111766194,-0.37787651339741113,-0.731922976400391,-0.6835820170288303,-0.5576231792296932,-21.13,-19.89,0.0,0.5,0.29,12,2008,0.0,1997.4779411764705,-5433.14
2009-03-31,6273.91,556.77,0.28,0.0,1260.06,809.39,1077.77,2.74,0.0,5464.53,253.84,2126.34,1864.41,4418.73,12021.66,60147.0,73881.75,482.02,1653.75,9681.21,23097.73,126.43,23224.16,20190.0,50657.58,1225.74,-166.47,-362.39,268.38,2.4475,0.11,0.46,0.28,0.0,0.0,3.0,4.36,4.4,4.08,6.36,9.75,8.87,0.0,0.52,0.33,3,2009,0.0,1988.4642857142856,556.77
2009-06-30,6339.280000000001,839.75,0.420921290063873,0.0,1262.9500000000003,1002.9599999999999,1272.2400000000002,5.6,0.0,5336.31,218.89000000000001,2277.02,1614.84,4819.76,12262.35,59716.3,73862.75,440.44,1542.7,9029.67,22544.52,141.81,22686.33,20190.0,51176.42,796.95,-311.09000000000003,-333.01,269.28,3.326037511164037,0.22,0.44,0.7,0.0,0.0,4.545949932689829,5.844792770601209,6.56637212499642,6.590424770142927,8.490583736716982,12.39,11.07,175.96,0.54,0.33,6,2009,0.0,1995.0285714285715,1396.52
2009-09-30,5945.819999999998,528.3399999999999,0.2635030080109722,0.0,1141.79,637.1500000000001,924.81,10.6,0.0,5308.67,87.38999999999999,1306.5,1465.95,4874.92,10879.75,59293.23,72156.59,30.8,1544.84,8660.62,20618.55,178.31,20796.86,20190.0,51359.73,-274.80999999999995,-268.59999999999997,-429.92999999999995,287.6600000000001,10.055293182420412,0.42,0.4,0.96,0.0,0.0,2.9314709641220653,3.6451249441517817,4.11723450017144,4.1282137921718975,5.2151637002171585,11.55,10.37,131.55,0.53,0.29,9,2009,0.0,2005.0625,1924.86
2009-12-31,8011.570000000003,2838.5700000000006,1.4242221046598778,0.0,1156.8400000000001,3037.0699999999997,3320.1699999999996,8.85,0.0,4974.499999999998,455.46000000000004,1436.41,1705.55,4740.06,8302.73,60001.37,70359.74,283.06,1949.17,5009.92,16115.43,369.08,16484.51,20190.0,53875.23,256.27,-309.4900000000001,185.7499999999999,283.1,1.5522508692757266,0.33,0.31,2.39,0.0,0.0,16.137211127275936,18.09179209099326,21.07133624300137,21.762590486267253,24.09855310144161,21.79,17.93,174.73,0.52,0.22,12,2009,0.0,1993.0669456066946,4763.43
2010-03-31,6686.2,676.98,0.34,0.1,1211.48,827.63,1112.53,8.7,0.0,5858.57,331.52,1615.87,1943.72,4440.82,8485.46,59620.58,70350.05,241.48,1933.29,4688.44,16022.02,368.98,16391.0,20190.0,53959.04,994.85,-633.6,-180.81,284.9,6.3975,0.33,0.3,0.34,0.1,0.29,3.84,4.6,5.0,5.16,6.08,11.05,10.13,111.39,0.53,0.25,3,2010,199.11176470588236,1991.1176470588234,676.98
2010-06-30,6611.05,329.89,0.16381955962537367,0.0011233998898157948,1172.9,468.6,757.3800000000001,10.4,0.0,6142.450000000001,52.99000000000001,1449.54,1878.23,4284.78,8151.95,59604.85,69799.76,126.94,1768.42,3747.66,14706.31,1246.67,15952.98,20190.0,53846.77,795.6,-599.62,-363.42,288.78,15.871120676589166,0.39,0.3,0.5,0.1,0.2,1.8872013268843046,2.359001658605381,2.4507406119955903,2.5162684358457397,3.079807720957025,8.22,7.57,20.87,0.55,0.26,6,2010,2.2622352941176587,2013.74,1006.87
2010-09-30,6322.8499999999985,607.39,0.30477488136979175,-0.0010450237260416634,1343.44,729.23,1020.78,13.0,0.0,5593.619999999999,365.46000000000004,1396.62,1757.12,4504.85,8075.79,59659.55,69669.65,11.95,1793.11,3610.97,14271.0,1353.41,15624.41,20190.0,54045.24,595.53,-486.75,-159.15999999999997,291.55000000000007,10.664018587727819,0.49,0.29,0.81,0.1,0.12,3.4917418507551448,4.304474867741256,4.50013281627495,4.60548709625463,5.5085237817947545,8.89,8.23,22.75,0.57,0.25,9,2010,-2.082641975308661,1992.9135802469134,1614.26
2010-12-31,5987.110000000001,666.2900000000002,0.3330646554559208,0.0003783525254223274,1628.0499999999997,942.4099999999999,1266.1799999999998,12.3,0.0,5044.700000000001,627.7,1261.41,1834.84,5028.71,8600.16,59568.25,70393.88,4.18,2074.82,2390.2,13633.52,2346.47,15979.99,20190.0,54413.89,963.1599999999999,-734.3199999999999,-364.80000000000007,323.77,9.232892021492141,0.46,0.29,1.14,0.1,0.09,3.786419240972574,4.931694196575388,4.896634759158976,4.920007717436584,6.112028589594617,9.6,8.91,13.31,0.63,0.26,12,2010,0.7568875893437621,2000.4824561403511,2280.55
2011-03-31,6780.33,986.89,0.49,0.15,2071.88,1402.54,1777.99,12.0,0.0,5377.8,1147.47,1297.43,2151.15,6267.47,10289.99,58511.27,71515.27,0.0,2066.49,895.51,12876.69,4831.04,17707.74,20190.0,53806.55,893.46,-758.54,-93.93,375.45,6.1225,0.45,0.33,0.49,0.15,0.31,5.52,7.92,7.32,7.32,9.56,15.4,14.56,41.67,0.8,0.31,3,2011,302.1091836734694,2014.061224489796,986.89
2011-06-30,7745.02,1656.44,0.8271766294787258,-0.0008642970983492994,2197.45,2057.73,2427.5700000000006,11.7,0.0,5687.28,1164.2900000000002,792.74,2095.92,6923.7,10329.81,58378.16,71425.52,0.0,2147.25,922.83,12296.75,4058.9,16355.65,20190.0,55068.89,860.1399999999999,-709.3800000000001,-653.8599999999999,369.84,3.534674331699306,0.43,0.3,1.32,0.15,0.11,9.274404633549349,12.282319649835626,12.031660065145102,12.156989857490363,14.663585704395592,20.01,18.2,37.97,0.84,0.28,6,2011,-1.7307745825603433,2002.522727272727,2643.33
2011-09-30,13562.6,7431.120000000001,3.7249831008144367,-0.0005701021801776343,2371.21,7653.59,8058.849999999999,12.2,0.0,5909.01,1310.0099999999998,549.1,2218.8,7463.43,10814.51,58460.75,71873.98,446.7,1830.73,1018.29,5883.87,3953.2,9837.07,20190.0,62035.93,-277.89999999999986,-270.65999999999985,302.34999999999997,405.26,0.8202050633013597,0.4,0.16,5.05,0.15,0.03,41.36575292944031,46.32256212497953,47.9158222235457,51.22036168723851,49.686111221952565,49.48,35.87,74.24,1.84,0.57,9,2011,-1.1373199819981323,1994.940594059406,10074.45
2011-12-31,5422.109999999997,-323.1100000000006,-0.16169847426097364,0.0002465799724463253,-37.31999999999971,-182.77000000000044,408.9400000000005,15.1,0.0,5604.880000000001,-1099.65,516.88,1869.25,7842.46,10773.09,58292.01,71683.3,865.97,2034.79,1127.43,6780.15,3537.09,10317.24,20190.0,61365.07,1046.0600000000002,-1156.7600000000002,78.67000000000002,591.71,-23.31376357896687,0.5,0.17,4.88,0.15,0.03,-1.8025403688108539,-2.0397864908822827,-2.1060563573826814,-2.2319691037334395,-2.2319691037334395,39.73,29.1,49.72,1.59,0.43,12,2011,0.4927223664989242,1998.2254098360656,9751.34
2012-03-31,6954.38,341.22,0.17,0.15,1180.9,477.51,977.26,14.2,0.0,6476.87,51.0,517.64,2415.08,8090.89,12098.28,58066.04,72964.34,1441.08,2769.03,1141.76,8576.4,3388.15,11964.56,20190.0,60998.8,494.72,-845.39,351.39,499.75,20.8825,0.47,0.2,0.17,0.15,0.88,1.88,2.64,2.24,2.36,2.96,5.29,4.91,6.97,1.41,0.47,3,2012,301.0764705882353,2007.1764705882354,341.22
2012-06-30,6563.599999999999,-291.27000000000004,-0.17493693693693693,-0.03082670906200315,879.3899999999999,-201.45,363.68000000000006,11.6,0.0,6765.05,-566.61,585.44,2510.82,8242.15,12360.38,58097.47,72810.41,2207.96,2436.91,1207.81,8874.14,3308.18,12182.32,20190.0,60627.11,-111.02000000000004,-220.59000000000003,399.08000000000004,565.1300000000001,-16.577545318776394,0.39,0.2,0.03,0.15,5.0,-1.6327447447447452,-8.863471471471472,-1.865993993993994,-2.0992432432432433,-10.029717717717718,0.4,0.37,1.98,1.39,0.46,6,2012,-51.32647058823525,1665.0000000000002,49.95
2012-09-30,7824.439999999999,173.11,0.08536761409486238,0.02683807047431181,957.6999999999998,259.51000000000005,665.29,12.9,0.0,7564.9299999999985,-236.78999999999996,488.33,2546.17,7451.82,11710.2,57764.38,72199.05,1904.22,2491.86,1237.04,8330.57,3431.58,11762.15,20190.0,60435.91,1357.1399999999999,-953.8,-500.1,405.78,37.776913812027026,0.43,0.19,0.11,0.15,1.36,0.9623258316148123,2.2971648883708418,1.1485824441854209,1.1175396754236528,2.6075925759885235,1.12,1.05,3.14,1.41,0.51,9,2012,54.4227272727272,2027.8181818181818,223.06
2012-12-31,7084.620000000003,25.180000000000007,0.012172091524331293,0.0029619429877245154,787.0500000000002,49.870000000000005,555.0099999999998,14.1,0.0,7034.75,-433.39,417.0,2452.68,7220.25,10838.4,63274.42,76535.35,1603.27,2587.33,1415.07,8261.09,2979.66,11240.75,20190.0,65293.62,1481.61,-718.6400000000001,-834.3,505.1399999999999,289.59690230341533,0.44,0.17,0.12,0.15,1.25,0.12983564292620048,0.32053174347405744,0.15417982597486307,0.15823718981630683,0.3489332903641638,0.94,0.87,2.68,1.31,0.44,12,2012,6.127272727272782,2068.666666666667,248.24
2013-03-31,7544.1,97.83,0.05,0.1,666.74,181.39,608.4,15.9,0.0,7362.72,-325.62,556.94,2744.49,7172.52,11380.42,63286.34,77116.33,1648.51,3055.84,1689.72,8929.28,9675.62,18604.9,20190.0,58510.44,280.61,-855.56,714.84,427.01,79.5,0.55,0.32,0.05,0.1,2.0,0.52,0.9600000000000001,0.68,0.64,1.08,1.41,1.3,4.1,1.27,0.47,3,2013,195.66,1956.6,97.83
2013-06-30,7315.84,337.55,0.17056594239514908,0.001131884790298135,1113.81,446.38,941.7800000000001,11.2,0.0,6869.45,108.39000000000001,1402.29,2621.25,7567.36,12558.17,64224.88,79340.74,1097.13,2838.54,1147.88,7681.82,13233.61,20915.43,20190.0,58424.32,497.66999999999996,-1622.33,1945.75,495.4,16.41623152125611,0.39,0.36,0.22,0.1,0.45,1.7056594239514908,2.5739951306904314,2.3258992144793056,2.263875235426524,2.7290550783223853,3.14,2.93,4.01,1.63,0.65,6,2013,2.240000000000009,1979.0,435.38
2013-09-30,6720.879999999999,248.65999999999997,0.12359569615811941,0.001634407344599714,1377.9199999999998,422.03,908.6200000000001,11.3,0.0,6298.85,302.79999999999995,828.88,2478.87,7661.86,11932.18,65326.47,80333.15,861.56,2825.7,1017.59,7744.31,14279.23,22023.54,20190.0,58308.62,1200.47,-2109.2999999999997,358.2399999999998,486.59000000000003,22.860019303466583,0.39,0.38,0.34,0.1,0.29,1.235956961581194,2.006612478802409,1.7012584059411726,1.672177065668674,2.1083971697561545,3.4,3.17,4.58,1.54,0.55,9,2013,3.2882352941176123,2011.8823529411761,684.04
2013-12-31,7282.34,-78.02999999999997,-0.03862807544429959,0.00040350722226483674,847.6600000000003,-32.76999999999998,423.21000000000004,10.8,0.0,7315.119999999999,-321.39,844.93,2603.33,8273.98,12601.13,67011.79,82411.82,1577.46,3470.86,1444.89,9923.52,14775.13,24698.65,20190.0,57712.18,590.3899999999999,-2090.4300000000003,1417.6900000000005,455.98,-69.89734717416381,0.38,0.43,0.3,0.1,0.33,-0.3811303443837559,-0.6592524875827129,-0.5407930562201942,-0.5098905958647545,-0.7210574082935922,2.26,2.1,3.77,1.27,0.44,12,2013,0.8150980392157123,2020.0333333333333,606.01
2014-03-31,8146.83,543.7,0.27,0.15,1574.26,789.24,1274.42,11.1,0.0,7357.59,280.8,979.71,2499.24,8847.56,13265.41,69236.13,85616.94,203.39,3144.32,233.83,7518.81,20304.71,27823.52,20190.0,57792.93,471.01,-3238.36,2901.58,485.18,10.2775,0.39,0.48,0.27,0.15,0.56,2.56,3.88,3.76,3.72,4.04,7.12,6.67,6.49,1.76,0.59,3,2014,302.05555555555554,2013.7037037037037,543.7
2014-06-30,7828.780000000001,393.9799999999999,0.19747739100759318,-0.0014014494402260036,1295.01,603.94,1101.4,12.8,0.0,7224.84,-17.74000000000001,824.61,2588.38,9730.71,14437.43,75830.22,93193.52,1223.39,3372.2,316.77,11063.42,24644.49,35707.91,20190.0,57485.11,-166.3,-5378.34,5388.200000000001,497.46,16.201981318848677,0.45,0.62,0.47,0.15,0.32,1.6974652333418647,2.705860421465745,2.7394735944032074,2.722667007934476,2.8571196996843264,6.32,5.87,3.5,1.3,0.43,6,2014,-2.795981087470466,1995.063829787234,937.68
2014-09-30,8101.34,607.7600000000001,0.3028103323325397,0.0008969145742147698,1183.4099999999999,938.3999999999999,1436.3399999999997,19.1,0.0,7162.93,-43.71000000000001,1483.4,2243.82,9691.46,14967.81,81585.16,99438.24,2743.51,2863.44,515.5,11496.02,30219.19,41715.21,20190.0,57700.82,780.8199999999999,-7161.98,7038.469999999999,497.93999999999994,15.772001447939973,0.67,0.72,0.77,0.15,0.19,2.4382130655347347,4.07417538047417,4.215749042343929,4.1842882285950935,4.168557821720675,7.04,6.42,3.61,1.3,0.46,9,2014,1.8001657916551608,2007.064935064935,1545.44
2014-12-31,7547.5999999999985,-213.33000000000015,-0.011210110276178404,0.1341798486474977,540.5700000000002,-159.63999999999987,336.8600000000006,1.71,0.0,7707.239999999998,-754.09,1002.04,2643.38,9352.94,13929.7,82949.82,99456.64,2743.49,2775.16,896.7,11138.47,30989.72,42128.19,20190.0,57312.41,773.56,-2588.459999999999,1330.5499999999993,496.5,-38.13744820231563,0.6,0.74,0.07,0.15,2.14,-0.858374158290232,-1.530980774860936,-1.4861403337562225,-1.4861403337562225,-1.5758212159656497,4.61,4.21,2.29,1.25,0.41,12,2014,2553.461688311688,19030.142857142855,1332.11
2015-03-31,8165.37,639.02,0.03,0.02,1334.26,1016.11,1512.15,2.86,0.0,7149.26,44.7,978.38,2515.58,9111.46,15283.44,82973.98,102324.67,238.76,2366.6,1141.79,8202.92,36070.93,44273.84,20190.0,58034.67,363.49,-3543.4,3388.58,496.04,23.8325,0.99,0.76,0.03,0.02,0.67,2.48,4.32,4.4,4.4,4.32,8.9,7.83,3.56,1.86,0.75,3,2015,426.0133333333334,21300.666666666668,639.02
2015-06-30,6883.320000000001,-190.99,-0.008525768363725645,0.0009828210908495655,797.5200000000002,-96.88,404.66999999999985,3.08,0.0,6980.199999999999,-523.0600000000001,1593.13,2581.52,9568.32,15088.07,84565.8,103754.18,1324.79,2715.01,4923.42,13405.12,33360.12,46765.24,20190.0,56980.91,291.56999999999994,-689.4699999999998,1019.0,501.55,-90.31444054662546,1.09,0.82,0.02,0.02,1.0,-0.7332160792804054,-1.58579291565297,-1.3470714014686518,-1.3300198647412005,-1.7392567462000315,3.28,2.98,1.37,1.13,0.41,6,2015,22.016666666666538,22401.499999999996,448.03
2015-09-30,6481.9400000000005,-508.65999999999997,0.0,,1144.6999999999998,-272.82000000000005,263.3100000000002,2.48,0.0,6754.760000000002,-111.92999999999995,1093.01,2593.93,10817.02,17983.61,85589.13,108045.18,824.53,2700.33,3619.99,11981.78,39985.44,51967.22,20190.0,56069.86,-246.32999999999993,-4359.79,4096.26,536.13,0.0,0.89,0.93,0.0,0.02,0.0,-2.0134982681840667,20.80614877123536,-3.6914134916707897,-3.6914134916707897,22.484063994722085,-0.3,-0.28,0.59,1.5,0.6,9,2015,-inf,-inf,-60.63
2015-12-31,7759.309999999998,424.3,0.02333434157340446,inf,963.8700000000003,667.9700000000001,1256.6599999999999,2.1,0.0,7091.34,-250.11,1695.18,2527.61,10969.06,16953.17,85847.61,107645.04,923.14,2523.94,3608.23,11670.57,40008.78,51679.36,20190.0,55957.61,746.4000000000001,204.0,-352.9800000000005,588.6899999999998,22.49902781051143,0.76,0.92,0.02,0.02,1.0,1.5867352269915034,5.926922759644733,3.03346440454258,2.986795721395771,6.393609591112822,1.34,1.24,0.84,1.45,0.51,12,2015,inf,18183.5,363.67
2016-03-31,8286.84,-54.94,0.0,,1097.01,204.23,1104.18,2.7,0.0,8082.61,-258.67,2358.76,3132.03,10604.5,17272.52,88267.59,109803.76,3156.12,2441.6,3902.26,14239.34,39653.17,53892.51,20190.0,55903.14,582.56,-1713.6,1798.87,899.95,0.0,0.98,0.96,0.0,0.02,0.0,-0.2,0.76,-0.4,-0.4,0.84,-0.7,-0.66,0.53,1.21,0.47,3,2016,-inf,-inf,-54.94
2016-06-30,7763.41,-34.5,0.0,,1021.2299999999998,264.97,1212.68,2.24,0.0,7498.44,-305.87999999999994,1839.36,2795.01,11504.19,17432.63,88550.2,110278.51,1571.45,2816.17,932.71,9989.74,44808.46,54798.2,20190.0,55474.14,606.54,-1229.7400000000002,112.33000000000015,947.71,0.0,0.82,0.99,0.0,0.02,0.0,-0.12343470483005367,0.6788908765652952,-0.24686940966010734,-0.24686940966010734,0.7251788908765653,-0.6,-0.56,0.58,1.75,0.59,6,2016,,-inf,-89.44
2016-09-30,7823.419999999998,-113.31,-0.00558865598027127,inf,701.1100000000001,123.58999999999997,1083.17,2.42,0.0,7699.830000000002,-715.8400000000001,2810.91,2564.09,11727.89,18618.03,90670.8,112419.35,2988.44,2784.39,3891.13,14403.02,42649.84,57052.86,20190.0,55360.37,716.8900000000001,-2326.58,1812.78,959.5799999999997,-108.25500838407908,0.88,1.03,-0.01,0.02,-2.0,-0.4023832305795314,1.2071496917385944,-0.8271210850801479,-0.8047664611590628,1.3412774352651047,-0.92,-0.85,0.47,1.29,0.48,9,2016,inf,20275.0,-202.75
2016-12-31,7666.890000000003,-318.55999999999995,-0.018332278298900842,-0.0033354434021983068,1993.1600000000003,-27.049999999999955,939.0899999999997,2.46,0.0,7693.93,729.2200000000001,3465.6,3014.78,11724.08,19549.2,92733.16,115534.27,5609.64,2214.33,3993.96,17068.95,43390.92,60459.87,20190.0,55068.41,26.210000000000036,-2691.74,3334.5899999999997,966.1400000000003,-33.54738510798594,0.9,1.1,-0.03,0.02,-0.67,-1.0999366979340508,1.2465949243252576,-2.32208858452744,-2.297645546795572,1.3932531507164643,-1.79,-1.65,0.34,1.15,0.46,12,2016,-57.95999999999998,17377.0,-521.31
2017-03-31,8500.18,211.26,0.01,0.02,1267.36,567.03,1208.73,2.62,0.0,7933.15,-163.5,13227.72,3072.26,10825.0,33165.58,72240.12,108773.1,4352.41,2447.32,6264.58,18720.8,36013.27,54734.07,20190.0,46749.34,2020.0,-7269.63,15004.52,641.7,65.5,1.13,1.17,0.01,0.02,2.0,0.76,2.08,1.8000000000000003,1.64,2.52,2.72,2.49,1.19,1.77,1.19,3,2017,422.52,21126.0,211.26
2017-06-30,7425.969999999999,-652.97,-0.029565552059043265,0.0008688958819134751,964.0000000000002,-271.30999999999995,376.1299999999999,2.28,0.0,7697.280000000001,-510.76,2804.38,2732.38,12197.58,25640.89,74321.2,103047.95,1273.12,3001.13,3772.13,13876.37,36223.35,50099.72,20190.0,45698.06,112.30999999999995,-3770.55,-6752.77,647.44,-19.27919353109637,1.01,1.1,-0.02,0.02,-1.0,-2.542637477077721,1.655670915306423,-5.735717099454393,-5.144406058273529,1.9513264358968558,-2.95,-2.77,0.33,1.85,0.97,6,2017,19.190000000000055,22085.5,-441.71
2017-09-30,7735.780000000001,-466.14000000000004,-0.0205381946356777,0.0005381946356776989,1145.65,149.5,814.78,2.24,0.0,7586.27,-296.57000000000005,2463.93,3010.79,12462.8,23966.71,75108.14,101985.74,625.55,2856.98,5764.17,14589.25,34987.29,49576.54,20190.0,45232.35,-23.549999999999727,283.46000000000095,-626.7700000000004,665.28,-27.266271935470026,1.0,1.1,-0.04,0.02,-0.5,-1.8278993225753153,0.8626041746984635,-4.128177121771217,-3.717413229057664,1.0474479264195629,-4.08,-3.84,0.34,1.64,0.79,9,2017,12.214999999999975,22696.25,-907.85
