,revenue,net_profit,eps,dps,gross_profit,ebit,ebitda,close_price,expense,operating_profit,cash,account_receivable,inventory,current_asset,property_plant_equipment,total_asset,short_term_loan,account_payable,current_liability,non_current_liability,total_liability,paid_in_capital,total_equity,cash_flow_operation,cash_flow_investment,cash_flow_financing,depreciation,P/E,P/BV,D/E,EPS,DPS,DPR%,ROA%,ROAA%,ROE%,ROAE%,ROCE%,NPM%,NPMA%,CurrentRatio,QuickRatio,month,year,dividend,number_of_shares,return_old
1999-12-31,,,,,,,,8.3,,,313.44,532.64,619.36,1538.84,259.4,5018.23,8.16,46.17,408.62,6.82,415.44,201.6,4602.78,,,,,,0.36,0.09,10.18,0.0,0.0,,,,,,22.91,19.48,3.77,2.25,12,1999,,20.155206286836936,205.18
2000-03-31,1987.48,348.61,17.29,5.0,349.08,426.51,476.13,7.35,1560.97,241.4,182.28,667.95,585.47,1494.89,238.34,4973.79,9.07,47.53,238.28,8.27,246.54,201.6,4727.24,45.34,-104.26,-46.82,49.62,0.1075,0.31,0.05,17.29,5.0,0.29,28.039999999999996,0.0,29.48,0.0,36.04,19.34,17.54,6.27,3.82,3,2000,100.81260844418739,20.16252168883748,348.61
2000-06-30,1014.8200000000002,62.00999999999999,3.0761864984657343,-0.0011028055333326345,179.84999999999997,114.46000000000004,138.95000000000005,7.1,900.3500000000001,59.98999999999998,136.53,678.98,603.91,1665.64,219.57,5065.26,1.61,49.69,258.06,9.49,267.55,201.6,4797.71,92.38,145.11,-108.23000000000002,24.490000000000002,0.5794105789388808,0.3,0.06,20.37,5.0,0.25,4.898944035848229,0.0,5.170772003312065,0.0,6.795699186595878,14.86,13.68,6.45,4.11,6,2000,-0.022230437314533447,20.15807560137457,410.62
2000-09-30,1181.37,208.63,10.349799919257165,-4.9111620724847144e-05,217.25,267.85,283.8399999999999,7.4,913.5299999999997,140.41000000000003,180.55,720.64,650.98,1843.25,214.33,5314.2,1.75,75.68,315.92,14.14,330.05,201.6,4984.15,111.25,-28.57,6.560000000000002,15.989999999999995,0.1780903992714375,0.3,0.07,30.72,5.0,0.16,15.699891804602343,0.0,16.737567056923698,0.0,21.804656600726684,16.23,14.8,5.83,3.77,9,2000,-0.0009899860395137239,20.157877604166668,619.25
2000-12-31,-3052.38,-455.26,-22.570057930361607,6.00324577956354,-574.92,-597.6400000000001,-676.1899999999999,7.5,-2454.73,-331.01,180.64,983.61,701.75,1936.44,210.83,5580.25,28.33,85.42,527.03,9.29,536.32,201.6,5043.92,-381.6,-121.51,170.22,-78.55,-0.08284870184070642,0.3,0.11,8.13,11.0,1.35,-32.64746386974815,-44.30727239465821,-36.0898835294835,-37.75557046161351,-46.41714250868955,15.91,14.5,3.67,2.34,12,2000,121.09130078605472,20.170971709717097,163.99
2001-03-31,2303.16,279.5,13.86,0.0,293.0,359.77,382.25,7.5,1943.39,171.53,273.71,375.61,660.53,1851.7,203.33,5535.9,34.9,45.94,361.7,9.49,371.19,201.6,5164.71,77.36,-111.98,-92.43,22.48,0.135,0.29,0.07,13.86,0.0,0.0,20.200000000000003,27.4,21.64,22.6,27.8,13.22,12.14,5.12,3.29,3,2001,0.0,20.165945165945168,279.5
2001-06-30,1235.8400000000001,139.58999999999997,6.92470853515951,0.0,179.95,188.76,199.35000000000002,11.1,1047.0799999999997,114.98999999999998,323.48,415.69,633.39,1944.63,209.48,5631.13,3.45,39.54,296.92,10.26,307.19,201.6,5323.95,88.23,-92.8,-30.669999999999987,10.59,0.39780374668672547,0.42,0.06,20.79,0.0,0.0,9.912425493330788,13.669554510964229,10.485321052757163,11.03157030709394,13.696200816053828,12.79,11.84,6.55,4.42,6,2001,0.0,20.15824915824916,419.09
2001-09-30,1045.6800000000003,186.79000000000002,9.264275929226912,0.0,141.87000000000006,217.46000000000004,226.0,11.0,828.21,91.90000000000003,783.59,269.74,706.74,2171.64,207.73,5593.3,6.99,32.47,229.14,9.73,238.86,201.6,5354.43,230.07000000000002,-165.38000000000002,3.0,8.54,0.3000369398790085,0.41,0.04,30.05,0.0,0.0,13.355355515943751,17.32619990757246,13.959614445104643,14.452887040338023,17.60983164983165,14.44,13.22,9.48,6.39,9,2001,0.0,20.162396006655573,605.88
2001-12-31,-3499.51,-485.73,-24.094471910112357,0.0,-532.8000000000001,-634.19,-665.9000000000001,10.9,-2865.2999999999997,-353.90000000000003,895.97,680.89,501.21,2222.56,198.32,5673.55,9.96,72.47,366.97,5.96,372.93,201.6,5300.62,-244.78000000000003,642.86,119.30999999999999,-31.71,-0.11316703724291273,0.41,0.07,5.96,0.0,0.0,-34.28206741573034,-37.8396404494382,-36.70768539325842,-37.516224719101125,-40.10355056179775,12.34,11.07,6.06,4.69,12,2001,0.0,20.159395973154364,120.15
2002-03-31,2202.94,284.39,14.11,7.000000000000001,270.8,331.9,351.65,11.8,1871.03,149.11,784.38,832.04,418.21,2176.12,191.52,5679.74,2.66,79.96,191.11,6.43,197.54,201.6,5482.2,178.23,7.56,-148.73,19.75,0.21,0.43,0.04,14.11,7.0,0.5,20.040000000000003,23.68,20.76,21.36,24.2,14.17,12.91,11.39,9.2,3,2002,141.0864635010631,20.15520907158044,284.39
2002-06-30,1143.9,245.14,12.161403131078503,0.0006960962118710191,247.45,295.46000000000004,305.02,12.7,848.45,190.65999999999997,937.97,854.62,513.22,2442.41,183.28,5990.8,37.83,81.56,235.09,4.25,239.34,201.6,5751.46,43.630000000000024,1.96,32.989999999999995,9.559999999999999,0.25921351064697723,0.45,0.04,26.27,7.0,0.27,16.369517118954544,19.998957566143563,17.054666591127983,17.70278095669745,20.18413309916341,17.55,15.82,10.39,8.21,6,2002,0.014031359995129833,20.157213551579748,529.53
2002-09-30,1161.63,295.32000000000005,14.65053573376978,0.00014275357397968902,285.36,379.51,387.4900000000001,15.8,782.1199999999999,222.62,1373.75,680.89,549.42,2673.36,188.48,6350.45,1.81,84.87,276.21,7.02,283.23,201.6,6067.22,432.15999999999997,135.26,-33.239999999999995,7.98,0.272324512393336,0.52,0.05,40.92,7.0,0.17,18.603172940534648,24.14545771958538,19.47676304782688,20.679739589016187,23.744465539188944,20.4,18.3,9.68,7.69,9,2002,0.002877572959363306,20.157624633431084,824.85
2002-12-31,-3327.6800000000003,-547.3,-27.153021077283366,-0.0005168020768220285,-540.14,-673.45,-702.5900000000001,20.0,-2654.23,-366.58,1464.59,804.71,555.96,2877.4,208.56,6698.99,11.79,86.07,508.62,5.58,514.19,201.6,6184.79,-543.55,-584.95,157.51999999999998,-29.14,-0.183833135391924,0.65,0.08,13.77,7.0,0.51,-32.654613583138165,-42.51409836065573,-35.41526932084309,-38.097049180327865,-42.51409836065573,26.62,23.51,5.66,4.56,12,2002,-0.010416733218733043,20.15613652868555,277.55
2003-03-31,2353.52,539.17,26.74,8.0,551.16,668.14,683.65,22.4,1685.39,419.07,1303.54,824.74,515.01,2835.48,253.36,6744.54,11.86,81.26,293.4,5.85,299.25,201.6,6445.29,259.06,-738.92,-152.35,15.51,0.21,0.7,0.05,26.74,8.0,0.3,31.96,43.04,33.48,36.16,41.44,25.57,22.91,9.66,7.91,3,2003,161.30740463724757,20.163425579655947,539.17
2003-06-30,1206.8400000000001,300.95000000000005,14.927137194686475,-0.0008564862568518854,326.2800000000001,389.57000000000005,399.2500000000001,29.6,817.26,263.89000000000004,540.88,782.36,607.23,3027.66,270.26,7077.18,0.74,85.76,242.3,5.27,247.57,201.6,6829.61,111.08999999999997,222.94999999999993,-11.700000000000017,9.680000000000001,0.4955019106163814,0.87,0.04,41.67,8.0,0.19,17.008410703232872,23.19849783364282,17.624553635194975,19.143417607008523,22.181145550635627,26.35,23.6,12.5,9.99,6,2003,-0.017267848190698487,20.16126709863211,840.12
2003-09-30,1242.94,139.12,6.900308810914586,5.9286952645276745e-05,187.3599999999999,194.77999999999997,205.83999999999992,42.8,1048.17,96.78999999999996,568.86,772.68,575.44,3209.23,312.78,7383.7,1.9,95.84,295.08,99.2,394.28,201.6,6989.42,243.46000000000004,-215.75,0.27000000000001023,11.059999999999999,1.5485393904542841,1.23,0.06,48.57,8.0,0.16,7.5353588497201915,10.365380499162614,7.961566929455497,8.524161594706099,10.041462358563786,22.77,20.39,10.88,8.93,9,2003,0.0011953089460234878,20.161416512250362,979.24
2003-12-31,-3566.75,-790.52,-39.207647308181436,9.00038751357934,-853.4,-1021.73,-1044.16,39.8,-2545.0200000000004,-640.79,1803.54,810.94,435.36,3370.02,306.84,7717.6,0.58,75.67,508.89,99.38,608.27,201.6,7109.33,-325.78000000000003,674.7,162.65,-22.43,-0.25364949653392704,1.13,0.09,9.36,17.0,1.82,-41.050741839762615,-53.61729546417975,-44.40182280627384,-47.58534972445951,-53.61729546417975,16.49,15.26,6.62,5.77,12,2003,181.46935166268088,20.162393162393162,188.72
2004-03-31,2464.76,478.36,23.73,0.0,530.36,599.45,627.56,34.2,1865.31,394.3,389.76,643.92,755.37,3346.84,301.39,7773.92,2.79,79.69,275.68,99.42,375.1,201.6,7398.82,286.39,-286.5,-178.98,28.11,0.36,0.93,0.05,23.73,0.0,0.0,24.6,33.04,25.88,27.64,31.96,21.19,19.41,12.14,9.4,3,2004,0.0,20.158449220396122,478.36
2004-06-30,1456.2399999999998,408.28999999999996,20.25217864997462,0.0,443.62,530.8499999999999,545.53,32.0,925.4000000000001,370.8,678.95,860.89,725.27,3417.12,294.48,8135.9,1.82,70.69,261.48,97.33,358.82,201.6,7777.08,113.98000000000002,176.94,-1.740000000000009,14.68,0.3963203237894634,0.83,0.05,43.98,0.0,0.0,20.07719393221677,27.371293746123044,20.99816613094231,22.36120498505611,26.431902103422996,24.94,22.61,13.07,10.29,6,2004,0.0,20.16030013642565,886.65
2004-09-30,1589.7299999999996,369.86,18.347147097914064,0.0,428.30999999999995,493.1100000000001,507.59000000000015,31.0,1096.6100000000001,342.57000000000005,1053.87,1246.3,648.3,3852.75,289.37,8743.93,6.24,65.09,421.0,108.51,529.51,201.6,8214.42,103.25,263.32,8.349999999999994,14.480000000000004,0.4246573027632077,0.76,0.06,62.33,0.0,0.0,16.919525351966957,23.701464532713626,18.014525948858346,19.46275254474696,22.97146413478604,25.16,22.8,9.15,7.61,9,2004,0.0,20.158992459489813,1256.51
2004-12-31,-3900.7299999999996,-815.29,-40.44852477222247,0.0,-1012.3799999999999,-1103.13,-1145.5,35.4,-2797.6000000000004,-792.4000000000001,1302.59,1016.09,775.27,4013.66,277.95,9260.36,1.15,76.96,692.39,106.77,799.17,201.6,8461.2,-85.54000000000002,-316.65999999999997,165.91,-42.370000000000005,-0.21917857449496503,0.84,0.09,21.89,0.0,0.0,-35.18227097593037,-45.30826073160781,-38.50832600516749,-41.908293368387646,-44.86478672770953,32.04,27.4,5.8,4.68,12,2004,0.0,20.15623572407492,441.22
2005-03-31,3133.62,815.14,40.43,11.0,734.67,980.76,1010.49,36.0,2152.87,580.74,1614.41,832.0,701.04,3872.94,278.1,9254.45,5.34,84.21,346.83,101.33,448.16,201.6,8806.29,762.32,23.83,-225.61,29.73,0.2225,0.82,0.05,40.43,11.0,0.27,35.24,46.08,37.04,40.24,44.04,30.06,26.01,11.17,9.15,3,2005,221.7793717536483,20.16176106851348,815.14
2005-06-30,1419.0900000000001,385.56000000000006,19.125471474972937,-0.001232099314810652,276.69000000000005,471.4200000000001,486.23,36.0,947.6700000000001,210.15999999999997,1433.33,714.7,756.4,4053.58,305.69,9577.28,1.93,107.56,296.65,102.29,398.94,201.6,9178.34,218.28999999999996,-397.32,-2.059999999999974,14.809999999999999,0.4671257391845626,0.79,0.04,59.56,11.0,0.18,16.107012242858335,21.0649920879487,16.80061564087616,18.187822436911805,20.10165403514617,30.86,26.37,13.66,11.11,6,2005,-0.02483850986052971,20.159503022162525,1200.7
2005-09-30,1694.5699999999997,330.8499999999999,16.41126603767425,0.00023382159867014625,223.39999999999998,387.8299999999999,404.3499999999999,37.6,1306.7399999999998,127.68000000000006,1153.5,811.93,579.0,4202.82,354.62,10060.67,2.52,108.47,371.98,114.25,486.24,201.6,9574.43,270.2900000000001,-553.81,3.7099999999999795,16.520000000000003,0.567069291219586,0.79,0.05,75.97,11.0,0.14,13.151479220397633,16.91027912898697,13.825470928144687,14.879663086415716,16.409105807841726,28.76,24.52,11.3,9.74,9,2005,0.004713827424552619,20.15993155192839,1531.55
2005-12-31,-4820.049999999999,-1300.1299999999999,-64.49525710828796,-0.0007611977249919326,-927.72,-1541.55,-1584.3799999999999,42.0,-3278.5,-696.9200000000001,2662.06,843.08,492.93,4931.91,370.22,10319.73,0.43,98.23,390.46,111.33,501.8,201.6,9817.93,-944.2,2134.16,218.95000000000002,-42.83,-0.16286779014406252,0.86,0.05,11.48,11.0,0.96,-50.33776164549304,-68.54025581194365,-53.03442744793017,-56.85470400138276,-67.64136721113127,17.14,16.21,12.63,11.37,12,2005,-0.015344632187947127,20.15853658536585,231.42
2006-03-31,2882.68,518.36,2.57,12.000000000000002,611.68,659.85,694.7,36.0,2222.83,450.29,2984.51,883.92,561.41,4822.99,396.93,10532.22,4.31,109.63,364.87,112.66,477.53,201.6,10054.69,336.95,1734.97,-240.91,34.85,3.5025,0.72,0.05,2.57,12.0,4.67,19.68,26.68,20.64,22.0,25.96,19.61,17.98,13.22,11.68,3,2006,2420.357976653697,201.69649805447472,518.36
2006-06-30,1435.44,253.47000000000003,1.2577771011751293,-0.010379294123910802,289.55000000000007,333.11,356.29999999999995,34.5,1102.33,216.88999999999993,3021.66,824.14,541.44,4866.72,477.81,10597.26,1.06,117.97,309.68,110.95,420.64,201.6,10176.62,92.88,-51.83999999999992,-3.9099999999999966,23.189999999999998,6.858985580147551,0.68,0.04,3.83,12.0,3.13,9.563046784913777,12.925876423564777,9.957128383193192,10.48257051423241,12.676291411321147,19.48,17.87,15.72,13.97,6,2006,-2.0916581158376175,201.52219321148826,771.83
2006-09-30,1638.42,389.64,1.9323154278629666,0.00725460427039245,300.9000000000001,475.43000000000006,498.3900000000001,34.0,1162.9899999999998,224.59000000000003,1713.58,669.72,543.6,4726.11,967.21,11392.81,5.49,151.38,464.74,117.73,582.46,201.6,10810.34,522.02,-1833.0600000000002,2.969999999999999,22.96,4.396797685042604,0.63,0.05,5.76,12.0,2.08,13.673815423558077,18.370415421836118,14.411852566144626,15.297497137248488,18.03494399338769,21.75,19.5,10.17,9.0,9,2006,1.4628481288077637,201.64409722222223,1161.47
2006-12-31,-4220.02,-702.4300000000001,-3.4888907284768207,-0.018522350993376728,-861.7500000000001,-910.9000000000001,-969.3800000000001,35.0,-3309.12,-626.41,1574.77,717.82,649.16,4184.08,1516.33,12041.62,13.91,221.11,576.61,113.02,689.63,201.6,11351.98,-773.09,-172.7,246.91,-58.480000000000004,-2.5078171490397616,0.62,0.06,2.28,12.0,5.26,-23.320480132450335,-30.54309602649007,-24.728278145695366,-26.56453642384106,-29.74738410596027,32.37,26.43,7.26,6.13,12,2006,-3.729166666666515,201.33333333333337,459.04
2007-03-31,3627.52,949.2,4.71,1.1,720.24,1137.28,1187.56,35.0,2490.24,564.6,1004.38,931.18,818.56,4039.67,1577.24,12151.59,1.72,169.15,466.84,113.87,580.72,201.6,11570.87,87.61,-570.46,-226.35,50.28,1.8575000000000002,0.61,0.05,4.71,1.1,0.23,31.239999999999995,40.12,32.8,35.12,38.92,31.49,26.17,8.65,6.9,3,2007,221.68152866242042,201.52866242038218,949.2
2007-06-30,2195.28,651.5899999999999,3.2319196146902462,0.0004483176558960654,578.0899999999999,773.5799999999999,826.21,46.5,1421.7000000000003,486.7399999999999,2199.54,1002.84,785.03,4335.57,1787.98,13070.1,22.13,193.71,480.47,114.35,594.82,201.6,12475.27,335.71999999999997,838.54,20.889999999999986,52.629999999999995,3.5991303580472387,0.75,0.05,7.94,1.1,0.14,19.945095858919657,26.294963111963465,20.889435091423607,23.006057509104878,24.715637154155132,32.47,27.49,9.02,7.39,6,2007,0.0903856952621993,201.61083123425692,1600.79
2007-09-30,2626.5099999999993,888.5799999999999,4.408329416679722,-0.00023144101414423896,866.0999999999999,1045.51,1100.5,49.75,1580.9900000000002,753.73,2327.63,1125.57,813.22,4848.48,1930.37,14412.65,3.72,195.15,646.2,122.55,768.74,201.6,13643.91,707.27,-563.8,-15.379999999999995,54.99000000000001,2.8225261372076798,0.74,0.06,12.35,1.1,0.09,24.658088753379367,32.71087512101455,26.05733177470605,29.069987667562472,30.669122549078686,34.27,29.46,7.5,6.24,9,2007,-0.04665119978787402,201.56842105263158,2489.37
2007-12-31,-5745.25,-1603.46,-7.945716156268695,0.0012722451906426204,-1168.3899999999999,-1900.4199999999998,-2002.2,76.0,-3844.8200000000006,-926.2099999999999,2382.07,1183.3,988.44,5476.1,2355.67,15639.3,170.96,218.68,959.86,120.86,1080.72,201.6,14558.58,-376.7099999999999,-570.31,387.40999999999997,-101.78,-2.3909392968954633,1.05,0.07,4.39,1.1,0.25,-40.97745188563172,-55.239921888227926,-44.09057985574156,-49.52045422221219,-52.054395593231824,35.38,32.76,5.71,4.68,12,2007,0.2567413979139417,201.80182232346243,885.91
2008-03-31,5218.22,1501.05,7.45,1.6,1721.9,1794.75,1905.01,70.5,3423.47,1499.02,1350.28,1179.16,1157.32,4459.36,3208.66,15343.8,1.63,398.44,819.0,119.85,938.85,201.6,14404.96,1024.22,-1677.86,-323.72,110.26,2.365,0.99,0.07,7.45,1.6,0.21,39.12,52.2,41.68,46.24,49.44,31.73,28.77,5.44,4.03,3,2008,322.37315436241613,201.48322147651007,1501.05
2008-06-30,2458.21,654.95,3.2474097866419296,0.0015913635741056167,386.71000000000004,742.94,795.1899999999998,58.0,1715.27,245.05999999999995,886.75,1098.94,1403.98,4499.22,3599.32,15841.4,299.96,309.48,835.21,120.55,955.76,201.6,14885.63,-74.79000000000008,-519.4600000000003,300.73,52.249999999999986,4.4686922665852356,0.79,0.06,10.69,1.6,0.15,16.537791280148422,21.32536641929499,17.594946196660484,19.15030055658627,20.547689239332097,31.58,28.09,5.39,3.71,6,2008,0.3209522793051178,201.68381665107577,2156.0
2008-09-30,2404.2199999999993,77.48000000000002,0.38436807135053824,-0.0008429453544562893,-200.49000000000024,55.48999999999978,128.82000000000016,45.0,2348.7300000000005,-342.3399999999999,442.7,985.07,1364.94,3283.34,3890.81,15763.9,7.4,491.35,760.8,126.15,886.95,201.6,14876.95,222.73000000000013,-373.4199999999996,-293.36,73.33000000000001,29.258933918430554,0.61,0.06,11.08,1.6,0.14,1.9662438884610567,2.385302218958756,2.082803159195516,2.172997832978133,2.3977907122517332,25.17,22.16,4.32,2.52,9,2008,-0.16991891608944343,201.57761732851986,2233.48
2008-12-31,-8889.039999999999,-3028.45,-15.00948840836761,1.301517919369298,-1960.11,-3386.8199999999997,-3501.54,28.0,-5502.22,-1523.73,875.15,575.58,1101.23,2644.04,3963.03,14391.57,0.78,207.4,350.92,123.79,474.71,201.6,13916.86,-775.3100000000001,2614.6499999999996,308.05,-114.72,-0.46659485050108146,0.41,0.03,-3.94,2.9,-0.74,-84.11408732404995,-80.60933368554787,-87.00931859063863,-85.02837088192007,-86.09503503276854,-68.09,-66.71,7.53,4.4,12,2008,262.60601532005353,201.76903553299493,-794.97
2009-03-31,2374.88,-913.61,-4.53,0.0,-195.92,-862.13,-621.29,23.4,3237.01,-330.66,566.55,696.78,946.53,2281.53,3936.16,14202.66,1.21,345.71,452.71,120.51,573.22,201.6,13629.43,440.74,-48.93,-267.95,240.84,-1.2925,0.35,0.04,-4.53,0.0,0.0,-25.72,-23.36,-26.8,-26.08,-25.08,-39.38,-38.47,5.04,2.95,3,2009,0.0,201.67991169977924,-913.61
2009-06-30,1704.6599999999999,411.11,2.037142089552239,0.0,252.69,411.36,546.87,30.25,1293.3000000000002,176.44000000000003,750.0,821.94,736.0,2390.49,3881.43,14667.79,1.96,218.35,344.5,121.74,466.23,201.6,14201.56,312.78999999999996,-131.82,2.4699999999999704,135.51000000000002,3.71273807496777,0.43,0.03,-2.49,0.0,0.0,11.22473472636816,9.653926368159205,11.584711641791046,11.32291024875622,10.308429850746268,-12.5,-12.32,6.94,4.8,6,2009,0.0,201.80722891566262,-502.5
2009-09-30,2235.45,965.15,4.777247379228358,0.0,731.07,965.4,1104.0600000000002,36.0,1270.0499999999993,650.54,1139.8,1154.98,894.75,3270.87,3798.06,16001.38,5.98,375.91,549.92,129.98,679.9,201.6,15321.48,511.3299999999999,-128.8,7.270000000000039,138.65999999999997,1.8838672745169145,0.47,0.04,2.29,0.0,0.0,24.115711661082894,27.036299578515077,25.200501458986277,25.53428293526424,27.787307900140494,7.44,7.33,5.95,4.32,9,2009,0.0,202.03056768558952,462.65
2009-12-31,-3551.2599999999998,544.44,2.703035478457735,1.0,39.99000000000001,575.2299999999999,198.7099999999998,48.0,-4126.5,240.91000000000003,1523.53,1158.5,1005.23,4015.58,3726.36,16992.57,0.0,347.4,590.98,129.12,720.1,201.6,16272.47,-567.9699999999999,4.900000000000034,249.70999999999998,-376.52,4.439453383292925,0.59,0.04,5.0,1.0,0.2,12.823200309803495,15.028877260225006,13.385431689322703,14.423397313050474,14.358524461567487,41.87,36.44,6.79,5.09,12,2009,201.418,201.418,1007.09
2010-03-31,5861.97,1989.79,9.87,0.0,1667.27,2156.42,2430.99,73.0,3705.55,1461.56,1315.54,1445.68,1276.92,4684.64,3643.49,17924.74,8.74,336.53,682.98,125.29,808.27,201.6,17116.48,1010.59,-631.57,-203.27,274.57,1.85,0.86,0.05,9.87,0.0,0.0,44.4,53.68,46.48,51.76,50.04,38.6,33.94,6.86,4.99,3,2010,0.0,201.59979736575482,1989.79
2010-06-30,2942.0999999999995,748.4499999999998,3.7118554253827267,0.0,685.4499999999998,857.7799999999997,999.19,70.25,2084.3099999999995,576.1300000000001,2131.02,1303.54,1511.84,5350.08,3564.06,18421.26,0.0,393.18,710.77,123.73,834.5,201.6,17586.76,736.58,88.38,-9.48999999999998,141.41000000000003,4.728672857238293,0.81,0.05,13.58,0.0,0.0,16.246884129952083,19.920473004557667,17.023148445716952,18.838076282575667,18.608476977912815,35.06,31.1,7.53,5.4,6,2010,0.0,201.63770250368188,2738.24
2010-09-30,2665.870000000001,303.09000000000015,1.5038250041922454,0.0,366.44000000000005,352.6600000000003,495.03999999999996,81.5,2313.2200000000003,213.01999999999998,2639.89,1166.02,1711.04,6095.94,3481.17,19354.38,273.47,544.7,1170.87,113.09,1283.96,201.6,18070.42,454.67999999999984,-207.68999999999994,261.89,142.38,13.546456498069874,0.91,0.07,15.09,0.0,0.0,6.262449520440073,7.593867814410147,6.708913139974948,7.263006382076266,7.382594851594536,29.45,26.52,5.21,3.74,9,2010,0.0,201.54605699138503,3041.33
2010-12-31,-8341.490000000002,-2397.1,-11.906803470810114,0.0,-2128.58,-2612.11,-3022.2999999999997,75.0,-5729.38,-1776.42,3558.22,1171.71,1710.37,6914.02,3400.74,20339.81,275.68,822.24,1497.35,114.58,1611.92,201.6,18727.88,-1219.36,681.42,-43.82,-410.19000000000005,-1.5748979183179677,0.81,0.09,3.2,0.0,0.0,-47.18070875308507,-60.12935752759107,-51.19925492448348,-54.77129596572653,-59.68285239743569,22.67,20.59,4.62,3.48,12,2010,0.0,201.321875,644.23
2011-03-31,7079.45,1858.64,9.22,1.75,1874.06,2205.28,2493.12,71.0,4874.18,1630.8,4034.96,1477.06,1628.32,7607.2,3292.68,21225.01,369.12,559.83,1452.95,109.35,1562.3,201.6,19662.71,1738.08,-86.41,-256.6,287.84,1.9249999999999998,0.73,0.08,9.22,1.75,0.19,35.04,45.08,37.8,40.44,44.6,28.63,26.25,5.24,4.11,3,2011,352.77874186550974,201.587852494577,1858.64
2011-06-30,3511.0299999999997,1208.8,5.997814464178598,-0.00041482512879080437,958.1199999999999,1379.9199999999996,1531.25,80.25,2131.0999999999995,821.3799999999999,2932.9,1284.81,1905.61,6435.03,3185.92,22196.22,415.04,385.16,1236.66,108.28,1344.94,201.6,20851.28,623.9500000000003,-1768.12,42.110000000000014,151.33000000000004,3.3432761416280607,0.78,0.06,15.22,1.75,0.11,21.784440445452883,27.821662363404005,23.187345799754844,25.157718488381192,26.970461361917426,32.5,28.96,5.2,3.66,6,2011,-0.08360388916281636,201.54007884362682,3067.44
2011-09-30,2599.49,-234.61000000000013,-1.1635962976952383,0.0007362995422687855,94.38000000000011,-252.32999999999993,-102.26999999999998,73.0,2851.830000000001,-28.81999999999971,3032.78,1358.14,1867.3,6855.1,3127.68,22179.4,568.52,532.83,1553.14,109.66,1662.8,201.6,20516.6,297.55999999999995,-349.1099999999999,151.43,150.06,-15.697024849750642,0.72,0.08,14.05,1.75,0.12,-4.230355792617279,-5.316931125411694,-4.574879678625265,-4.863087160189637,-5.3533711518163845,23.12,21.48,4.41,3.21,9,2011,0.14845632970286715,201.62491103202845,2832.83
2011-12-31,-10678.609999999999,-2846.5499999999997,-14.523214285714284,2.4497775800711743,-2746.23,-3310.97,-3751.8599999999997,71.0,-7367.640000000001,-2372.56,2547.48,1139.43,2624.0,7242.16,3060.16,22763.92,665.77,1729.2,2714.62,143.07,2857.69,201.6,19906.23,-2401.5600000000004,1366.6699999999998,156.71,-440.89,-1.2221864010820118,0.72,0.14,-0.07,4.25,-60.71,-49.793877551020394,82.98979591836734,-58.09285714285714,-58.09285714285714,91.28877551020408,-0.56,-0.55,2.67,1.7,12,2011,480.1564056939502,196.0,-13.72
2012-03-31,5553.86,257.7,1.28,0.0,316.31,293.16,586.49,65.5,5260.7,27.89,1134.94,1319.21,1755.29,5942.7,2993.09,21633.72,574.8,570.39,1210.39,130.99,1341.38,201.6,20292.35,294.03,-1696.44,-495.42,293.33,12.7925,0.65,0.07,1.28,0.0,0.0,4.76,5.48,5.08,5.16,5.76,4.87,4.64,4.91,3.46,3,2012,0.0,201.328125,257.7
2012-06-30,-3020.2,-127.44,-0.6359281437125749,0.37,24.850000000000023,-91.59000000000003,-291.73,57.75,-2928.6099999999997,173.95999999999998,1209.07,1096.07,1710.72,6079.93,3023.93,22018.99,677.64,714.43,1564.63,130.67,1695.3,201.6,20323.68,574.65,805.8900000000001,591.4200000000001,-200.14,-22.7040195386064,0.57,0.08,0.65,0.37,0.57,-2.30890833717181,-3.5611976047904195,-2.504578535237218,-2.4654444956241366,-3.874269921695072,5.2,5.14,3.89,2.79,6,2012,74.148,200.39999999999998,130.26
2012-09-30,2794.55,311.22,1.543833922261484,0.0021823865180756073,293.7699999999999,291.57,383.25,54.75,2502.9799999999996,48.43000000000001,656.44,1137.17,1734.54,6439.98,3837.76,23622.29,545.03,1572.19,2531.94,176.54,2708.48,201.6,20831.96,880.3000000000001,-1653.39,221.64,91.68,8.865914786967418,0.53,0.13,2.19,0.37,0.17,5.273003533568906,6.062544169611307,5.977950530035336,6.034346289752651,6.598303886925795,8.68,8.29,2.54,1.86,9,2012,0.4399452054794608,201.58904109589042,441.48
2012-12-31,2919.04,-271.28000000000003,-1.3388672150411283,0.0018808814770696388,343.6500000000001,-378.12,-276.33,50.5,3297.16,-294.99,470.61,1676.14,2790.95,7518.47,3858.45,24686.22,1620.78,1690.44,3371.26,487.41,3858.67,201.6,20519.44,-1819.35,173.70000000000027,1463.02,101.79000000000002,-9.429762606900617,0.5,0.19,0.84,0.37,0.44,-4.399135135135136,-3.0602679200940073,-5.291713278495887,-5.355468860164514,-3.4428014101057585,2.12,2.06,2.23,1.4,12,2012,0.38110241356815777,202.61904761904762,170.2
2013-03-31,12083.12,-20.63,-0.1,0.0,579.85,-210.69,209.43,44.25,12293.81,-435.54,401.5,2170.18,2760.78,7313.16,3812.56,24091.18,2145.82,1116.73,3495.19,387.67,3882.86,201.6,20007.61,-1177.21,-2047.04,2517.43,420.12,-110.625,0.45,0.19,-0.1,0.0,0.0,-0.35999999999999993,-3.6800000000000006,-0.4,-0.4,-4.08,-0.18,-0.17,2.09,1.3,3,2013,0.0,206.29999999999998,-20.63
2013-06-30,-8461.560000000001,-189.08,-0.9376910972295075,1.17,-356.37,-70.68,-385.8,36.0,-8390.89,220.82000000000002,429.87,2227.43,2823.25,7971.86,3772.67,24902.06,2627.27,1199.34,4005.58,789.23,4794.82,201.6,19925.42,1292.08,1279.69,-1842.4099999999999,-315.12,-9.599323302305901,0.36,0.24,-1.04,1.17,-1.13,-3.0294635448953318,-4.327805064136188,-3.786829431119165,-3.75076438891803,-4.868780697153212,-5.83,-5.79,1.99,1.29,6,2013,235.92374999999998,201.64423076923077,-209.71
2013-09-30,4059.27,79.05000000000001,0.39325348232052665,-0.0036601676105924986,295.46000000000004,47.31999999999999,157.86,30.75,4011.96,-212.02,853.76,1643.27,2757.62,7566.68,3843.1,24906.12,3081.71,914.45,4075.84,804.54,4880.38,201.6,19841.83,118.35999999999999,13.100000000000023,286.03999999999996,110.53999999999999,19.549413662239086,0.31,0.25,-0.65,1.17,-1.8,1.2584111434256853,2.323220572478188,1.5972141435787544,1.5488137149854588,2.710424001224553,-1.76,-1.7,1.86,1.18,9,2013,-0.7357500000000243,201.0153846153846,-130.66
2013-12-31,1982.1800000000003,-383.9200000000001,-1.9025146721598196,0.004526409887675747,-80.01000000000005,-599.01,-493.84000000000003,28.75,2581.1899999999996,-496.63,371.28,794.48,2763.01,5553.32,3803.7,23708.91,2377.94,695.62,3171.43,827.92,3999.35,201.6,19629.8,115.45000000000002,71.11000000000001,-663.1199999999999,105.16999999999999,-3.7763834913523646,0.3,0.2,-2.55,1.17,-0.46,-6.4760107271949945,-10.266118387811419,-7.81896226048428,-7.639902056045708,-12.116407167009989,-5.5,-5.33,1.75,0.88,12,2013,0.9134117647059554,201.7960784313726,-514.58
2014-03-31,12076.07,-967.01,-4.8,0.0,375.89,-1417.38,-985.07,33.75,13493.45,-1382.89,463.24,1689.6,2925.41,5961.89,3849.27,23960.5,2595.97,1212.61,3898.09,823.11,4721.19,201.6,19201.79,-383.12,-140.02,587.17,432.31,-1.7575,0.35,0.25,-4.8,0.0,0.0,-16.16,-23.6,-20.16,-19.72,-28.24,-8.23,-8.01,1.53,0.78,3,2014,0.0,201.46041666666667,-967.01
2014-06-30,-8346.93,576.97,2.8549689775407647,0.2,-150.25,927.71,603.0500000000001,34.25,-9274.650000000001,1158.7800000000002,850.94,2007.51,2883.84,6986.02,3819.3,24854.35,3575.54,963.98,4635.5,1326.71,5962.21,201.6,18894.06,-430.87,-238.68999999999997,986.0500000000001,-324.65999999999997,2.999813681820545,0.37,0.32,-1.93,0.2,-0.1,9.289743616039381,11.656557276176802,12.189090349707723,11.893238642190543,14.319222643831402,-10.51,-10.46,1.51,0.88,6,2014,40.41865284974094,202.09326424870468,-390.04
2014-09-30,3643.3700000000003,-173.29000000000002,-0.8582520014911331,-0.0001811397418514886,58.900000000000034,-238.08999999999997,-131.09000000000003,31.75,3881.4700000000003,-356.4,642.21,1919.59,2954.38,6674.48,3933.4,24657.9,3862.62,996.94,4924.09,1292.16,6216.25,201.6,18495.48,-153.26999999999998,-282.56,237.83999999999992,107.0,-9.248507415315366,0.35,0.34,-2.79,0.2,-0.07,-2.805468908100048,-3.617578328865851,-3.752929898993485,-3.617578328865851,-4.540429943372446,-7.7,-7.64,1.36,0.76,9,2014,-0.036573996694336586,201.91039426523298,-563.33
2014-12-31,3676.16,-453.0,-2.2464357049383565,-0.0002555050223400521,47.06,-545.0699999999999,-434.31999999999994,26.0,4221.23,-397.91999999999996,458.91,1764.54,2795.02,6365.14,4070.98,24063.26,4062.71,956.18,5089.82,1268.66,6358.48,201.6,17792.13,24.289999999999964,-460.21000000000004,251.0,110.74999999999997,-2.894184768211921,0.29,0.36,-5.04,0.2,-0.04,-7.523776726063384,-9.50277960898527,-10.180276091426997,-9.68106815699625,-11.963161571536803,-9.29,-9.2,1.25,0.7,12,2014,-0.05152329749104467,201.65277777777777,-1016.33
2015-03-31,14595.07,-1356.8,-6.7299999999999995,0.0,650.12,-1511.62,-1063.84,26.25,16106.69,-1027.29,289.02,1697.76,2687.35,6131.33,4088.3,23549.65,4146.67,908.01,5114.69,1198.97,6313.66,201.6,17277.92,-656.33,-1669.95,2165.72,447.78,-0.975,0.31,0.37,-6.73,0.0,0.0,-23.04,-25.44,-31.4,-29.76,-32.8,-9.4,-9.3,1.2,0.67,3,2015,0.0,201.60475482912332,-1356.8
2015-06-30,-12196.24,1577.27,7.797996552818978,0.05,-530.56,1745.77,1392.37,24.7,-13942.01,1029.73,186.68,1014.82,1355.92,4515.5,3319.78,21474.89,2630.98,750.96,3417.5,380.96,3798.45,201.6,17676.43,827.6,1054.6100000000001,-1823.9999999999998,-353.4,0.7918508245259214,0.28,0.21,1.09,0.05,0.05,29.474996144600173,28.902666122374924,35.77062638907788,34.625966344627386,37.201451444640995,10.17,9.19,1.32,0.92,6,2015,10.113302752293578,202.26605504587155,220.47
2015-09-30,2336.8,374.44999999999993,1.856766455994083,-0.00014832770669343553,323.74,428.0,523.28,25.25,1908.79,215.35,285.74,1030.67,1601.47,4237.58,3369.53,21559.42,2094.72,859.53,2983.26,390.43,3373.69,201.6,18185.73,211.50999999999996,430.77000000000004,-543.22,95.28,3.3999967952997734,0.28,0.19,2.95,0.05,0.02,6.948712431923618,7.225653869427822,8.232713642170376,8.157184159214683,8.962831977408726,13.86,12.56,1.42,0.88,9,2015,-0.02991292178510463,201.66779661016946,594.92
2015-12-31,2713.6499999999996,497.63,2.4686784128872823,-2.239978157147726e-05,408.34999999999997,566.4599999999999,661.3800000000001,31.0,2147.2000000000003,301.94000000000005,22.38,1013.55,1761.0,3737.56,3367.77,21249.23,1343.47,777.63,2160.58,400.81,2561.39,201.6,18687.84,138.41000000000008,347.52,-749.28,94.91999999999999,3.1395745835259126,0.33,0.14,5.42,0.05,0.01,9.364580842982015,9.87471365154913,10.658131893277195,10.913198297560752,11.733054597043616,16.23,14.67,1.73,0.91,12,2015,-0.004515291763084406,201.57749077490774,1092.55
2016-03-31,10320.11,1385.53,6.87,0.0,1044.65,1546.2,1933.06,39.0,8773.91,600.48,5.44,1276.26,1735.15,3951.98,3422.54,21272.43,917.41,856.65,1807.24,410.29,2217.53,201.6,19054.9,722.5,467.61,-1473.7,386.86,1.42,0.41,0.12,6.87,0.0,0.0,26.040000000000003,27.6,29.08,30.52,31.76,15.02,13.43,2.19,1.23,3,2016,0.0,201.67831149927218,1385.53
2016-06-30,-7525.860000000001,-829.75,-4.1205333045449635,0.7,-712.8300000000002,-931.26,-1222.82,35.25,-6594.6,-383.32000000000005,581.02,1013.12,1483.76,3946.59,3312.48,21494.54,389.14,968.96,1424.92,439.54,1864.46,201.6,19630.08,463.04999999999995,-549.32,945.4300000000001,-291.56,-2.1383882494727326,0.36,0.09,2.76,0.7,0.25,-15.46692936053834,-17.07931195796898,-16.900158336032245,-17.79592644571593,-18.27366943754723,23.19,19.89,2.77,1.73,6,2016,140.9586956521739,201.3695652173913,555.78
2016-09-30,3003.6899999999996,633.56,3.142922965678444,0.000741331874967476,454.22999999999996,686.71,786.3799999999999,42.0,2316.98,332.98,301.27,1344.69,1273.34,4410.76,3274.44,22139.78,458.19,1028.37,1545.21,460.85,2006.06,201.6,20133.72,480.6400000000001,-702.5,-57.879999999999995,99.67,3.34147547193636,0.42,0.1,5.9,0.7,0.12,11.442370390300503,12.69953957657188,12.59299981502346,13.23223838431399,13.466625859720518,23.57,20.51,2.85,2.03,9,2016,0.14943994104640979,201.5830508474576,1189.34
2016-12-31,2414.6600000000008,459.35000000000014,2.2790718691809864,-0.0001101172158149861,397.05999999999995,513.77,613.3800000000001,41.0,1900.8900000000003,296.91999999999996,552.76,902.09,1513.14,4732.67,3257.24,22262.05,322.82,875.13,1276.54,438.84,1715.38,201.6,20546.67,485.84000000000015,-98.98000000000002,-135.37,99.60999999999999,4.4954484053553925,0.4,0.08,8.18,0.7,0.09,8.258152836494432,9.29460116820021,8.937973785247683,9.36146880250381,9.64008394543547,23.09,20.08,3.71,2.52,12,2016,-0.02219427292689602,201.5513447432763,1648.69
2017-03-31,10662.97,2325.31,11.53,0.0,1492.41,2509.44,2900.44,47.0,8153.53,1029.84,220.27,1111.39,1923.39,5425.83,3285.16,23550.33,443.39,1135.89,1651.0,519.95,2170.95,201.6,21379.37,2120.31,-1304.22,-601.25,391.0,1.02,0.44,0.1,11.53,0.0,0.0,39.48,44.8,43.52,46.0,45.84,25.61,21.81,3.29,2.12,3,2017,0.0,201.67476149176062,2325.31
2017-06-30,-10662.97,,,,-1492.41,-2509.44,-2809.86,43.5,-8153.53,-1029.84,617.24,1424.87,1675.62,6051.8,3231.94,24775.2,517.65,1292.23,1905.77,545.58,2451.34,201.6,22323.85,-1612.1299999999999,1130.69,663.57,-300.42,,0.39,0.11,,1.05,0.0,,,,,,,,3.18,2.3,6,2017,,,
2017-09-30,6206.53,,,,735.44,1489.67,1583.54,52.25,4716.86,429.82,426.81,1513.94,1545.64,6059.04,3174.47,24951.0,493.65,1165.12,1787.44,521.59,2309.03,201.6,22641.97,336.37999999999994,-290.11,-236.7,93.86999999999999,,0.47,0.1,6.96,1.05,0.15,,,,,,27.27,22.61,3.39,2.53,9,2017,,201.61637931034483,1403.25
