,revenue,net_profit,eps,dps,gross_profit,ebit,ebitda,close_price,allowance_doubtful_accounts,expense,operating_profit,cash,account_receivable,inventory,current_asset,property_plant_equipment,total_asset,short_term_loan,account_payable,current_portion_long_term_debt,current_liability,non_current_liability,total_liability,paid_in_capital,total_equity,cash_flow_operation,cash_flow_investment,cash_flow_financing,depreciation,P/E,P/BV,D/E,EPS,DPS,DPR%,ROA%,ROAA%,ROE%,ROAE%,ROCE%,NPM%,NPMA%,CurrentRatio,QuickRatio,month,year,dividend,number_of_shares,return_old
2000-03-31,6131.05,3293.56,1.48,0.0,3447.76,3373.73,4668.41,53.0,0.0,2757.32,1115.46,3581.63,439.49,759.92,13585.97,9018.14,107913.58,11.95,960.29,3386.26,8420.52,68127.3,76547.82,29250.0,30897.02,1016.9,1274.1,-1559.16,1294.68,8.9525,50.17,2.48,1.48,0.0,0.0,12.2,0.0,42.64,0.0,13.56,85.28,53.72,1.61,1.52,3,2000,0.0,2225.3783783783783,3293.56
2000-06-30,2884.2400000000007,-3427.4,-1.5364913329348475,0.0,-733.9100000000003,-2870.84,-384.6199999999999,41.5,0.0,5755.08,-87.42000000000007,649.58,5990.28,754.29,14523.6,67335.73,96778.16,0.0,1727.13,0.0,9047.34,69546.47,78593.81,29250.0,17704.73,-222.92999999999995,-1893.69,511.8000000000002,2486.2200000000003,-6.752429888545253,68.56,4.44,-0.06,0.0,0.0,-14.34058577405858,0.0,-77.84889420203228,0.0,58.386670651524206,-1.41,-1.48,1.61,1.52,6,2000,0.0,2230.666666666667,-133.84
2000-09-30,4615.299999999999,-4679.9,-2.1096658731049036,0.0,1284.31,252.56000000000006,2222.2200000000003,27.75,0.0,4362.74,443.09000000000015,893.65,5921.11,1039.89,13979.13,66044.01,93745.06,0.0,1450.59,0.0,7446.45,73576.56,81023.01,29250.0,12261.85,1528.09,209.40000000000003,-1242.11,1969.6600000000003,-3.288944988140772,66.2,6.61,-2.17,0.0,0.0,-19.949467150282317,0.0,-152.67369986746272,0.0,3.4221308172024245,-33.64,-35.32,1.88,1.74,9,2000,0.0,2218.3133640552996,-4813.74
2000-12-31,7124.060000000001,1505.5899999999997,0.787349636503786,0.0,1581.83,297.94000000000005,2290.699999999999,18.0,0.0,6826.119999999999,1078.2799999999997,1054.62,5834.25,875.72,13601.18,64262.6,88383.65,0.0,1700.68,0.0,6100.78,73655.99,79756.77,29250.0,8128.24,906.5799999999999,165.56,-937.7900000000004,1992.7599999999993,5.71283682808733,64.77,9.81,-1.73,0.0,0.0,6.808526336472045,-0.0,74.09278660278402,-0.0,-2.330190831733748,-17.06,-15.94,2.23,2.09,12,2000,0.0,1912.2254335260116,-3308.15
2001-03-31,4744.86,-1277.55,-0.65,0.0,1445.19,396.4,2326.61,19.0,0.0,4348.47,644.68,1158.25,5744.03,791.4,13848.48,62613.81,86439.45,0.0,1673.45,0.0,6024.05,73640.92,79664.97,29250.0,6277.45,1081.28,-596.2,-381.44,1930.21,-7.307500000000001,88.53,12.69,-0.65,0.0,0.0,-5.92,1.64,-81.4,-27.48,1.96,-25.64,-26.92,2.3,2.17,3,2001,0.0,1965.4615384615383,-1277.55
2001-06-30,4859.349999999999,-1371.1299999999999,-0.6988482942446804,0.0,1374.4299999999998,335.80000000000007,2276.03,18.75,0.0,4523.54,576.43,1096.27,5820.56,879.86,14474.79,62184.92,86257.88,0.0,1653.46,0.0,7522.62,73546.69,81069.31,29250.0,4702.17,1459.1699999999998,-1294.1399999999999,-227.02000000000004,1940.23,-6.708000918950063,116.63,17.24,-1.35,0.0,0.0,-6.35693115061087,1.6565292900614645,-116.64036863645288,-48.95044052131628,1.9257152996964526,-26.3,-27.58,1.92,1.81,6,2001,0.0,1961.985185185185,-2648.68
2001-09-30,5129.68,-520.8400000000001,-0.2727840177692522,0.0,1460.9099999999999,534.26,2545.7299999999996,9.2,0.0,4595.41,556.99,1164.46,6092.49,963.98,14573.66,61251.69,82940.5,0.0,1400.48,0.0,7610.39,73058.92,80669.31,29250.0,1809.34,789.4700000000003,-199.47000000000003,-521.71,2011.4699999999998,-8.428279702019813,148.73,44.58,-1.66,0.0,0.0,-2.5109275852495023,0.9399545672530858,-115.14772104293398,-29.61185542290316,1.1042822888008283,-20.84,-21.51,1.91,1.79,9,2001,0.0,1909.3493975903616,-3169.52
2001-12-31,5321.389999999999,-255.61000000000013,-0.13507636206508955,0.0,1429.79,-945.8100000000001,1162.4299999999994,10.2,0.0,6267.210000000001,-830.56,2684.26,5540.69,1113.38,16884.28,64032.66,86472.29,0.0,2584.8,0.0,10593.59,70983.67,81577.25,32325.0,4440.68,1149.1099999999997,690.3299999999999,-319.75,2108.24,-18.893757286491127,74.25,18.37,-1.81,0.0,0.0,-1.182104737630397,0.11044918003112296,-23.024176367028414,-16.26886570728703,0.12537474490019362,-16.6,-17.08,1.59,1.49,12,2001,0.0,1892.3370165745857,-3425.13
2002-03-31,6265.51,-6253.28,-2.54,0.0,1628.03,-447.82,1671.04,9.9,0.0,6713.33,482.08,2996.14,5657.52,1588.7,18139.85,63683.79,87097.06,0.0,2819.21,3963.26,12068.3,71685.3,83753.6,32325.0,2892.96,204.37,-1869.49,1977.0,2118.86,-0.975,110.62,28.95,-2.54,0.0,0.0,-28.719999999999995,-2.08,-864.64,-545.52,-2.4,-111.85,-99.8,1.5,1.37,3,2002,0.0,2461.9212598425197,-6253.28
2002-06-30,9298.88,1011.4200000000001,0.4264208124596994,0.0,1684.6299999999999,-2870.6,-703.5999999999999,6.7,0.0,12169.480000000001,203.47999999999996,2201.94,6163.26,1356.3,17733.76,65908.88,89684.93,0.0,2755.5,4781.83,14462.75,70861.92,85324.67,32325.0,3903.01,3002.62,-4984.14,1187.3200000000002,2166.9999999999995,3.9258754523343407,55.49,21.86,-2.21,0.0,0.0,4.5073258728771854,2.9096949556073612,103.65305902866542,94.02868340627182,3.4036484759226693,-42.9,-33.68,1.23,1.13,6,2002,0.0,2371.8823529411766,-5241.86
2002-09-30,5316.0,-1381.0700000000006,-0.5880505154063235,0.0,1684.17,4484.06,198.20000000000005,5.25,0.0,831.9399999999987,-35.18999999999994,1326.7,7079.5,1269.76,16897.36,63106.56,86821.78,0.0,2078.97,5217.15,12425.55,71423.72,83849.26,32325.0,2518.42,-822.1099999999997,570.5299999999997,-623.6600000000003,-4285.86,-2.2299104679704858,67.39,33.29,-2.82,0.0,0.0,-6.364291393688295,1.1427364625626428,-219.35535395965238,-255.29733510696937,1.3095593038126636,-35.36,-31.72,1.36,1.26,9,2002,0.0,2348.5567375886526,-6622.93
2002-12-31,11186.45,1228.4800000000005,0.5328890248310766,0.0,1368.8500000000004,-2209.59,7070.089999999999,4.6,0.0,13396.04,-477.71000000000004,3135.7,7152.4,1184.28,18898.86,66870.64,93247.03,0.0,2244.58,5854.18,14395.99,71652.79,86048.79,36944.97,6745.02,2070.5699999999997,-2836.9799999999996,2575.41,9279.68,2.1626454032625673,25.2,12.76,-2.34,0.0,0.0,5.274234963712707,1.0566688355624765,72.85549436921283,87.85836999138007,1.202416261157301,-20.93,-16.82,1.31,1.23,12,2002,0.0,2305.3205128205127,-5394.45
2003-03-31,6944.58,-1027.68,-0.4000000000000001,0.0,1683.7,79.5,2729.17,4.24,0.0,6865.08,81.73,2052.64,6954.58,1014.9,18034.62,66618.61,91953.81,0.0,2183.75,14546.46,23158.26,62640.9,85799.16,36944.97,5716.75,771.65,-2131.72,277.01,2649.67,-2.65,27.4,15.01,-0.4,0.0,0.0,-4.48,0.36,-71.92,-95.48,0.48,-15.13,-14.8,0.78,0.73,3,2003,0.0,2569.2,-1027.68
2003-06-30,7367.77,-847.0699999999999,-0.33435487398319774,0.0,1819.1499999999999,322.68,3110.6499999999996,6.9,406.9,7045.09,631.71,1468.54,7159.06,983.64,18203.56,65945.7,91304.81,802.32,1717.0,17346.07,26654.36,59346.28,86000.64,36944.97,4875.57,1939.1599999999999,-4626.66,2103.3999999999996,2787.9700000000003,-5.156796368659026,52.29,17.64,-0.74,0.0,0.0,-3.705013468462461,0.7952224029870649,-69.49159407921056,-77.19079279903987,1.1205406587545006,-13.54,-13.1,0.68,0.65,6,2003,0.0,2533.445945945946,-1874.75
2003-09-30,6557.3099999999995,-1462.94,-0.5654187776576015,0.0,1546.3399999999997,-360.24,2477.0300000000007,6.8,533.51,6917.5599999999995,11.299999999999955,1917.13,6403.52,1011.26,17445.68,65065.47,89462.0,838.56,2039.9,19664.02,28986.89,56638.4,85625.29,36944.97,3413.74,1962.8700000000003,-2384.3399999999992,870.06,2837.2699999999995,-3.0058693965576166,73.59,25.08,-1.29,0.0,0.0,-6.539572219109624,0.0876618259934266,-171.41393454754635,-197.29170558080588,0.12272655639079723,-16.19,-15.99,0.6,0.57,9,2003,0.0,2587.3565891472867,-3337.69
2003-12-31,7465.139999999999,-2336.4100000000003,-0.8770647856047656,0.0,1696.0,-1149.0800000000002,1941.8400000000001,7.3,665.32,8614.21,262.78999999999996,1883.18,5510.17,727.16,17169.39,20040.18,86760.06,773.22,2434.23,19132.99,27406.93,57858.07,85265.0,36944.97,1078.18,2401.83,-2753.25,317.48,3090.92,-2.082485843666137,250.14,79.08,-2.13,0.0,0.0,-10.771837930244445,-2.0258961244955147,-866.8035393806948,-238.92397708887754,-3.080020937241149,-20.3,-20.03,0.63,0.6,12,2003,0.0,2663.8967136150236,-5674.1
2004-03-31,7548.84,276.67,0.03,0.0,1963.92,416.84,3094.87,7.35,109.12,7132.0,575.13,1345.09,5941.17,737.69,16316.78,61627.99,84351.62,309.52,2606.15,19938.21,28635.01,53927.94,82562.95,36944.97,1360.55,1929.54,409.25,-2876.88,2678.03,61.25000000000001,199.59,60.68,0.03,0.0,0.0,1.32,1.88,81.36,31.28,3.0,3.77,3.67,0.57,0.54,3,2004,0.0,9222.333333333334,276.67
2004-06-30,7250.91,-473.34000000000003,-0.4332190979813902,0.0,2062.36,493.25000000000006,-2184.7799999999997,5.75,0.0,6757.66,260.58000000000004,1773.8,6211.12,677.66,17648.73,60030.29,83929.72,0.0,3402.81,17261.92,26803.6,55803.93,82607.53,36944.97,891.18,2232.1899999999996,-1329.22,-474.25999999999976,-2678.03,-3.3177207715384287,238.37,92.69,-0.18,0.0,0.0,-2.2142309452382167,10.01217470890324,-212.46989983220627,-65.65676107184626,15.307074795342455,-1.36,-1.33,0.66,0.63,6,2004,0.0,1092.611111111111,-196.67
2004-09-30,7682.990000000002,-409.6600000000001,-0.25674269787079645,0.0,2117.06,592.2900000000001,8704.24,5.3,360.39,7090.689999999999,862.53,4170.25,5877.57,980.57,19545.42,78378.11,104439.62,186.64,3343.24,4722.23,16653.75,86870.34,103524.1,36944.97,485.99,1022.5700000000006,1983.59,-609.7200000000003,8111.95,-5.161782636820777,402.91,213.02,-0.38,0.0,0.0,-1.567481734369073,4.1889598073656265,-337.1707261722165,-84.04945161875548,4.621368561674336,-2.75,-2.7,1.17,1.11,9,2004,0.0,1595.6052631578948,-606.33
2004-12-31,11613.73,1211.24,-0.0600704236993933,0.0,2733.0200000000004,659.69,4332.8099999999995,8.1,558.42,10954.050000000003,285.0999999999999,6208.39,6264.26,984.23,19448.17,44722.89,102625.18,217.66,4108.56,4449.68,16313.66,81573.97,97887.63,40925.27,4366.62,2197.0699999999997,-1971.04,-859.81,3673.12,-33.71043310987087,75.92,22.42,-0.03,0.0,0.0,4.725539997685606,18.26140880461556,110.93004909821295,177.9686419467359,20.023474566464433,1.83,1.77,1.19,1.13,12,2004,-0.0,-20163.666666666668,604.91
2005-03-31,12701.52,146.01,-0.01,0.0,3552.67,1392.55,4968.21,9.25,251.94,11308.97,1098.79,4520.38,6677.26,1371.68,19638.58,75547.61,102563.09,110.0,4089.95,4426.4,16695.08,81000.45,97695.53,40942.62,4512.48,3340.87,-2786.54,-503.09,3575.66,-231.25000000000003,83.93,21.65,-0.01,0.0,0.0,0.56,5.96,12.96,19.88,6.48,1.21,1.15,1.18,1.09,3,2005,-0.0,-14600.999999999998,146.01
2005-06-30,11213.82,-964.27,-0.4006694693618166,0.0,3462.16,288.70000000000005,3899.919999999999,10.4,562.33,10925.12,987.0300000000002,6264.21,6498.12,1121.68,19460.22,74120.0,100874.68,170.37,3669.69,5167.43,16643.86,80388.05,97031.91,40944.55,3546.57,4282.84,-2039.46,-502.90000000000003,3611.2200000000003,-6.4895136735561625,120.07,27.36,-0.34,0.0,0.0,-3.8181443550949576,8.579040402805953,-108.7464077432601,-173.8434121183976,9.42751692616039,-3.52,-3.42,1.17,1.1,6,2005,0.0,2406.6470588235293,-818.26
2005-09-30,10510.320000000003,-732.48,-0.2881287643318674,0.0,2789.5,482.94000000000005,4107.470000000001,7.85,792.75,10027.380000000001,472.0499999999997,3511.79,6585.49,867.42,17618.52,73761.07,98627.26,150.0,3439.29,5427.49,16360.42,79212.79,95573.21,40947.45,2818.28,1471.4499999999998,-3143.3599999999997,-1077.41,3624.5299999999997,-6.811798206094364,114.05,33.91,-0.61,0.0,0.0,-2.9663092459084055,4.02435585591395,-103.95307943304486,-177.33616931271524,4.969040329133188,-4.61,-4.5,1.08,1.02,9,2005,0.0,2542.1967213114754,-1550.74
2005-12-31,10341.279999999999,-2718.2,-0.9296387393591853,0.0,2414.2800000000007,-2408.05,1268.8400000000001,10.0,923.46,12749.330000000002,-97.42999999999984,17469.61,6635.71,1111.21,28956.92,48316.68,108058.37,13174.34,4917.46,7153.32,32464.83,75286.59,107751.42,40947.45,83.72,2508.960000000001,-8935.970000000001,11297.74,3676.8899999999994,-2.689485597086307,4891.0,1287.05,-1.46,0.0,0.0,-10.060474028681593,-0.5857997535688017,-12987.104127956822,-488.63340313988954,-0.815025744095724,-9.72,-9.54,0.89,0.86,12,2005,0.0,2923.9315068493147,-4268.94
2006-03-31,14854.77,498.21,0.1,0.0,4102.27,2218.85,6404.94,10.5,151.95,12635.92,939.65,7560.92,6574.14,1551.46,22730.93,72703.64,112158.77,12102.1,5991.32,9032.81,37296.03,73849.33,111145.36,40978.13,597.25,3259.58,-2168.06,-1781.56,4186.09,26.25,720.42,186.1,0.1,0.0,0.0,1.76,8.28,333.68,78.0,11.84,3.72,3.35,0.61,0.57,3,2006,0.0,4982.099999999999,498.21
2006-06-30,12402.939999999999,-1485.03,-0.5868970024928558,0.0,3397.2199999999993,-23.519999999999982,4184.86,8.4,302.75,12426.460000000001,94.70999999999992,3549.24,6359.89,990.83,17347.11,70552.08,105836.88,8998.63,6109.42,10128.8,35663.16,70695.82,106358.98,40978.13,-887.78,3829.5,-2358.11,-5467.370000000001,4208.379999999999,-3.5783961940162827,-387.73,-119.8,-0.39,0.0,0.0,-5.598094485316471,12.761247643947225,669.1227774062138,-446.82425123122755,18.840898644129627,-3.84,-3.62,0.49,0.46,6,2006,0.0,2530.3076923076924,-986.82
2006-09-30,13412.86,-1360.5899999999997,-0.47528288624484,0.0,3260.2700000000004,357.6399999999999,4634.17,9.4,436.35,13055.219999999998,43.17000000000007,4718.57,7067.53,980.82,20374.26,74998.32,112401.67,176.46,6819.08,10481.26,29283.72,81425.76,110709.49,45009.61,1092.77,3745.1800000000003,-4345.76,1771.83,4276.530000000001,-4.942950962450114,387.17,101.31,-0.82,0.0,0.0,-4.845566986593734,5.610656510792745,-498.0269111914833,-278.3071105601492,7.117651028154433,-6.08,-5.77,0.7,0.66,9,2006,0.0,2862.6951219512193,-2347.41
2006-12-31,13960.68,-1832.62,-0.5962548594148847,0.0,2870.51,-544.1699999999998,4876.969999999999,6.1,591.54,14504.849999999999,-759.92,6136.04,6561.5,1046.72,18304.26,58380.26,122956.29,776.46,11774.86,8837.65,32232.93,83323.2,115556.13,45015.28,6867.89,2093.5,-1310.0200000000004,-1571.2699999999995,5421.139999999999,-2.5603145633028124,39.98,16.83,-1.36,0.0,0.0,-5.962548594148846,3.0514219275938212,-106.72961983526434,-210.89885115657066,3.8756565861967496,-8.06,-7.65,0.57,0.54,12,2006,0.0,3073.5514705882347,-4180.03
2007-03-31,15626.57,477.58,0.08,0.0,4178.95,2300.24,6579.66,5.45,221.89,13326.34,1209.63,3524.82,8586.7,978.95,19813.36,76045.64,121501.08,1850.0,10935.58,9811.13,34951.49,78720.6,113672.09,45015.28,7345.89,1738.87,-941.18,-1191.16,4279.42,17.0325,33.4,15.47,0.08,0.0,0.0,1.56,7.879999999999999,26.0,48.08,10.64,3.35,3.06,0.57,0.54,3,2007,0.0,5969.75,477.58
2007-06-30,16705.510000000002,-689.88,-0.48743287800282614,0.0,3878.63,1208.6800000000003,-3070.74,7.7,0.0,15496.829999999998,334.4499999999998,3873.64,9980.05,806.34,24973.54,73924.03,124306.01,0.0,12194.29,10818.84,37661.43,79559.11,117220.55,45017.67,6657.2,2887.71,-4795.969999999999,2245.07,-4279.42,-3.9490052617846585,52.07,17.61,-0.15,0.0,0.0,-2.2096957136128124,39.64454074422986,-41.46429015544041,-95.66682618935468,52.64275082430522,-0.7,-0.66,0.66,0.64,6,2007,0.0,1415.3333333333335,-212.3
2007-09-30,15609.71,1336.1,0.19022601886456664,0.0,7587.77,4256.62,4256.62,6.7,0.0,11353.080000000002,4500.72,4007.34,13228.66,825.6,24366.26,76293.82,125319.24,0.0,14030.63,7461.12,37737.75,79172.74,116910.49,45025.39,7955.01,5654.9400000000005,419.84999999999945,-5926.55,0.0,8.806366289948357,37.92,14.7,0.16,0.0,0.0,4.28008542445275,31.054397579640504,67.19734116390816,118.13035771489588,42.182619683217645,2.46,2.34,0.65,0.62,9,2007,0.0,7023.75,1123.8
2007-12-31,16575.57,573.6100000000001,0.08786244926093285,0.0,4902.710000000001,1925.62,14969.509999999998,5.8,0.0,14649.949999999997,1359.7799999999997,5019.38,12684.71,893.07,25409.07,74683.15,124718.33,0.0,12978.09,5513.32,32692.63,80069.74,112762.37,45031.79,10609.96,1064.8599999999988,-1972.8000000000002,1919.4000000000005,13043.89,16.504775500775786,24.62,10.63,0.26,0.0,0.0,1.8383527845364414,10.584045810970835,21.627679818075777,26.250596379189478,14.233716780271122,2.75,2.63,0.78,0.75,12,2007,0.0,6528.5,1697.41
2008-03-31,18611.75,2738.24,0.67,0.0,5441.23,5120.27,5120.27,5.1,0.0,13491.48,2594.75,5286.01,9127.57,778.65,21932.52,73270.89,121170.94,0.0,8099.95,5998.2,28461.14,79305.75,107766.89,45031.79,10769.46,3380.27,-1457.14,-1656.5,0.0,1.9025,21.33,10.01,0.67,0.0,0.0,9.04,16.88,101.72000000000001,120.92,22.08,17.18,14.71,0.77,0.74,3,2008,0.0,4086.925373134328,2738.24
2008-06-30,12723.470000000001,-2672.35,1.2167324328426163,0.0,4646.1,-902.1200000000008,-902.1200000000008,4.0,0.0,13625.59,1562.4799999999996,5473.57,8992.66,871.09,22190.86,72185.45,119534.51,0.0,7545.77,6877.24,29776.37,79904.89,109681.26,45031.79,8097.11,3579.69,-1825.5199999999998,-1566.63,0.0,0.8218528355192997,22.25,13.55,-0.03,0.0,0.0,-9.73385946274093,-561.3192290180604,-131.4071027470026,-144.38558203065716,-762.4856579147064,0.21,0.21,0.75,0.72,6,2008,-0.0,-2196.3333333333335,65.89
2008-09-30,15213.659999999996,-1228.0500000000002,-0.3698436531974943,0.0,4323.66,592.2800000000007,592.2800000000007,3.08,0.0,14621.379999999997,1270.9700000000003,5740.25,8383.86,909.1,22845.81,71219.21,118856.43,0.0,6896.98,8284.74,32232.46,78423.39,110655.85,45031.79,6869.06,3276.669999999999,-1655.88,-1353.9700000000003,0.0,-2.0819608322136722,20.19,16.11,-0.35,0.0,0.0,-4.142248915811937,16.653531355407175,-71.51719556687549,-66.27598265299099,23.458654574241066,-2.52,-2.5,0.71,0.68,9,2008,0.0,3320.4571428571435,-1162.16
2008-12-31,15342.25,-1193.03,-0.3343253835147058,0.0,4407.9,2710.13,15526.619999999999,1.79,0.0,12632.120000000003,1913.2600000000002,4356.6,7991.75,898.42,20332.63,71380.08,116950.89,0.0,7771.59,9870.76,33264.81,77066.02,110330.82,45031.79,5454.77,1656.9000000000015,-2564.79,-478.2699999999995,12816.49,-1.3374694894512293,14.78,20.23,-0.66,0.0,0.0,-4.072691035542779,12.603053851281636,-87.49193975857574,-59.408607543340445,18.215667865437606,-3.84,-3.81,0.61,0.58,12,2008,0.0,3568.469696969697,-2355.19
2009-03-31,15657.37,-131.07,-0.02,0.0,5256.84,2654.78,2654.78,1.34,0.0,13002.59,2595.01,10132.28,7952.02,1053.56,26546.46,70850.83,124314.8,0.0,6983.06,10961.9,34464.58,77210.54,111675.12,77757.42,11251.04,2489.58,-1374.46,4660.26,0.0,-16.75,9.26,9.93,-0.02,0.0,0.0,-0.44,8.64,-4.64,-4.76,11.8,-0.84,-0.84,0.77,0.74,3,2009,0.0,6553.499999999999,-131.07
2009-06-30,15390.47,1224.27,0.2015812294182217,0.0,5031.68,2465.56,2465.56,2.36,0.0,12924.919999999998,2229.99,6865.1,8349.13,677.55,23651.41,69841.36,120000.15,0.0,7333.86,9444.74,33554.23,75943.48,109497.71,77757.42,9824.64,3292.0,-5029.03,-1529.3400000000001,0.0,2.9266117768139384,18.68,11.15,0.18,0.0,0.0,4.076420417124039,19.17261470911087,49.857757409440175,54.65091108671788,26.519130625686056,3.56,3.52,0.7,0.68,6,2009,0.0,6073.333333333334,1093.2
2009-09-30,15419.859999999997,98.94000000000005,0.014938849463989134,0.0,4883.449999999999,1925.1899999999996,11206.74,3.3,796.25,13494.66,2887.01,6982.45,8269.91,733.09,27311.33,69550.52,122797.77,2130.0,6865.54,10649.92,35098.35,77098.78,112197.13,77757.42,9923.58,2875.6100000000006,-4736.370000000001,1978.1599999999999,9281.55,55.215095512431745,25.86,11.31,0.18,0.0,0.0,0.3220151995570991,1.9354109416679257,3.9870129347224337,4.714036941969905,2.6657546932407277,2.58,2.57,0.78,0.76,9,2009,0.0,6623.000000000001,1192.14
2009-12-31,16362.870000000003,35.43999999999983,0.0051965656006125625,0.0,5103.629999999999,1738.9499999999998,4994.17,3.06,1034.66,14623.919999999998,2265.5699999999997,4916.3,8347.32,746.54,20557.05,68692.55,116420.99,2330.0,7126.49,7676.89,31422.22,74356.34,105778.55,77757.42,9958.9,786.8299999999999,3561.5200000000004,-6415.35,3255.220000000001,147.21261286681786,23.89,10.62,0.18,0.0,0.0,0.12125319734762646,0.8695586438358355,1.423858974567842,1.839584222616847,1.192900503429506,1.96,1.95,0.65,0.63,12,2009,0.0,6819.888888888889,1227.58
2010-03-31,16007.39,1240.12,0.18,0.0,5168.96,2387.12,2387.12,3.06,0.0,13620.26,2250.09,5806.56,8711.36,928.13,22308.46,67440.08,116527.61,0.0,6578.16,7964.6,31276.27,73327.17,104603.44,77757.42,11197.75,1531.35,-984.68,343.77,0.0,4.25,21.25,9.34,0.18,0.0,0.0,4.24,7.92,44.28,44.2,11.2,7.85,7.75,0.71,0.68,3,2010,0.0,6889.555555555556,1240.12
2010-06-30,14758.66,-448.31999999999994,-0.06228239454407678,0.0,4656.56,1644.02,8009.54,3.14,588.08,13114.65,2411.55,6175.9,8529.49,915.41,22215.83,66269.59,116484.28,1596.83,6830.52,7136.01,30186.79,75003.51,105190.3,77757.42,10751.54,2851.82,-1488.6100000000001,-993.91,6365.52,-12.605889766238402,22.71,9.78,0.11,0.0,0.0,-1.5400737559989897,-7.723016923465521,-16.669033594342007,-17.439070472341502,-10.576683000757766,2.59,2.57,0.74,0.71,6,2010,0.0,7198.181818181818,791.8
2010-09-30,15130.610000000004,1243.28,0.17716807201682488,0.0,4652.119999999999,1687.2199999999998,4950.639999999999,5.15,900.75,13443.390000000003,1699.8999999999996,7456.36,8398.01,896.72,24543.38,65641.1,117929.87,2861.31,6913.51,6931.25,32984.67,72376.99,105361.66,77757.42,11994.13,3503.08,-2164.0200000000004,-57.02999999999997,3263.42,7.267675181777234,33.39,8.78,0.29,0.0,0.0,4.227596752953201,11.607563339033357,41.46954733966232,45.37946341175777,16.44608447825147,4.46,4.43,0.74,0.72,9,2010,0.0,7017.517241379311,2035.08
2010-12-31,17102.64,-76.18999999999983,-0.01089045326690113,0.0,5021.110000000001,1594.25,4954.200000000001,7.1,1235.14,15508.39,2225.5600000000004,4540.53,8528.94,997.33,22098.89,65368.13,115022.01,625.93,6998.17,7170.77,29949.16,72603.05,102552.21,77757.42,11893.32,1382.2999999999993,-2299.5999999999995,-1999.65,3359.949999999999,-163.00515290720605,46.42,8.62,0.28,0.0,0.0,-0.2644824364818845,-0.983252352097359,-2.5623680757980227,-2.789511815364817,-1.33796997279071,3.14,3.11,0.74,0.7,12,2010,0.0,6996.035714285714,1958.89
2011-03-31,17421.02,-293.09,-0.04,0.0,5236.21,2000.02,5295.57,6.05,312.71,15421.0,2344.81,6843.69,9429.83,1255.89,26045.69,68406.17,124680.77,8157.33,9559.85,6926.45,40246.74,73767.6,114014.33,77757.42,10126.75,2200.44,-7168.44,7271.66,3295.55,-37.8125,46.45,11.26,-0.04,0.0,0.0,-0.96,6.64,-11.56,-11.0,9.48,-1.7,-1.68,0.65,0.62,3,2011,0.0,7327.249999999999,-293.09
2011-06-30,17533.23,-1248.21,-0.1457716213585934,0.0,5157.3,1703.9699999999998,5065.970000000001,3.88,557.87,15829.259999999998,1790.4699999999998,20152.86,9670.58,1602.32,40053.87,68214.21,138030.79,8210.48,9291.08,6627.89,42558.45,72945.68,115504.13,145031.79,21975.42,4435.379999999999,-2062.87,10935.970000000001,3362.0,-6.6556164427460125,25.61,5.26,-0.18,0.0,0.0,-3.628093687147214,9.426564847855706,-22.707979238305327,-30.514859404398884,12.568753130474276,-4.44,-4.41,0.94,0.9,6,2011,0.0,8562.777777777777,-1541.3
2011-09-30,17910.870000000003,-1391.6299999999999,-0.13285567674646173,0.0,4954.619999999999,1281.3400000000001,4769.369999999999,3.16,795.59,16629.530000000002,1524.3000000000002,19254.77,9300.3,1688.22,40735.31,71533.91,141743.18,563.38,9864.6,6681.06,39451.4,81129.22,120580.62,145031.79,20577.99,3433.4400000000005,-3479.120000000001,-862.760000000002,3488.0299999999997,-5.948560267456149,22.27,5.86,-0.28,0.0,0.0,-3.928732155216797,7.288082838663042,-27.045619909101138,-34.18186768862537,9.242959225075266,-5.58,-5.55,1.03,0.99,9,2011,0.0,10474.749999999998,-2932.93
2011-12-31,31957.510000000002,239.23999999999978,0.020427443395490928,0.0,4662.660000000002,10689.5,15427.04,3.14,1124.72,21267.999999999993,-461.34000000000015,11447.69,15936.4,1596.74,36969.49,73819.26,151518.17,365.95,29154.08,6896.13,40809.06,89239.76,130048.83,145031.79,20777.35,-5439.26,-3796.4199999999983,1426.9300000000003,4737.540000000001,38.42257617873269,21.92,6.26,-0.23,0.0,0.0,0.6323625955473712,-4.177856249234318,4.604168111401085,5.858235505941657,-5.030479973567852,-3.74,-3.18,0.91,0.87,12,2011,0.0,11711.695652173912,-2693.69
2012-03-31,21783.01,-455.52,-0.03,0.0,4922.67,901.55,4919.63,3.68,323.1,20881.46,1028.23,9344.63,12573.41,2340.74,38029.75,76822.61,155194.13,344.0,14593.76,7166.28,44042.49,90123.69,134166.18,145031.79,20317.96,1741.74,-4988.08,1144.45,4018.08,-30.6675,26.27,6.6,-0.03,0.0,0.0,-1.16,2.56,-8.96,-11.96,3.24,-2.11,-2.09,0.86,0.81,3,2012,0.0,15184.0,-455.52
2012-06-30,21248.51,-2172.02,-0.14879453785670246,0.0,5077.530000000001,459.93000000000006,4485.160000000001,3.84,620.24,20788.57,706.8499999999999,8949.81,14671.74,1908.02,39265.25,81190.18,160224.74,895.72,16358.69,7440.98,50284.81,91099.11,141383.92,145031.79,18149.39,2841.0300000000007,-4230.75,994.5399999999997,4025.2300000000005,-6.450841635896539,30.69,7.79,-0.18,0.0,0.0,-5.422734268555378,3.0089562099910943,-47.878775737001156,-43.31574324272894,4.100116154273579,-6.15,-6.11,0.78,0.74,6,2012,0.0,14597.444444444445,-2627.54
2012-09-30,21222.43,-1843.54,-0.12782088443955375,0.0,4972.269999999999,168.66000000000008,4511.15,6.1,1168.12,21053.78,476.8800000000001,10047.03,16298.42,1791.25,41992.09,85829.74,167466.81,3219.62,17697.7,7537.52,57752.9,92727.36,150480.27,145031.79,16303.31,2777.8199999999997,-5089.66,3408.5600000000004,4342.489999999999,-11.932322379769357,54.26,9.23,-0.31,0.0,0.0,-4.403635631659465,1.6328087173568804,-45.22385356558147,-39.99556706657005,2.292529411238448,-7.02,-6.96,0.73,0.7,9,2012,0.0,14422.838709677419,-4471.08
2012-12-31,26017.22,-2956.6900000000005,-0.20301004204492065,0.0,5737.840000000002,-1224.68,3541.2699999999986,5.45,1415.19,27241.89,803.4299999999998,6103.17,18953.61,2761.93,40032.91,86679.84,180363.37,5096.1,20580.81,9521.91,62987.19,103371.8,166358.99,145031.79,13346.82,-48.73000000000047,-12651.250000000002,8759.5,4765.950000000001,-6.713830440458755,59.22,12.46,-0.51,0.0,0.0,-6.56001077039273,0.2866024122987115,-88.6079124690183,-69.31001670757173,0.4139812622092499,-8.31,-8.23,0.64,0.59,12,2012,0.0,14564.254901960785,-7427.77
2013-03-31,24172.99,-1109.13,-0.08,0.0,5326.88,837.38,5589.04,8.2,404.96,23335.62,956.21,4634.05,19744.13,2763.22,39267.42,89092.57,181335.29,9204.32,20037.29,6009.02,64271.65,104155.08,168426.72,145051.52,12251.04,1015.85,-3480.91,994.86,4751.66,-25.625,97.09,13.75,-0.08,0.0,0.0,-2.4400000000000004,2.0,-36.2,-27.24,2.88,-4.65,-4.59,0.61,0.57,3,2013,0.0,13864.125000000002,-1109.13
2013-06-30,22940.37,-3156.3,-0.21459196376449735,0.0,5214.05,-396.88,4581.160000000001,6.7,785.17,23337.24,250.01,7809.17,21619.44,2982.69,44713.96,93960.88,191082.35,9439.82,24977.64,14216.09,80906.84,100260.03,181166.87,145302.15,9269.17,4748.139999999999,-5236.99,3662.6699999999996,4978.040000000001,-7.804346307385231,105.03,19.55,-0.29,0.0,0.0,-6.600552816480401,0.7399722888430944,-136.21409893023682,-92.08215162363466,1.183955662148951,-9.1,-9.05,0.55,0.52,6,2013,0.0,14708.37931034483,-4265.43
2013-09-30,23664.130000000005,-4269.43,-0.2951382565150453,0.0,4923.539999999999,-1994.99,3518.1499999999996,7.75,1144.85,25659.130000000005,-693.2,7627.94,22407.29,3242.96,46249.36,92257.75,189168.19,10668.33,21149.23,8735.87,75455.33,108083.81,183539.15,145302.15,5001.28,2142.1400000000003,-6686.01,4365.150000000001,5513.139999999999,-6.566922305787893,225.16,36.7,-0.59,0.0,0.0,-9.024227368697318,-1.7408154791056911,-341.4599557579152,-160.31509906430804,-2.7412841452583874,-12.29,-12.06,0.61,0.57,9,2013,0.0,14465.864406779663,-8534.86
2013-12-31,33620.92,-527.8899999999994,-0.036113960994179434,0.0,3379.6000000000004,3711.3199999999997,10677.460000000001,7.5,1143.82,29909.589999999997,-3163.17,14726.28,34560.91,6069.54,71078.15,72161.58,205852.17,3742.85,33217.06,9894.13,107347.66,93772.37,201120.03,145302.15,4081.11,14771.84,12574.55,-20252.78,6966.139999999999,-51.93282454678064,267.03,49.28,-0.62,0.0,0.0,-1.0251705056412226,0.2609524923450385,-51.740821406305976,-24.231302860610715,0.5102553198532448,-9.42,-8.68,0.66,0.61,12,2013,0.0,14617.338709677419,-9062.75
2014-03-31,31365.65,3854.53,0.27,0.0,5491.17,5203.35,11483.65,6.9,87.51,26162.3,682.7,9105.65,39512.8,4433.2,71269.14,69506.23,216702.63,2328.21,33762.19,10720.33,108071.57,100063.47,208135.04,145302.15,7936.12,-3208.13,-7021.89,4611.06,6280.3,6.39,126.33,26.23,0.27,0.0,0.0,7.12,10.44,194.28,152.76,19.16,15.37,12.29,0.66,0.62,3,2014,0.0,14276.037037037036,3854.53
2014-06-30,25339.339999999997,-1708.17,-0.11937675879162861,0.0,5124.049999999999,-458.7300000000005,6432.980000000001,9.55,324.81,25798.070000000003,434.16999999999985,6409.26,46142.05,4053.53,75787.86,72349.02,223950.96,5028.92,35392.6,10197.08,115238.74,101884.42,217123.16,145302.15,6227.62,-339.50999999999976,-6305.39,3949.2300000000005,6891.71,-20.00075244267257,222.82,34.86,0.15,0.0,0.0,-3.0560450250656923,-7.2899407368754545,-109.73111668126501,-88.179632494083,-13.879537822173356,4.35,3.79,0.66,0.62,6,2014,0.0,14309.066666666668,2146.36
2014-09-30,27132.170000000006,-2641.46,-0.16005615027267217,0.0,5930.01,-326.3299999999999,7324.669999999998,11.9,845.63,27458.499999999993,1080.25,14786.67,50742.05,3958.26,87189.02,71264.33,232267.81,708.06,33654.83,3753.33,105888.37,57368.07,163256.44,246079.28,68429.95,5201.51,-5976.210000000001,9157.8,7650.999999999998,-18.587383208528617,42.79,2.39,-0.03,0.0,0.0,-4.48157220763482,44.81572207634821,-15.36539042617653,-28.810107049080994,74.69287012724702,-0.65,-0.59,0.82,0.79,9,2014,0.0,16503.333333333336,-495.1
2014-12-31,33822.83,1920.38,0.09431592388863944,0.0,8150.66,1335.63,5886.560000000001,11.1,1243.54,32487.20000000001,1930.12,6611.59,58856.58,4294.13,88066.08,75084.95,234570.46,2977.09,37389.55,8872.85,117649.3,45980.44,163629.74,246079.28,70349.64,-5297.67,-2132.9199999999983,-739.4200000000019,4550.93,29.422126037555064,38.83,2.33,0.07,0.0,0.0,3.287583632689717,14.066546362819938,10.940647171082173,20.641713628199373,26.516248316120343,1.31,1.21,0.75,0.71,12,2014,0.0,20361.142857142855,1425.28
2015-03-31,29549.07,1629.31,0.07,0.0,7268.67,2533.35,6944.31,12.5,295.2,27015.72,1811.25,10014.03,61001.92,5154.05,96358.45,78971.73,245898.91,1698.24,33150.65,8932.17,116261.1,57076.47,173337.58,246079.28,71978.64,12621.74,-7347.34,-1836.91,4410.96,44.6425,42.73,2.41,0.07,0.0,0.0,2.64,4.4,9.04,16.32,7.800000000000001,5.76,5.51,0.83,0.78,3,2015,0.0,23275.85714285714,1629.31
2015-06-30,29362.5,1302.38,0.05330904700019443,0.0,7443.57,1560.2200000000003,6384.099999999999,11.4,642.17,27802.28,1600.73,8805.25,51584.6,6189.62,87584.95,85672.15,243349.59,8593.03,36203.02,9012.33,113561.99,55830.21,169392.19,246079.28,73281.49,-3273.6100000000006,-4374.85,6400.2,4823.88,53.46184485326862,38.28,2.31,0.12,0.0,0.0,2.1323618800077773,3.1096944083446747,7.107872933359258,13.09625587971443,5.597449935020415,5.13,4.98,0.77,0.72,6,2015,0.0,24430.75,2931.69
2015-09-30,30537.980000000003,1144.7999999999997,0.04774107136286363,0.0,7142.210000000001,2222.11,7391.450000000001,9.75,984.34,28315.869999999995,1017.81,11175.85,38583.09,6023.96,79814.58,91487.62,240338.35,0.0,38418.2,9142.67,89821.81,75395.77,165217.57,98431.71,74427.05,-1209.449999999999,-7146.449999999999,10659.86,5169.34,51.05404906970651,12.89,2.22,0.17,0.0,0.0,1.9096428545145452,2.9992626009140206,6.155789907493946,6.414153352516501,4.717941169977112,4.73,4.56,0.89,0.82,9,2015,0.0,23979.35294117647,4076.49
2015-12-31,33499.84,335.03000000000065,0.013669982228347623,0.0,6348.829999999998,1864.6799999999994,7405.5,6.7,573.39,31635.160000000003,751.2300000000005,10590.38,32808.15,8294.58,77860.69,98456.93,282844.27,29927.21,40619.9,12602.57,111800.59,95837.14,207637.73,98431.71,74547.45,-4805.63,-30884.949999999997,35130.619999999995,5540.82,122.52393397606163,8.85,2.79,0.18,0.0,0.0,0.47389271724938437,0.9599365298128555,1.7983621064848432,1.8500042615697116,1.4520558900333698,3.71,3.59,0.7,0.62,12,2015,0.0,24508.44444444445,4411.52
2016-03-31,32684.42,1968.02,0.08,0.0,6795.31,3712.71,9662.04,7.6,338.51,28971.71,588.17,12953.05,32407.05,10339.55,81781.4,107102.93,368816.56,47635.58,48015.37,12661.96,134181.91,157471.12,291653.03,98431.71,76515.48,842.9,-15509.82,17039.32,5949.33,23.75,9.78,3.81,0.08,0.0,0.0,2.12,4.84,10.28,10.6,6.32,6.78,6.02,0.61,0.53,3,2016,0.0,24600.25,1968.02
2016-06-30,31539.29,-370.74,-0.013926424922368027,0.01,7542.04,1181.7799999999997,7789.700000000001,7.2,725.87,30357.510000000002,929.15,73327.71,34463.14,9938.43,145312.06,121348.37,446050.35,59137.39,53509.69,20407.72,160365.27,149089.91,309455.18,133472.78,135929.64,115.79000000000008,-10469.95,70748.62,6607.92,-129.25068781356205,7.07,2.28,0.06,0.01,0.11,-0.33423419813683264,-1.3183682259841731,-1.0955454272262846,-1.4204953420815387,-1.5876124411499548,2.67,2.49,0.91,0.84,6,2016,266.2133333333333,26621.333333333332,1597.28
2016-09-30,31745.54,-2753.51,-0.09525820987173833,0.0007902983547102806,6080.659999999998,-838.9699999999998,7716.559999999998,6.95,1121.85,32584.509999999995,-1041.0,48079.67,37818.56,9616.58,123628.54,136168.71,441096.07,42457.65,62293.5,31574.16,166383.98,140851.99,307235.97,133472.78,133183.32,892.2,-8674.319999999996,-17459.690000000002,8555.529999999999,-18.239897666977782,6.97,2.31,-0.04,0.01,-0.17,-2.4767134566651965,11.335726974736861,-8.287464258841235,-10.573661295762955,14.098215061017273,-1.28,-1.2,0.74,0.69,9,2016,22.844166666666695,28905.75,-1156.23
2016-12-31,35188.649999999994,-1658.12,-0.053024961358750684,0.0007562403396876727,8701.54,-206.5300000000002,6760.450000000001,7.15,1795.45,35395.18000000001,827.52,50183.81,32749.15,11251.97,122678.32,143688.35,448960.46,37571.67,64421.77,20653.96,160843.81,156388.71,317232.52,133472.78,131052.21,6245.24,-10757.890000000007,6637.509999999995,6966.98,-33.70865257038091,7.28,2.42,-0.09,0.01,-0.07,-1.4846989180450194,2.474498196741699,-5.0668296409472875,-6.457261961021195,3.157931032032263,-2.26,-2.15,0.76,0.69,12,2016,23.648055555555572,31270.555555555555,-2814.35
2017-03-31,36716.35,-1151.59,-0.030000000000000002,0.0,7301.78,1472.73,10572.74,6.8,456.8,35243.62,-729.88,56102.92,34329.25,14636.4,133300.99,149521.79,465117.47,56311.4,59045.08,24509.68,182159.54,152319.45,334478.99,133472.78,129956.65,-8430.6,-8367.63,22722.49,9100.01,-56.6675,6.98,2.57,-0.03,0.0,0.0,-1.0,1.4,-3.56,-4.48,2.08,-3.55,-3.14,0.73,0.65,3,2017,0.0,38386.33333333333,-1151.59
2017-06-30,35608.340000000004,-1245.41,-0.03636992073425115,0.0,8628.02,898.0300000000002,9885.699999999999,6.2,1064.06,34710.299999999996,1009.7,46903.95,37473.9,14186.59,127754.62,157049.63,463880.64,50430.09,61069.94,21646.92,173904.97,160577.96,334482.93,133472.78,128719.04,-881.8799999999992,-6979.08,-1335.4400000000023,8987.67,-42.616947430966505,6.43,2.6,-0.07,0.0,0.0,-1.0807062161034626,1.0807062161034626,-3.865603003754694,-3.7616889445139763,1.7041905715477679,-3.56,-3.31,0.73,0.65,6,2017,0.0,34242.85714285714,-2397.0
2017-09-30,33718.399999999994,-691.48,-0.020150106201108638,0.0,8416.369999999999,685.4799999999996,9646.560000000001,6.1,1532.04,33032.93000000001,1051.0600000000002,31668.67,40234.99,14459.49,117691.0,167759.96,462061.12,54352.15,63219.83,30522.35,192196.27,141103.88,333300.15,133472.78,128071.33,4474.15,-11722.220000000001,-7984.09,8961.079999999998,-75.68446462659803,6.36,2.6,-0.09,0.0,0.0,-0.6000253846552349,0.6089809874112833,-2.1583002642076363,-2.1135222504273945,1.0119831114334559,-3.07,-2.91,0.61,0.54,9,2017,0.0,34316.444444444445,-3088.48
