,revenue,net_profit,eps,dps,gross_profit,ebit,ebitda,close_price,allowance_doubtful_accounts,expense,cash,account_receivable,property_plant_equipment,total_asset,total_liability,paid_in_capital,total_equity,cash_flow_operation,cash_flow_investment,cash_flow_financing,P/E,P/BV,D/E,EPS,DPS,DPR%,ROA%,ROAA%,ROE%,ROAE%,NPMA%,month,year,operating_profit,depreciation,dividend,ROCE%,number_of_shares,return_old
2000-03-31,140.87,-1.55,-0.1,0.4,,2.12,2.12,12.0,1.74,24.57,248.26,0.0,288.53,976.64,690.57,156.0,286.07,8.56,-17.68,-28.28,-30.0,0.65,2.41,-0.1,0.4,-4.0,-0.64,0.0,-2.16,0.0,-1.1,3,2000,,,6.2,,15.5,-1.55
2000-06-30,190.08999999999997,9.16,0.5898028909329829,0.0007884362680683691,,14.68,14.68,12.0,6.02,25.689999999999998,272.87,0.0,285.2,976.81,693.62,156.0,283.19,40.61,10.95,-15.07,5.086487445414847,0.66,2.45,0.49,0.4,0.82,3.755479632063075,0.0,12.951590013140605,0.0,2.3,6,2000,,,0.012244897959184264,,15.53061224489796,7.61
2000-09-30,149.0,3.5300000000000002,0.22498204667863556,0.004066976880518798,,5.309999999999999,5.309999999999999,11.0,6.02,26.03000000000001,278.1,0.0,281.55,961.2,675.71,156.0,285.5,9.659999999999997,-28.49,0.9100000000000037,12.220864022662889,0.6,2.37,0.71,0.4,0.56,1.4703052064631956,0.0,4.94326750448833,0.0,2.32,9,2000,,,0.06381144006898509,,15.690140845070424,11.14
2000-12-31,134.28000000000003,10.21,0.6551615925058549,-0.0027258633769832626,,13.980000000000004,13.980000000000004,12.0,6.02,47.41,266.33,0.0,278.25,958.43,662.68,156.0,295.76,-9.399999999999999,18.22,-1.1000000000000014,4.579480901077375,0.63,2.24,1.37,0.4,0.29,4.265723653395785,0.0,13.810997658079625,0.0,3.48,12,2000,,,-0.042479695692403396,,15.583941605839415,21.35
2001-03-31,181.35,4.6,0.29,0.45,,6.72,6.72,11.0,0.0,24.46,271.83,0.0,274.88,1004.8,698.21,156.0,306.59,9.75,2.55,2.55,9.4825,0.56,2.28,0.29,0.45,1.55,1.8399999999999999,2.7200000000000006,6.0,6.2,2.54,3,2001,,,7.137931034482759,,15.862068965517242,4.6
2001-06-30,170.15,8.23,0.5260015588464536,-0.0062044776520546715,,11.700000000000003,11.700000000000003,11.25,1.87,26.11,262.01,0.0,272.75,970.13,662.32,156.0,307.81,15.02,-8.64,-14.75,5.347132442284326,0.57,2.15,0.82,0.45,0.55,3.386936866718629,4.849477786438036,10.699641465315667,11.135837879968824,3.65,6,2001,,,-0.0970773759461725,,15.646341463414636,12.83
2001-09-30,149.33999999999997,2.4399999999999995,0.1565946299934512,-0.0018688006133500345,,4.27,4.27,11.0,5.65,26.740000000000002,262.38,0.0,269.4,921.82,610.53,156.0,311.29,-20.25,21.2,-1.9400000000000013,17.554241803278693,0.55,1.96,0.98,0.45,0.46,1.0610085134250162,1.5403798297314995,3.138284217419777,3.272508185985592,3.05,9,2001,,,-0.02911896465903574,,15.581632653061224,15.27
2001-12-31,155.2,10.760000000000002,0.6903265462927393,0.00014994472625780783,,10.2,10.2,12.5,7.45,14.989999999999995,312.05,0.0,266.74,974.0,651.84,156.0,322.16,-10.899999999999999,-19.369999999999997,80.43,4.529848977695167,0.61,2.02,1.67,0.45,0.27,4.414782942758356,5.621820975797158,13.360092201306186,13.938809066461776,3.97,12,2001,,,0.0023371624098746935,,15.58682634730539,26.03
2002-03-31,186.89,4.66,0.22,0.0,,11.54,11.54,10.8,0.0,26.81,280.59,0.0,263.26,1026.66,622.19,234.0,404.46,0.92,-27.52,1.6,12.2725,0.62,1.54,0.22,0.0,0.0,1.8,4.56,4.6,5.24,2.49,3,2002,,,0.0,,21.181818181818183,4.66
2002-06-30,143.98000000000002,-0.4299999999999997,-0.020330969267139464,0.5,,-0.6399999999999988,-0.6399999999999988,11.5,0.0,28.45,300.29,0.0,262.42,995.91,603.1,234.0,392.8,15.409999999999998,3.1400000000000006,-13.549999999999999,-141.40988372093034,0.69,1.54,0.2,0.5,2.5,-0.1707801418439715,-0.45134751773049614,-0.43914893617021244,-0.49200945626477505,1.28,6,2002,,,10.575000000000001,,21.150000000000002,4.23
2002-09-30,146.99,0.22999999999999954,0.01031390134529146,0.02578475336322859,,0.4299999999999997,0.4299999999999997,11.7,0.06,30.119999999999997,267.48,0.0,259.21,969.77,577.21,234.0,392.56,-6.5699999999999985,-37.83,-0.0600000000000005,283.5978260869571,0.7,1.47,0.2,0.5,2.5,0.09488789237668142,0.24753363228699501,0.23515695067264522,0.26197309417040304,0.93,9,2002,,,0.5749999999999975,,22.299999999999997,4.46
2002-12-31,171.88,-0.8399999999999999,-0.03480662983425414,0.03798342541436476,,0.1999999999999993,0.1999999999999993,10.8,3.56,28.150000000000006,269.7,0.0,255.79,1016.23,624.05,234.01,392.18,2.5999999999999996,-9.050000000000004,-3.9299999999999997,-77.57142857142858,0.64,1.59,0.15,0.5,3.33,-0.3341436464088397,-1.0766850828729277,-0.8539226519337015,-0.9374585635359115,0.56,12,2002,,,0.9166666666666696,,24.133333333333336,3.62
2003-03-31,160.83,4.59,0.2,0.0,,7.59,7.59,11.8,3.89,27.4,372.57,0.0,252.61,1037.92,641.38,234.01,396.55,-15.78,106.52,7.64,14.75,0.7,1.62,0.2,0.0,0.0,1.7599999999999998,2.96,4.64,4.6,2.85,3,2003,,,0.0,,22.95,4.59
2003-06-30,152.53,-4.26,-0.1290909090909091,0.2,,-5.87,-5.87,11.4,3.7,43.89000000000001,367.22,0.0,249.86,998.19,609.95,234.01,388.24,17.259999999999998,-38.3,-12.32,-22.0774647887324,0.69,1.57,0.01,0.2,20.0,-1.5490909090909089,-8.778181818181817,-4.130909090909091,-4.130909090909091,0.11,6,2003,,,6.6000000000000005,,33.0,0.33
2003-09-30,197.64999999999998,3.7699999999999996,0.16551219512195123,-0.08975609756097565,,5.430000000000001,5.430000000000001,13.5,8.2,12.779999999999987,374.84,0.0,248.07,1097.6,704.16,234.02,393.44,30.33,0.28000000000000114,0.019999999999999574,20.391246684350136,0.8,1.79,0.18,0.2,1.11,1.360878048780488,2.5378536585365854,3.8251707317073165,3.8251707317073165,0.8,9,2003,,,-2.044444444444445,,22.777777777777775,4.1
2003-12-31,204.97000000000003,0.7000000000000002,0.029166666666666678,0.010185185185185188,,1.1999999999999993,1.1999999999999993,11.5,17.91,31.25,333.26,0.0,246.93,1177.22,757.7,234.02,419.51,16.430000000000003,-128.27,0.0,98.57142857142854,0.64,1.81,0.2,0.2,1.0,0.23916666666666672,0.4433333333333335,0.6650000000000001,0.6883333333333335,0.67,12,2003,,,0.24444444444444446,,23.999999999999996,4.8
2004-03-31,175.17,3.27,0.14,0.2,,5.47,5.47,12.5,0.96,26.1,399.01,0.0,247.08,1176.62,779.16,234.02,397.45,23.5,-34.69,0.25,22.322500000000005,0.74,1.96,0.14,0.2,1.43,1.12,1.96,3.28,3.28,1.87,3,2004,,,4.671428571428571,,23.357142857142854,3.27
2004-06-30,209.23,0.5899999999999999,0.024455958549222792,0.006365655070318315,,3.7199999999999998,3.7199999999999998,12.0,6.03,27.86,33.94,0.0,246.6,1222.54,807.28,258.33,415.26,16.340000000000003,-23.82,19.97,122.66949152542375,0.75,1.94,0.16,0.2,1.25,0.19564766839378234,0.5074611398963729,0.5686010362694299,0.586943005181347,1.0,6,2004,,,0.15357142857142936,,24.125,3.86
2004-09-30,195.82000000000005,1.44,0.05705660377358491,0.008820754716981119,,3.16,3.16,14.5,10.4,29.65,17.77,0.0,245.04,1180.89,763.83,258.33,417.06,1.8999999999999986,-17.949999999999996,-0.10999999999999943,63.53559027777778,0.9,1.83,0.21,0.2,0.95,0.48905660377358495,1.1737358490566039,1.3802264150943395,1.4236981132075472,0.91,9,2004,,,0.22261904761904727,,25.238095238095237,5.3
2004-12-31,236.52999999999997,8.77,0.34905472636815926,-0.0009002606017531537,,10.31,10.31,12.4,11.36,29.08,13.18,0.0,243.56,1219.58,794.14,258.33,425.45,11.419999999999995,-16.11,0.08999999999999986,8.879982896237173,0.75,1.87,0.56,0.2,0.36,2.8672352523098787,4.712238805970149,8.252651030561479,8.302515991471214,1.72,12,2004,,,-0.022619047619047983,,25.124999999999996,14.07
2005-03-31,217.32,3.11,0.12,0.0,,6.31,6.31,10.2,1.32,26.98,20.59,0.0,244.4,1267.46,789.12,258.33,478.34,-26.93,-17.18,51.52,21.249999999999996,0.55,1.65,0.12,0.0,0.0,1.0,2.08,2.6,2.84,1.43,3,2005,,,0.0,,25.916666666666668,3.11
2005-06-30,259.31,0.77,0.029768041237113404,0.3,,7.650000000000001,7.650000000000001,10.0,23.12,29.209999999999997,15.81,0.0,240.54,1212.08,742.59,310.39,469.48,18.25,-29.21,-7.400000000000006,83.9868831168831,0.66,1.58,0.15,0.3,2.0,0.25402061855670105,0.9128865979381443,0.6588659793814433,0.6985567010309278,0.81,6,2005,,,7.76,,25.866666666666667,3.88
2005-09-30,225.53999999999996,-23.02,-0.8178474399164055,0.024305120167189116,,-30.1,-30.1,11.0,27.37,27.400000000000006,8.41,0.0,239.19,1236.94,790.51,310.39,446.43,15.84,-112.42,-0.09999999999999432,-3.363218940052129,0.76,1.77,-0.68,0.3,-0.44,-7.456844305120167,-6.446562173458725,-20.638620689655173,-21.3121421107628,-2.73,9,2005,,,0.684117647058823,,28.14705882352941,-19.14
2005-12-31,320.49,44.94,1.480581395348837,0.021802325581395356,,20.11,20.11,10.0,42.93,30.86999999999999,7.47,0.0,252.16,1388.65,897.38,310.39,491.27,45.56,86.38,-0.28000000000000114,1.6878504672897199,0.63,1.83,0.85,0.3,0.35,12.959441860465116,2.090232558139535,36.57906976744186,39.2266976744186,2.52,12,2005,,,0.6617647058823533,,30.35294117647059,25.8
2006-03-31,287.92,10.06,0.32,0.35,,13.22,13.22,10.0,0.0,28.53,19.74,0.0,249.65,1478.65,973.88,310.39,504.77,76.93,-70.67,0.0,7.8125,0.61,1.93,0.32,0.35,1.09,2.72,3.84,7.96,8.2,3.49,3,2006,,,11.003124999999999,,31.4375,10.06
2006-06-30,273.16,1.7799999999999994,0.05712837837837836,-0.0031408361486486096,,1.5,1.5,10.5,0.0,31.03,17.35,0.0,249.45,1475.7,981.53,310.39,494.16,86.44999999999999,47.86,-10.86,45.94651685393259,0.66,1.99,0.38,0.35,0.92,0.48108108108108094,0.6614864864864863,1.4432432432432427,1.4793243243243237,2.11,6,2006,,,-0.09786184210526194,,31.157894736842106,11.84
2006-09-30,229.93999999999994,-9.56,-0.29350877192982466,0.015189289012003594,,-13.22,-13.22,14.3,0.34,28.810000000000002,11.87,0.0,250.98,1456.25,971.53,310.39,484.71,-6.579999999999984,-87.3,0.0,-12.180470711297069,0.92,2.0,0.07,0.35,5.0,-2.683508771929825,-1.8449122807017546,-7.88280701754386,-8.218245614035089,0.29,9,2006,,,0.4947368421052598,,32.57142857142856,2.28
2006-12-31,259.03,19.9,0.6370153291253381,-0.014923354373309175,,26.7,26.7,10.6,1.29,32.16,14.23,0.0,248.95,1423.1,920.77,310.39,502.32,-43.010000000000005,164.2,9.219999999999999,4.160143216080402,0.65,1.83,0.71,0.35,0.49,5.598557258791704,7.213525698827771,15.862578899909828,16.006131650135256,2.11,12,2006,,,-0.46619718309858804,,31.23943661971831,22.18
2007-03-31,240.88,18.1,0.58,0.0,,15.76,15.76,10.6,0.01,30.5,4.88,0.0,247.74,1439.9,949.57,310.39,490.33,-48.17,27.91,3.0,4.57,0.67,1.94,0.58,0.0,0.0,5.04,4.32,14.759999999999998,14.56,7.51,3,2007,,,0.0,,31.206896551724142,18.1
2007-06-30,209.92000000000002,2.979999999999997,0.09612903225806442,0.35,,3.2200000000000006,3.2200000000000006,10.0,0.01,26.22,23.64,0.0,245.91,1385.32,901.48,310.39,483.83,6.760000000000005,38.03,-23.08,26.01399328859063,0.64,1.86,0.68,0.35,0.51,0.8595066413662231,0.7520683111954451,2.465426944971535,2.437153700189751,4.68,6,2007,,,10.849999999999998,,30.999999999999996,21.08
2007-09-30,191.34999999999997,4.390000000000001,0.14133490380840205,0.0006870828425599357,,5.829999999999998,5.829999999999998,10.3,3.95,26.460000000000008,24.38,0.0,244.14,1292.54,802.15,310.39,490.39,-70.94,35.980000000000004,9.899999999999999,18.21772209567198,0.65,1.64,0.82,0.35,0.43,1.3581939536709857,1.2478837848449158,3.578186101295643,3.598869257950531,3.97,9,2007,,,0.021341463414636053,,31.0609756097561,25.47
2007-12-31,184.84000000000003,0.4200000000000017,0.013464658169177341,0.0014788175112342425,,-0.25,-0.25,10.5,7.35,31.5,27.92,0.0,241.92,1252.71,763.04,310.39,489.67,-43.59,-77.38,-9.899999999999999,194.94553571428494,0.67,1.56,0.83,0.35,0.42,0.1343221320973354,0.11939745075318704,0.3432676709154127,0.3387253765932806,3.13,12,2007,,,0.04612841610343921,,31.192771084337352,25.89
2008-03-31,183.55,4.37,0.14,0.0,,5.97,5.97,10.5,0.23,25.91,47.46,0.0,240.01,1243.21,748.37,310.39,494.84,8.1,1.37,0.0,18.75,0.66,1.51,0.14,0.0,0.0,1.4,1.8,3.52,3.56,2.38,3,2008,,,0.0,,31.21428571428571,4.37
2008-06-30,172.97999999999996,-7.48,-0.24051446945337623,0.35,,3.3999999999999995,3.3999999999999995,10.0,4.65,31.2,28.32,0.0,226.69,1173.45,697.28,310.39,476.17,-3.01,-55.08,-10.86,-10.394385026737968,0.65,1.46,-0.1,0.35,-3.5,-2.5975562700964634,7.023022508038586,-6.253376205787783,-6.253376205787783,-0.87,6,2008,,,10.884999999999998,,31.099999999999998,-3.11
2008-09-30,163.47000000000003,3.67,0.13107142857142856,-0.038749999999999896,,4.65,4.65,10.0,11.19,27.320000000000007,13.84,0.0,225.21,1096.41,619.34,310.39,477.07,-46.42,19.800000000000004,2.6999999999999993,19.07356948228883,0.65,1.3,0.02,0.35,17.5,1.3107142857142857,30.67071428571428,3.145714285714285,3.145714285714285,0.11,9,2008,,,-1.0849999999999973,,28.000000000000004,0.56
2008-12-31,150.27999999999997,-6.859999999999999,-0.2177777777777778,0.03888888888888883,,-6.71,-6.71,10.0,21.05,33.19,12.84,0.0,223.78,987.32,521.39,310.39,465.93,-49.05,53.48,-2.6999999999999993,-11.479591836734695,0.67,1.12,-0.2,0.35,-1.75,-2.787555555555555,2.831111111111111,-5.88,-5.749333333333333,-0.94,12,2008,,,1.2249999999999979,,31.499999999999996,-6.3
2009-03-31,123.57,1.69,0.05,0.0,,8.68,8.68,10.0,0.4,25.38,8.2,0.0,222.44,915.46,447.17,310.39,468.28,-31.65,19.25,3.24,50.0,0.66,0.95,0.05,0.0,0.0,0.72,3.2,1.44,1.4,1.37,3,2009,,,0.0,,33.8,1.69
2009-06-30,102.92000000000002,-64.85,-2.084317606079797,0.25,,-86.65,-86.65,7.95,4.69,27.500000000000004,35.48,0.0,171.95,835.33,439.76,310.39,395.56,-33.54,26.28,-5.300000000000001,-0.954461063993832,0.62,1.11,-2.03,0.25,-0.12,-31.049145028499048,-31.870550981633944,-65.5892653578214,-59.51086130462318,-27.89,6,2009,,,7.77832512315271,,31.11330049261084,-63.16
2009-09-30,88.82,-15.760000000000005,-0.5072275722250381,-0.0003414319919903986,,-6.450000000000003,-6.450000000000003,6.9,4.49,25.880000000000003,30.44,0.0,141.44,775.76,394.45,310.39,381.31,-45.60000000000001,46.03,-5.699999999999999,-3.4051776649746186,0.56,1.03,-2.54,0.25,-0.1,-8.123628991383683,-7.205027876330463,-16.534820070957934,-14.689630005068429,-25.03,9,2009,,,-0.010608587719638685,,31.070866141732285,-78.92
2009-12-31,82.37,79.74,2.917317073170732,-0.03418475129633189,,93.42,93.42,7.05,3.78,28.39999999999999,25.83,0.0,172.7,801.31,339.35,310.39,461.96,-24.969999999999985,16.0,4.449999999999999,0.6041509907198395,0.47,0.73,0.03,0.25,8.33,38.89756097560976,392.8653658536585,70.01560975609756,70.01560975609756,0.21,12,2009,,,-0.9343832020997382,,27.333333333333332,0.82
2010-03-31,89.09,5.35,0.17,0.0,,0.86,0.86,7.4,0.0,24.2,46.68,0.0,171.12,830.39,361.26,310.39,469.13,15.44,10.07,-4.45,10.8825,0.49,0.77,0.17,0.0,0.0,2.56,0.4,4.56,4.56,0.0,3,2010,,,0.0,,31.470588235294112,5.35
2010-06-30,91.10999999999999,-2.6799999999999997,-0.09033707865168537,0.1,,1.9700000000000002,1.9700000000000002,8.2,-3.47,27.709999999999997,79.66,4.96,170.16,853.43,387.96,310.39,465.47,28.370000000000005,-22.630000000000003,-3.0999999999999996,-22.692509328358213,0.55,0.83,0.09,0.1,1.11,-1.2446441947565543,-1.3650936329588015,-2.2885393258426965,-2.4892883895131086,1.48,6,2010,,,2.966666666666667,,29.666666666666668,2.67
2010-09-30,135.38,-29.340000000000003,-0.9460967379077616,0.004336957880264977,,-39.37,-39.37,8.2,0.0,26.710000000000008,57.0,0.0,110.78,862.48,424.15,310.39,438.33,-27.46,24.490000000000002,0.0,-2.165687627811861,0.58,0.97,-0.86,0.1,-0.12,-13.597390326209224,-19.626006749156357,-26.754735658042748,-28.64692913385827,0.0,9,2010,,,0.13449612403100808,,31.011627906976745,-26.67
2010-12-31,124.75999999999999,-75.78999999999999,-2.4410208861994924,0.00011870769761539472,,-80.9,-80.9,8.2,-1.98,40.519999999999996,64.9,0.0,104.81,938.39,573.7,310.39,364.69,6.899999999999999,-56.98,0.5499999999999998,-0.838173901570128,0.7,1.57,-3.3,0.1,-0.03,-32.3102400936951,-39.94397813780987,-83.14265079055241,-73.3489791138005,0.0,12,2010,,,0.0036856941508101038,,31.048484848484847,-102.46
2011-03-31,181.98,8.66,0.28,0.0,,-0.87,-0.87,8.8,0.0,0.0,34.49,0.0,103.52,4648.48,4273.75,310.39,374.73,35.5,-18.49,-0.55,7.857500000000001,0.73,11.4,0.28,0.0,0.0,0.76,-0.12,9.24,8.2,0.0,3,2011,,,0.0,,30.928571428571427,8.66
2011-06-30,181.52,10.14,0.32901063829787236,0.0,,10.139999999999999,10.139999999999999,8.25,0.0,0.0,4.22,0.0,102.14,4645.56,4258.4,310.39,387.16,4.490000000000002,-34.760000000000005,0.0,6.266666666666666,0.66,11.0,0.61,0.0,0.0,0.8629787234042553,0.7335319148936171,10.485191489361704,9.514340425531914,0.0,6,2011,,,0.0,,30.81967213114754,18.8
2011-09-30,200.36,-0.740000000000002,-0.02376522702104104,0.0,,-0.75,-0.75,7.0,0.0,0.0,8.95,0.0,102.32,4695.42,4309.56,310.39,385.86,1.9899999999999949,2.75,0.0,-73.6433108108106,0.56,11.17,0.58,0.0,0.0,-0.06228128460686617,-0.05080841638981188,-0.7670431893687728,-0.7178737541528258,0.0,9,2011,,,0.0,,31.137931034482758,18.06
2011-12-31,243.71000000000004,-180.04,-5.8020051858254105,0.0,,-180.03,-180.03,7.3,0.0,0.0,9.22,0.0,101.04,5235.16,5031.07,310.39,204.09,32.64000000000001,-32.379999999999995,0.0,-0.3148911353032659,1.11,24.65,-5.22,0.0,0.0,-13.7380812445981,-24.719654278305963,-352.877510803803,-253.24307692307693,0.0,12,2011,,,0.0,,31.03065134099617,-161.98
2012-03-31,255.43,-33.03,-1.06,0.0,,-33.03,-33.03,9.1,0.0,0.0,9.75,0.0,99.8,5490.86,5375.49,310.39,115.37,3.03,-2.5,0.0,-2.145,2.45,46.59,-1.06,0.0,0.0,-2.4,-2.6,-114.52000000000001,-53.92,0.0,3,2012,,,0.0,,31.160377358490564,-33.03
2012-06-30,294.19,-46.379999999999995,-1.4951870041556479,0.0,,-46.379999999999995,-46.379999999999995,9.1,0.0,0.0,5.51,0.0,99.05,5650.97,5498.88,310.39,152.09,7.25,-92.99,81.5,-1.5195423673997412,1.86,36.16,-2.56,0.0,0.0,-3.2940838685304117,-3.5977937287495276,-121.97455232338496,-68.80196448809974,0.0,6,2012,,,0.0,,31.019531249999996,-79.41
2012-09-30,290.16999999999996,-118.84,-3.7225543505674654,0.0,,-118.84,-118.84,8.1,0.0,0.0,9.21,0.0,97.76,5733.03,5685.72,395.68,47.32,-34.839999999999996,34.739999999999995,3.7900000000000063,-0.5421680410636149,6.77,120.15,-6.21,0.0,0.0,-8.29632080706179,-9.111566204287517,-1004.5741518284995,-219.46885649432537,0.0,9,2012,,,0.0,,31.924315619967793,-198.25
2012-12-31,255.36000000000013,46.25,1.366200657894737,0.0,,46.25,46.25,6.2,0.0,0.0,10.08,0.0,99.36,5726.66,5630.4,395.68,96.26,-45.55,46.42,0.0,1.1338378378378378,2.55,58.49,-4.49,0.0,0.0,3.225328947368421,3.3713815789473682,192.19309210526316,123.1953947368421,0.0,12,2012,,,0.0,,33.85300668151447,-152.0
2013-03-31,221.14,16.08,0.41,0.0,,16.08,16.08,6.15,0.0,0.0,40.21,0.0,97.32,5804.91,5691.68,395.68,113.23,-72.45,102.58,0.0,3.75,2.15,50.27,0.41,0.0,0.0,1.12,1.12,56.8,56.28,0.0,3,2013,,,0.0,,39.21951219512195,16.08
2013-06-30,182.8,-47.47,-1.1946893915259635,0.0,,-47.62,-47.62,8.6,0.0,0.0,30.23,0.0,172.23,5950.48,5822.75,395.68,127.73,-54.03999999999999,44.05,0.0,-1.8002796503054563,2.66,45.59,-0.79,0.0,0.0,-3.206001911436763,-3.266492513539344,-148.6858999681427,-135.7409111181905,0.0,6,2013,,,0.0,,39.734177215189874,-31.39
2013-09-30,159.17000000000002,8.560000000000002,0.21746824353920288,0.0,,8.48,8.48,6.0,0.0,0.0,37.48,0.0,171.5,5733.74,5602.56,395.68,131.18,-47.209999999999994,54.47,0.0,6.894339953271026,1.81,42.71,-0.58,0.0,0.0,0.5999123959702148,0.5999123959702148,26.096189224704343,38.36439772229524,0.0,9,2013,,,0.0,,39.36206896551724,-22.83
2013-12-31,160.89999999999998,4.319999999999997,0.10969205834683944,0.0,,4.25,4.25,5.9,0.0,0.0,32.99,0.0,176.67,5633.92,5495.38,395.68,138.54,-105.16000000000003,100.67999999999998,0.0,13.443315972222234,1.69,39.67,-0.47,0.0,0.0,0.30807131280388955,0.30807131280388955,12.47222042139383,14.722074554294963,0.0,12,2013,,,0.0,,39.382978723404264,-18.51
2014-03-31,151.38,-1.37,-0.03,0.0,,-1.37,-1.37,6.05,0.0,0.0,47.0,0.0,176.33,5711.97,5573.68,395.68,138.29,-60.42,74.42,0.0,-50.41749999999999,1.73,40.3,-0.03,0.0,0.0,-0.08,-0.08,-3.9599999999999995,-4.36,0.0,3,2014,,,0.0,,45.66666666666667,-1.37
2014-06-30,125.63,-2.95,-0.07511574074074075,0.0,,-3.4399999999999995,-3.4399999999999995,7.8,0.0,0.0,104.65,0.0,131.5,2178.85,1992.29,446.91,186.56,-47.209999999999994,13.649999999999991,91.22,-25.96027118644068,1.87,10.68,-0.11,0.0,0.0,-0.5462962962962963,-0.3277777777777778,-6.337037037037037,-7.511574074074074,0.0,6,2014,,,0.0,,39.27272727272727,-4.32
2014-09-30,125.38,-24.12,-0.5767088607594937,0.0,,-24.360000000000003,-24.360000000000003,7.95,0.0,0.0,45.24,0.0,129.77,1938.53,1774.39,446.91,164.14,-83.80000000000001,24.39,0.0,-3.445932835820895,2.16,10.81,-0.68,0.0,0.0,-4.986835443037975,-2.5782278481012657,-58.790379746835434,-65.33772151898735,0.0,9,2014,,,0.0,,41.8235294117647,-28.44
2014-12-31,120.58000000000004,-81.41,-1.912041875284479,0.0,,-24.449999999999996,-24.449999999999996,6.95,0.0,0.0,25.68,0.0,127.99,1643.8,1552.0,446.91,91.8,-59.139999999999986,39.58,0.0,-0.9074330549072595,3.38,16.91,-2.58,0.0,0.0,-19.802232134729174,-4.357676832043696,-354.7208229403732,-282.7450450614474,0.0,12,2014,,,0.0,,42.57751937984496,-109.85
2015-03-31,107.54,17.32,0.39,0.0,,17.07,17.07,18.1,0.0,0.0,14.87,0.0,126.23,1748.83,1636.81,446.91,112.02,-32.01,21.2,0.0,11.6025,7.22,14.61,0.39,0.0,0.0,3.96,1.84,61.84,55.36,0.0,3,2015,,,0.0,,44.41025641025641,17.32
2015-06-30,104.89,0.6699999999999982,0.0014897165091717582,0.0,,0.4299999999999997,0.4299999999999997,1.25,0.0,0.0,254.73,0.0,124.47,1914.77,1580.29,744.84,334.48,42.75,19.62,177.49,209.77145522388116,2.78,4.72,0.04,0.0,0.0,0.14003335186214524,0.12662590327959944,0.8014674819344059,1.029394107837685,0.0,6,2015,,,0.0,,449.74999999999994,17.99
2015-09-30,110.43,-20.86,0.0,,,-21.1,-21.1,0.64,0.0,0.0,148.69,0.0,122.67,1789.95,1478.48,744.84,311.46,-6.390000000000001,-99.65,0.0,0.0,1.53,4.75,0.0,0.0,0.0,-4.65170731707317,-5.52390243902439,-26.74731707317073,-35.17853658536585,0.0,9,2015,,,,,-inf,-2.87
2015-12-31,111.38999999999999,13.100000000000001,0.025610948191593357,,,12.85,12.85,0.5,0.0,0.0,138.32,0.0,120.93,1628.73,1301.85,744.84,326.87,-15.1,4.719999999999999,0.0,4.880725190839694,1.14,3.98,0.02,0.0,0.0,3.226979472140763,2.919648093841642,16.032453567937438,25.0475073313783,0.0,12,2015,,,,,511.5,10.23
2016-03-31,124.54,-53.09,-0.07,0.0,,-52.79,-52.79,0.45,0.0,0.0,88.02,300.83,137.76,1649.52,1356.6,744.84,292.92,-50.18,-0.12,0.0,-1.6075,1.14,4.63,-0.07,0.0,0.0,-12.88,-12.44,-72.48,-104.88,0.0,3,2016,,,0.0,,758.4285714285714,-53.09
2016-06-30,122.51,-36.66,-0.04901615598885793,0.0,,-36.76,-36.76,0.45,0.0,0.0,127.6,371.1,137.2,1782.19,1446.1,918.07,336.09,-39.949999999999996,-0.15000000000000002,79.68,-2.295161620294599,1.23,4.3,-0.12,0.0,0.0,-8.234714206128134,-7.90793983286908,-43.62437883008356,-43.738749860724226,0.0,6,2016,,,0.0,,747.9166666666667,-89.75
2016-09-30,132.95999999999998,-12.200000000000003,-0.014359980382540464,0.0,,-12.290000000000006,-12.290000000000006,0.34,0.0,0.0,79.42,345.83,136.53,1687.35,1363.61,918.07,323.74,-48.16,-0.019999999999999962,0.0,-5.912264344262294,0.96,4.21,-0.12,0.0,0.0,-2.8911427170181465,-2.804982834722904,-15.073192741539973,-15.365179009318297,0.0,9,2016,,,0.0,,849.5833333333334,-101.95
2016-12-31,137.97000000000003,-81.48,-0.09772447255083684,0.0,,-81.65,-81.65,0.6,0.0,0.0,56.73,398.44,147.21,1583.07,1331.44,918.07,251.63,-21.680000000000007,-1.02,0.0,-1.5364626288659795,2.19,5.29,-0.22,0.0,0.0,-20.59321157934907,-20.308922204655726,-129.52934634465464,-112.68520089407404,0.0,12,2016,,,0.0,,833.7727272727273,-183.43
2017-03-31,134.97,-12.07,-0.01,0.0,,-12.12,-12.12,0.52,0.0,0.0,37.11,400.87,146.81,1551.83,1314.91,918.07,236.91,-18.67,-0.95,0.0,-13.0,2.02,5.55,-0.01,0.0,0.0,-3.12,-3.04,-20.36,-18.24,0.0,3,2017,,,0.0,,1207.0,-12.07
2017-06-30,128.04,-39.4,-0.045929667767631625,0.0,,-39.470000000000006,-39.470000000000006,0.43,9.02,42.51,64.72,0.0,146.32,1659.9,1469.05,918.07,190.85,27.62,0.0,0.0,-2.341623730964467,2.07,7.7,-0.06,0.0,0.0,-9.49213133864387,-9.185933553526326,-82.58154264620167,-59.83104721196813,0.0,6,2017,,,0.0,,857.8333333333334,-51.47
2017-09-30,152.53000000000003,-44.61,-0.0464300582847627,0.0,,-44.66,-44.66,0.72,21.82,20.65,181.08,0.0,145.93,1556.77,1407.66,918.07,149.11,116.47,-0.1100000000000001,0.0,-3.8767989240080696,4.43,9.44,-0.1,0.0,0.0,-11.458938384679435,-11.013209825145712,-119.67811823480433,-75.47670274771025,0.0,9,2017,,,0.0,,960.8,-96.08
