,revenue,net_profit,eps,dps,gross_profit,ebit,ebitda,close_price,allowance_doubtful_accounts,expense,operating_profit,cash,account_receivable,inventory,current_asset,property_plant_equipment,total_asset,short_term_loan,account_payable,current_liability,non_current_liability,total_liability,paid_in_capital,total_equity,cash_flow_operation,cash_flow_investment,cash_flow_financing,depreciation,P/E,P/BV,D/E,EPS,DPS,DPR%,ROA%,ROAA%,ROE%,ROAE%,ROCE%,NPM%,NPMA%,CurrentRatio,QuickRatio,month,year,dividend,number_of_shares,return_old
1999-12-31,,,,,,,,25.0,0.0,,,253.57,99.16,235.6,605.27,725.82,1479.96,7.43,22.99,95.68,58.05,153.73,150.0,1326.23,,,,,,2.83,0.12,0.68,0.0,0.0,,,,,,3.69,3.64,6.33,3.86,12,1999,,14.897058823529411,10.13
2000-03-31,628.23,22.71,1.51,2.4,111.67,31.18,100.63,23.0,0.0,597.05,19.11,225.74,155.5,225.33,620.13,711.63,1470.88,5.0,49.56,114.59,58.51,173.1,150.0,1297.79,61.47,-104.64,-32.7,69.45,3.8075,2.66,0.13,1.51,2.4,1.59,6.159999999999999,0.0,7.0,0.0,9.2,3.69,3.61,5.41,3.45,3,2000,36.095364238410596,15.039735099337749,22.71
2000-06-30,357.53,23.33,1.5556711555169416,-0.006880282622079259,67.82000000000001,31.979999999999997,65.72,26.5,0.0,325.5400000000001,25.009999999999998,299.59,121.0,237.58,675.47,681.5,1495.79,9.42,39.31,134.06,58.61,192.68,150.0,1303.11,72.81,-69.38000000000001,4.410000000000004,33.739999999999995,4.257663951993143,3.05,0.15,3.07,2.4,0.78,6.242953953084274,0.0,7.155073848827106,0.0,9.404969591659427,4.76,4.67,5.04,3.27,6,2000,-0.10318182798714304,14.996742671009773,46.04
2000-09-30,346.81999999999994,20.21,1.3483501886792453,1.1987102452215601,66.82,27.810000000000002,63.170000000000016,21.25,0.0,319.01999999999987,20.550000000000004,300.39,119.6,259.61,699.48,671.07,1509.14,0.0,35.78,127.52,58.3,185.82,150.0,1323.32,52.609999999999985,-50.639999999999986,-27.410000000000004,35.360000000000014,3.9418913904007913,2.41,0.14,4.42,3.6,0.81,5.356793962264151,0.0,6.113334339622641,0.0,8.029089811320755,5.07,4.97,5.49,3.45,9,2000,17.967093607676098,14.98868778280543,66.25
2000-12-31,-1001.9699999999999,-56.94,-3.7919226638023624,-3.593421174137671,-188.46,-77.93,-186.02,26.5,0.0,-924.05,-57.42,323.92,97.0,274.17,725.85,648.58,1502.66,0.95,41.76,110.88,59.16,170.03,150.0,1332.63,-160.44,225.35999999999999,52.09,-108.09,-1.7470556726378648,2.98,0.13,0.62,0.0,0.0,-15.16769065520945,-21.283694951664877,-17.124812030075187,-17.124812030075187,-22.99617615467239,2.87,2.82,6.55,4.07,12,2000,-53.95927601809955,15.016129032258066,9.31
2001-03-31,706.06,36.99,2.47,1.8,137.54,51.88,112.98,28.0,0.0,654.18,39.54,284.33,147.84,287.84,745.71,649.76,1523.62,0.0,50.73,130.86,59.45,190.3,150.0,1333.32,41.76,-30.81,-27.0,61.1,2.835,3.15,0.14,2.47,1.8,0.73,9.72,13.879999999999999,11.079999999999998,11.24,14.88,5.33,5.24,5.7,3.5,3,2001,26.956275303643725,14.975708502024291,36.99
2001-06-30,357.97,23.53,1.5668522802379379,1.2049935645458656,58.05000000000001,26.21999999999999,58.42,35.0,0.0,331.75,14.530000000000001,345.06,113.46,274.88,754.71,634.36,1517.14,0.0,53.84,126.88,51.42,178.3,150.0,1338.84,94.36000000000001,-15.640000000000004,-18.0,32.199999999999996,5.581317467063323,3.92,0.13,4.03,3.0,0.74,6.205201586252478,8.055875743555848,7.0294514210178445,7.122762723066755,8.740158625247853,5.82,5.69,5.95,3.78,6,2001,18.095833877497714,15.017369727047146,60.52
2001-09-30,347.02,11.169999999999995,0.744770539824243,-0.003892898393863933,53.5,15.730000000000004,47.78999999999999,29.5,0.0,331.2900000000001,9.229999999999997,386.22,98.45,285.84,789.39,628.34,1545.71,0.81,51.78,144.63,51.07,195.7,150.0,1350.01,66.12,-66.75999999999999,0.8100000000000023,32.06,9.899894807520148,3.28,0.14,4.78,3.0,0.63,2.891828706932625,3.826687125122051,3.309398800390569,3.34056074766355,4.175700934579438,5.19,5.08,5.46,3.48,9,2001,-0.05838533176905969,14.997907949790793,71.69
2001-12-31,-1090.5,-55.04,-3.669333333333334,-2.999581589958159,-190.26,-71.16,-168.79,31.25,0.0,-1019.34,-45.449999999999996,370.07,108.45,292.12,887.51,603.96,1521.46,0.0,47.83,103.52,51.27,154.8,150.0,1366.66,-209.91,110.1,38.82,-97.63,-2.1288948946220927,3.43,0.11,1.11,0.0,0.0,-14.412876876876878,-19.834234234234238,-16.131843843843846,-16.264072072072075,-21.15651651651652,5.27,5.19,8.57,5.75,12,2001,-44.99372384937238,14.999999999999998,16.65
2002-03-31,657.1,31.66,2.11,1.8,116.46,42.6,98.07,41.5,0.0,614.5,32.93,211.78,93.68,291.69,815.21,582.44,1527.56,0.0,49.85,121.81,51.07,172.89,150.0,1354.68,64.02,-8.56,-27.81,55.47,4.9175,4.6,0.13,2.11,1.8,0.85,8.28,11.16,9.36,9.44,12.12,4.89,4.82,6.69,4.3,3,2002,27.008530805687204,15.004739336492891,31.66
2002-06-30,365.36,24.45,1.629709499198004,1.1997521794106194,54.05,29.619999999999997,57.360000000000014,41.0,0.0,335.74,8.79,421.01,116.48,304.19,854.55,552.94,1562.73,12.7,62.16,150.61,51.0,201.61,150.0,1361.12,34.540000000000006,-20.0,-5.300000000000001,27.739999999999995,6.2879918200409,4.52,0.15,3.74,3.0,0.8,6.257387274995545,8.174692568169668,7.181179825343077,7.2509000178221354,8.906754589199787,5.66,5.49,5.67,3.65,6,2002,17.999490584687127,15.002673796791443,56.11
2002-09-30,402.71000000000004,28.150000000000006,1.8775575599335392,-0.001959176523898892,82.78,38.379999999999995,66.38999999999999,39.0,0.0,364.3299999999999,29.61,436.03,151.46,275.02,878.08,579.58,1607.41,22.0,50.2,167.56,50.58,218.14,150.0,1389.27,54.91,-49.2,9.309999999999999,28.010000000000005,5.193289520426287,4.21,0.16,5.62,3.0,0.53,7.002421077616901,9.381106100166154,8.111583194873013,8.218490386897699,10.26309043436981,6.08,5.91,5.24,3.6,9,2002,-0.029373703541587304,14.99288256227758,84.26
2002-12-31,-1063.75,-51.02,-3.407472924187726,-3.003989105438288,-187.14999999999998,-66.03,-153.05,51.5,0.0,-997.7199999999999,-52.79,437.24,115.86,307.84,883.59,603.73,1632.04,15.0,57.48,158.43,51.1,209.52,150.0,1422.51,-120.92,-48.67999999999999,16.8,-87.02,-3.77875343002744,5.43,0.15,2.22,0.0,0.0,-12.52476534296029,-17.375042117930203,-14.366642599277977,-14.61222623345367,-18.54156438026474,9.91,9.2,5.58,3.63,12,2002,-44.978647686832744,14.972972972972972,33.24
2003-03-31,719.47,37.13,2.48,2.3,114.4,50.03,98.22,42.5,0.0,669.44,17.9,72.95,117.35,306.86,842.7,629.61,1611.96,15.0,71.85,168.78,51.28,220.06,150.0,1391.9,75.55,-99.23,-41.5,48.19,4.285,4.58,0.16,2.48,2.3,0.93,9.2,12.76,10.68,10.8,13.88,5.4,5.16,4.99,3.17,3,2003,34.43508064516129,14.971774193548388,37.13
2003-06-30,357.53999999999996,10.439999999999998,0.6957073785999578,0.0052931333789930785,53.19,12.920000000000002,40.5,48.0,0.0,344.63,5.870000000000001,57.28,118.9,343.32,867.81,616.96,1624.33,15.0,82.96,171.61,50.38,221.99,150.0,1402.34,-0.8199999999999932,-14.849999999999994,0.0,27.58,17.246403256704987,5.13,0.16,3.17,2.3,0.73,2.57214210636956,3.4675635904982123,2.9759596384275797,3.0198528484338865,3.801151986546142,4.58,4.42,5.06,3.06,6,2003,0.07943039584817058,15.006309148264984,47.57
2003-09-30,421.8499999999999,23.630000000000003,1.5764396067415731,1.1974167493708576,74.38,29.489999999999995,57.18000000000001,60.5,0.0,392.35,20.779999999999998,390.19,139.38,344.96,898.04,610.04,1647.52,15.03,80.33,189.08,50.47,239.55,150.0,1407.96,41.94,-19.059999999999988,-17.979999999999997,27.689999999999998,9.596783749471012,6.45,0.17,4.75,3.5,0.74,5.734921348314607,7.5403595505617975,6.71729213483146,6.75711797752809,8.41652808988764,4.91,4.75,4.75,2.93,9,2003,17.948646853727382,14.989473684210527,71.2
2003-12-31,-1143.2599999999998,-56.620000000000005,-3.766899862825789,-1.4903472673453182,-186.66,-73.58,-151.49,69.5,0.0,-1069.69,-33.33,28.7,113.68,379.36,882.92,596.87,1619.14,15.0,55.69,145.3,51.3,196.6,150.0,1422.54,-132.7,115.69999999999999,59.449999999999996,-77.91,-4.612579477216531,7.33,0.14,0.97,2.0,2.06,-13.980246913580249,-18.01898491083676,-15.844279835390948,-15.844279835390948,-19.883017832647464,4.19,4.1,6.08,3.47,12,2003,-22.401302224633753,15.030927835051546,14.58
2004-03-31,710.14,22.22,1.48,2.0,102.78,27.88,78.62,59.0,0.0,682.26,10.74,78.12,121.73,398.16,878.11,595.82,1613.32,18.0,59.48,163.29,49.85,213.14,150.0,1400.18,18.3,24.66,-27.03,50.74,9.965,6.32,0.15,1.48,2.0,1.35,5.52,6.920000000000001,6.359999999999999,6.359999999999999,7.68,3.21,3.13,5.38,2.94,3,2004,30.027027027027025,15.013513513513512,22.22
2004-06-30,371.92999999999995,13.800000000000004,0.9194891726818436,1.1993096928133022,51.97,17.540000000000003,43.31,55.0,0.0,354.4000000000001,10.520000000000001,83.32,127.14,383.15,880.55,590.01,1609.2,18.0,60.86,163.63,49.58,213.21,150.0,1395.99,41.519999999999996,-18.33,-18.0,25.770000000000003,14.956130434782606,5.91,0.15,2.4,3.2,1.33,3.4327595780122167,4.306274292059968,3.9538034425319273,3.93847862298723,4.811993337034981,3.4,3.33,5.38,3.04,6,2004,17.999639639639646,15.008333333333335,36.02
2004-09-30,427.73,25.79,1.719055169066494,-0.001259774578007891,60.129999999999995,34.980000000000004,61.25999999999999,59.5,0.0,392.74,10.069999999999997,117.09,136.64,377.09,920.08,594.2,1652.84,18.0,70.08,181.28,49.78,231.06,150.0,1421.78,45.830000000000005,-12.05,0.0,26.28,8.651962000775494,6.28,0.16,4.12,3.2,0.78,6.242006147872512,8.12795987704255,7.260087364504124,7.293467076524834,9.112661381653453,4.23,4.09,5.08,3.0,9,2004,-0.018899676375404795,15.00242718446602,61.81
2004-12-31,-1183.85,-62.04,-5.394782608695652,-4.1745884339383705,-174.82999999999998,-79.42,-158.14,52.5,0.0,-1104.43,-36.699999999999996,58.77,102.08,427.2,877.51,614.9,1630.93,18.0,68.82,157.99,51.4,209.39,150.0,1421.54,-119.34,-38.910000000000004,45.03,-78.72,-2.432906189555126,5.54,0.15,-0.02,0.0,0.0,-10.789565217391305,64.73739130434782,-21.57913043478261,-21.57913043478261,75.52695652173914,-0.07,-0.07,5.55,2.85,12,2004,-48.007766990291266,11.5,-0.23
2005-03-31,684.8,-9.81,-0.65,1.8,72.99,-9.21,39.86,49.0,0.0,694.01,-20.96,56.25,133.42,406.73,831.95,600.48,1570.99,18.0,48.03,134.88,51.15,186.02,150.0,1384.96,-23.85,-9.99,-27.0,49.07,-18.845,5.31,0.13,-0.65,1.8,-2.77,-2.48,-2.32,-2.84,-2.8,-2.5599999999999996,-1.46,-1.43,6.17,3.15,3,2005,27.166153846153847,15.092307692307692,-9.81
2005-06-30,337.6500000000001,-7.929999999999998,-0.5274746335963922,-0.006993322348452089,24.55000000000001,-8.259999999999998,18.58,40.0,0.0,345.9000000000001,-18.490000000000002,169.57,109.6,322.52,835.06,580.99,1554.34,18.0,51.95,127.23,50.07,177.31,150.0,1377.04,120.63,-7.3100000000000005,0.0,26.839999999999996,-18.959205548549814,4.36,0.13,-1.18,1.8,-1.53,-2.0383765501691085,-1.966854565952649,-2.3065839909808337,-2.288703494926719,-2.181420518602029,-1.77,-1.74,6.56,4.03,6,2005,-0.10513689700130513,15.033898305084746,-17.74
2005-09-30,349.76,-20.34,-1.3567121848739496,-0.00501531120922949,25.659999999999997,-20.22,6.490000000000009,33.0,0.0,369.99,-16.18,206.81,127.32,306.7,863.62,566.83,1568.41,18.0,75.77,161.38,50.34,211.72,150.0,1356.7,29.58,7.66,0.0,26.710000000000008,-6.079882005899705,3.65,0.16,-2.54,1.8,-0.71,-5.191827731092438,-4.99953781512605,-6.003718487394958,-5.854159663865547,-5.725966386554623,-2.83,-2.78,5.35,3.45,9,2005,-0.07519017749899959,14.992125984251967,-38.08
2005-12-31,-1083.69,22.39,1.4983747609942641,-1.8059348699959352,-113.83,22.139999999999997,-58.010000000000005,31.75,0.0,-1105.8400000000001,32.77,277.22,81.79,298.79,825.38,549.25,1512.51,18.0,52.17,119.93,51.58,171.5,150.0,1341.0,-101.96000000000001,55.65,27.0,-80.15,5.297740062527914,3.55,0.13,-1.05,0.0,0.0,5.9364181007010846,5.651013384321224,6.678470363288719,6.507227533460803,6.39306564690886,-5.58,-5.44,6.88,4.39,12,2005,-26.985826771653542,14.942857142857141,-15.69
2006-03-31,575.18,-40.9,-2.73,2.13,13.21,-40.6,4.33,32.0,0.0,615.78,-54.26,232.63,105.83,275.25,787.1,538.62,1463.49,18.0,51.5,128.37,51.28,179.64,150.0,1283.85,23.6,34.17,-31.95,44.93,-2.93,3.74,0.14,-2.73,2.13,-0.78,-11.16,-10.72,-12.76,-12.28,-12.16,-7.28,-7.11,6.13,3.99,3,2006,31.91098901098901,14.981684981684982,-40.9
2006-06-30,324.1400000000001,6.969999999999999,0.46425582080754485,0.004481722227080369,39.339999999999996,7.160000000000004,29.980000000000004,32.25,0.0,316.98,1.8500000000000014,101.92,102.91,260.97,788.29,392.99,1473.05,18.0,50.48,131.3,50.94,182.24,150.0,1290.82,54.35,-185.05,0.0,22.82,17.366610473457676,3.75,0.14,-2.26,2.13,-0.94,1.8898909519599172,1.8159386973180072,2.161049218980253,2.0870969643383432,2.0460123784261715,-3.85,-3.77,6.0,4.02,6,2006,0.06728532529417564,15.013274336283187,-33.93
2006-09-30,385.26999999999987,-18.130000000000003,-1.2084344986553979,-0.00147545038230251,44.89,-17.92,5.409999999999997,36.0,0.0,403.19000000000005,-0.4300000000000068,280.15,130.27,268.96,845.46,371.5,1469.36,18.0,57.54,144.56,52.12,196.68,150.0,1272.69,15.099999999999994,163.12,0.0,23.33,-7.444321566464423,4.24,0.15,-3.47,2.13,-0.61,-4.931248559354591,-4.708367268536305,-5.6974029965424515,-5.516311947752594,-5.404871302343451,-4.19,-4.05,5.85,3.99,9,2006,-0.022136007752930453,15.002881844380402,-52.06
2006-12-31,-998.53,53.18,3.32375,-1.997258645533141,-75.84,52.68,-18.68,32.0,0.0,-1051.21,43.970000000000006,59.42,100.36,280.71,821.63,369.97,1444.02,18.0,54.66,117.53,52.68,170.21,150.0,1273.81,-82.02,-244.0,31.95,-71.36,2.406904851447913,3.77,0.13,0.07,0.0,0.0,15.194285714285714,17.093571428571426,17.093571428571426,17.093571428571426,18.992857142857144,0.41,0.39,6.99,4.6,12,2006,-31.956138328530255,16.0,1.12
2007-03-31,570.94,-1.55,-0.1,0.0,42.85,-1.17,37.87,39.0,0.0,572.11,-22.21,249.64,89.88,322.96,814.84,369.46,1436.65,18.0,44.86,113.26,52.25,165.52,150.0,1271.13,-17.52,-12.99,0.0,39.04,-97.5,4.6,0.13,-0.1,0.0,0.0,-0.44,-0.32,-0.4799999999999999,-0.4799999999999999,-0.36,-0.28,-0.27,7.19,4.34,3,2007,0.0,15.5,-1.55
2007-06-30,286.26,-5.09,-0.33728915662650605,0.0,12.899999999999999,-4.92,15.82,28.0,0.0,291.16999999999996,-20.119999999999997,63.34,88.34,355.94,816.96,384.12,1453.3,18.0,59.89,135.09,52.17,187.26,150.0,1266.04,13.66,-199.95999999999998,0.0,20.740000000000002,-20.754891944990177,3.32,0.15,-0.44,0.0,0.0,-1.4104819277108434,-1.2878313253012046,-1.5944578313253013,-1.5944578313253013,-1.4104819277108434,-0.81,-0.77,6.05,3.41,6,2007,0.0,15.09090909090909,-6.64
2007-09-30,299.77,-30.200000000000003,-2.016612377850163,0.0,-3.770000000000003,-30.31,-9.39,27.0,0.0,330.0899999999999,-36.84,276.6,105.29,297.23,778.21,366.59,1396.89,18.0,42.15,109.52,51.52,161.05,150.0,1235.85,13.87,199.39,0.0,20.92,-3.3485364238410598,3.28,0.13,-2.46,0.0,0.0,-8.656677524429966,-8.328773072747014,-9.77155266015201,-9.640390879478828,-9.27969598262758,-3.33,-3.18,7.11,4.39,9,2007,0.0,14.975609756097562,-36.84
2007-12-31,-874.07,29.310000000000002,1.9462151394422311,0.0,-32.65,28.99,-31.29,25.0,0.0,-903.06,64.4,102.22,99.12,254.38,765.47,351.12,1353.55,0.0,35.41,73.35,51.88,125.23,150.0,1228.32,33.6,-186.43,-18.0,-60.28,3.2113613101330603,3.05,0.1,-0.5,0.0,0.0,8.719043824701195,8.25195219123506,9.497529880478089,9.34183266932271,9.03043824701195,-2.73,-2.66,10.44,6.97,12,2007,0.0,15.06,-7.53
2008-03-31,559.74,-16.54,-1.1,0.0,35.84,-16.42,24.02,25.0,0.0,576.16,-29.9,51.74,119.75,236.44,778.25,335.32,1350.42,0.0,38.29,79.31,51.81,131.12,150.0,1219.3,62.08,-268.94,-18.0,40.44,-5.6825,3.08,0.11,-1.1,0.0,0.0,-4.88,-4.72,-5.44,-5.32,-5.16,-3.03,-2.95,9.81,6.83,3,2008,0.0,15.036363636363633,-16.54
2008-06-30,288.12,-3.039999999999999,-0.20339121552604694,0.0,27.65,-3.039999999999999,17.24,26.0,0.0,291.1600000000001,-12.740000000000002,102.52,112.21,230.53,796.8,317.16,1350.69,0.0,41.16,84.2,50.22,134.42,150.0,1216.27,28.83,21.94999999999999,0.0,20.28,-31.962417763157905,3.21,0.11,-1.31,0.0,0.0,-0.9005107252298261,-0.8632482124616954,-0.9998774259448416,-0.9812461695607761,-0.9564044943820224,-2.37,-2.31,9.46,6.73,6,2008,0.0,14.946564885496182,-19.58
2008-09-30,225.40999999999997,12.779999999999998,0.8457352941176469,0.0,22.020000000000003,12.77,33.04,16.5,16.28,212.63,19.21,36.99,77.86,237.27,847.44,300.18,1336.24,0.0,36.91,58.54,48.66,107.2,150.0,1229.04,29.689999999999998,-95.21999999999997,0.0,20.269999999999996,4.877856025039124,2.01,0.09,-0.45,0.0,0.0,3.833999999999999,3.6836470588235284,4.13470588235294,4.13470588235294,3.909176470588235,-0.65,-0.63,14.48,10.42,9,2008,0.0,15.11111111111111,-6.8
2008-12-31,-831.18,18.02,1.2045454545454544,0.0,-53.53,18.400000000000002,-43.37,17.5,0.0,-849.57,27.25,63.78,59.92,219.82,856.03,296.72,1341.33,0.0,32.76,53.08,47.99,101.07,150.0,1240.26,-63.519999999999996,311.91999999999996,18.0,-61.769999999999996,3.631556603773585,2.12,0.08,0.75,0.0,0.0,5.396363636363636,5.589090909090908,5.781818181818182,5.846060606060606,5.846060606060606,4.79,4.63,16.13,11.99,12,2008,0.0,14.96,11.22
2009-03-31,466.77,11.47,0.76,0.0,54.8,11.47,48.53,17.6,0.0,455.29,-0.78,50.19,82.18,214.23,876.54,280.62,1345.57,0.0,30.98,57.23,47.83,105.06,150.0,1240.51,61.55,-48.35,0.0,37.06,5.789999999999999,2.13,0.08,0.76,0.0,0.0,3.4,3.4,3.6800000000000006,3.72,3.56,2.52,2.46,15.32,11.57,3,2009,0.0,15.092105263157896,11.47
2009-06-30,221.46000000000004,6.26,0.41662718556119566,0.0,31.39,6.26,24.039999999999992,19.6,0.0,215.20999999999998,3.1799999999999997,76.35,65.42,207.35,901.76,264.2,1354.32,0.0,29.94,59.81,47.74,107.55,150.0,1246.77,45.84,-19.68,0.0,17.78,11.760994408945686,2.36,0.09,1.18,0.0,0.0,1.850107163000564,1.850107163000564,2.00545967287084,2.033705583756345,1.9348448956570785,2.63,2.58,15.08,11.61,6,2009,0.0,15.02542372881356,17.73
2009-09-30,217.85000000000002,7.259999999999998,0.4851620648259302,0.0,27.10000000000001,7.259999999999998,24.980000000000004,26.25,0.0,210.59000000000003,1.08,40.65,61.36,192.49,880.39,249.17,1342.79,0.0,25.38,58.18,47.15,105.34,150.0,1237.46,37.999999999999986,-57.129999999999995,0.0,17.72,13.527644628099178,3.18,0.09,1.67,0.0,0.0,2.161440576230492,2.1730612244897958,2.3473709483793512,2.358991596638655,2.2660264105642254,2.83,2.76,15.13,11.82,9,2009,0.0,14.964071856287426,24.99
2009-12-31,-697.45,-15.37,-1.0225363825363827,0.0,-81.16,-15.37,-71.92,36.0,0.0,-682.07,8.03,53.12,59.77,197.63,878.43,236.36,1347.95,0.0,31.59,54.57,46.3,100.87,150.0,1247.08,-130.30999999999997,122.55,0.0,-56.55,-8.801642810670137,4.33,0.08,0.64,0.0,0.0,-4.537505197505197,-4.601413721413722,-4.920956340956341,-4.920956340956341,-4.729230769230769,4.7,4.61,16.1,12.48,12,2009,0.0,15.031249999999998,9.62
2010-03-31,437.12,15.74,1.05,1.0,62.02,15.74,48.11,32.25,0.0,421.38,18.77,10.86,85.89,193.34,899.04,223.29,1355.42,0.0,34.87,72.01,45.2,117.22,150.0,1238.2,31.35,-46.14,-15.0,32.37,7.6775,3.91,0.09,1.05,1.0,0.95,4.64,4.68,5.08,5.08,4.92,3.67,3.6,12.48,9.8,3,2010,14.99047619047619,14.99047619047619,15.74
2010-06-30,213.03999999999996,3.2700000000000014,0.21845870594423994,-0.0014678991007238094,26.1,5.360000000000001,21.53,38.75,0.0,207.67999999999995,7.120000000000001,57.0,74.76,190.8,910.87,207.96,1351.84,0.0,34.76,65.37,44.99,110.36,150.0,1241.47,24.53,21.61,0.0,16.17,44.34213302752293,4.68,0.09,1.27,1.0,0.79,0.9701630720673332,1.073371909521305,1.0527301420305106,1.0527301420305106,1.1284166228300896,2.98,2.92,13.93,11.02,6,2010,-0.021972253468314662,14.968503937007876,19.01
2010-09-30,247.48000000000002,16.459999999999997,1.0951677473921622,0.004069092434773394,39.3,20.0,36.019999999999996,38.5,0.0,227.49,21.65,59.25,74.64,181.27,960.78,200.29,1389.98,0.0,34.06,88.4,43.65,132.05,150.0,1257.93,50.48,-48.22,0.0,16.020000000000003,8.786690461725396,4.59,0.1,2.36,1.0,0.42,4.7333521285593445,5.58721172822103,5.234530589230335,5.271654919650407,5.865644206371581,4.03,3.95,10.87,8.82,9,2010,0.06115707994127639,15.029661016949152,35.47
2010-12-31,-642.3399999999999,-23.2,-1.5504482477587611,0.4955727763734063,-91.5,-26.240000000000002,-75.88,41.75,0.0,-616.1099999999999,-32.6,53.47,79.28,185.63,956.94,187.04,1385.36,0.0,32.86,72.04,43.12,115.16,150.0,1270.2,-111.81,72.42,15.0,-49.64,-6.731311422413793,4.93,0.09,0.82,1.5,1.83,-6.73121434392828,-8.243846780766097,-7.336267318663407,-7.336267318663407,-8.546373268133658,4.94,4.81,13.28,10.71,12,2010,7.41546093427036,14.963414634146341,12.27
2011-03-31,506.8,26.17,1.74,1.5,76.61,36.37,65.91,42.5,0.0,470.43,36.39,26.16,89.14,217.06,959.66,175.01,1389.67,0.0,39.14,85.14,42.93,128.07,150.0,1261.6,-5.19,-5.4,-22.5,29.54,6.1075,5.05,0.1,1.74,1.5,0.86,7.519999999999999,10.6,8.28,8.36,11.16,5.3,5.16,11.27,8.72,3,2011,22.56034482758621,15.040229885057473,26.17
2011-06-30,280.60999999999996,20.769999999999996,1.3849616531742648,-0.004343402435978792,52.7,31.270000000000003,43.38000000000001,45.0,0.0,249.33999999999997,31.069999999999993,53.57,78.73,241.85,1001.45,164.79,1419.8,0.0,43.84,95.33,42.1,137.43,150.0,1282.37,24.130000000000003,3.2800000000000002,0.0,12.11,8.124665382763602,5.26,0.11,3.13,1.5,0.48,5.85843204090328,8.637204942479759,6.477903706859821,6.584098849595228,9.044286322965487,6.11,5.96,10.51,7.97,6,2011,-0.0651371598545829,14.996805111821086,46.94
2011-09-30,309.81000000000006,18.549999999999997,1.2377996640708506,-0.0010544740874517972,48.75,28.349999999999994,40.59999999999998,42.25,0.0,281.45000000000005,26.560000000000002,43.48,93.54,191.69,1052.37,156.54,1438.55,0.0,31.46,95.59,42.05,137.63,150.0,1300.92,60.05,-70.14999999999999,0.0,12.25,8.534882749326146,4.87,0.11,4.37,1.5,0.34,5.155138189036494,7.693052374408306,5.698976943044739,5.800946709421286,8.100931439914492,6.12,5.97,11.01,9.0,9,2011,-0.015802633406686084,14.986270022883293,65.49
2011-12-31,-1033.96,-335.34000000000003,-22.355999999999998,1.251372997711671,-168.54,-365.84000000000003,-408.02,45.5,0.0,-668.11,-129.0,178.25,25.28,51.39,858.1,39.75,1106.52,0.0,9.34,32.93,44.64,77.56,150.0,1028.95,-84.24,212.3,22.5,-42.18,-0.5089763374485596,6.63,0.08,-17.99,2.75,-0.15,-121.23687381878823,-107.66669483046137,-130.38307504168984,-116.6637732073374,-124.96494496942745,-483.95,-426.57,26.06,24.5,12,2011,18.770594965675066,15.000000000000002,-269.85
2012-03-31,83.95,-321.94,-21.46,2.75,10.21,-321.94,-307.41,43.75,0.0,405.88,-102.63,195.01,13.96,52.49,900.24,40.98,1147.91,0.0,22.61,188.09,24.2,212.29,150.0,935.62,80.28,112.51,-41.25,14.53,-0.51,7.01,0.23,-21.46,2.75,-0.13,-112.2,-101.48,-137.64,-117.2,-134.16,-507.95,-383.49,4.79,4.51,3,2012,41.25512581547064,15.001863932898415,-321.94
2012-06-30,161.64999999999998,231.51,15.43741346898153,-0.0009500018499164612,3.6899999999999995,231.51,232.40000000000003,42.5,0.0,-69.85000000000002,-30.920000000000016,44.27,17.54,57.05,837.7,177.36,1220.84,0.0,24.76,29.8,23.92,53.72,150.0,1167.12,48.93000000000001,-199.67000000000002,0.0,0.8900000000000006,0.6884492030581834,5.46,0.05,-6.03,2.75,-0.46,75.8814154594714,70.14678757049651,79.36315382063474,75.57420325113345,77.72468870949905,-105.22,-36.82,28.11,26.2,6,2012,-0.014246876830505073,14.996683250414595,-90.43
2012-09-30,591.43,558.94,37.257894602036245,0.000960173200718312,-1.3900000000000006,558.95,582.33,52.0,0.0,32.47000000000003,-103.51999999999998,223.54,28.83,59.13,1499.39,323.2,2042.0,0.0,74.11,290.06,25.88,315.93,150.0,1726.07,147.04,32.23,0.0,23.379999999999995,0.3499533491966937,4.52,0.18,31.23,2.75,0.09,109.47116262192911,128.4639798510171,129.51383406971038,147.74312095793047,127.60500821754073,356.47,55.97,5.17,4.97,9,2012,0.014404442723936484,15.001921229586936,468.51
2012-12-31,-717.74,-449.03999999999996,-29.982126348228043,-2.7545900562800876,-22.119999999999997,-449.04999999999995,-476.53,74.0,0.0,-268.68,201.97,95.0,28.44,97.54,1346.88,405.59,1978.88,0.0,82.91,207.15,26.2,233.34,150.0,1745.54,185.64,-535.5,41.25,-27.479999999999997,-0.6170009353287013,6.36,0.13,1.3,0.0,0.0,-90.40764252696455,-116.23839753466874,-103.32302003081664,-129.1537750385208,-101.47796610169492,30.08,16.32,6.5,6.03,12,2012,-41.25528338136407,14.976923076923075,19.47
2013-03-31,269.62,36.37,2.42,2.75,-10.69,36.37,60.96,84.75,0.0,233.25,-55.95,54.18,45.68,121.28,1295.74,415.39,1910.94,0.0,70.6,162.93,26.82,189.75,150.0,1721.19,452.39,-580.5,-41.25,24.59,8.755,7.39,0.11,2.42,2.75,1.14,7.6,9.52,8.44,10.96,8.32,20.51,13.49,7.95,7.21,3,2013,41.32954545454545,15.02892561983471,36.37
2013-06-30,196.0,57.85,3.85584801528338,-0.004718164450705332,-3.17,57.85,74.94999999999999,88.0,0.0,138.14999999999998,-26.789999999999992,38.7,67.47,150.6,1264.71,441.59,1903.65,0.0,82.44,98.38,26.24,124.62,150.0,1779.04,-53.52999999999997,38.049999999999955,0.0,17.099999999999998,5.704503889369057,7.42,0.07,6.28,2.75,0.44,12.156973041817025,14.809403523668013,13.016556994268733,15.718106559116963,12.82008066227977,32.64,20.24,12.86,11.32,6,2013,-0.07078749276201535,15.003184713375795,94.22
2013-09-30,111.16999999999996,-9.400000000000006,-0.6261494930440938,0.001686129638334583,-5.84,-9.400000000000006,5.0800000000000125,91.25,0.0,120.57000000000005,-21.730000000000004,21.29,60.01,154.88,1215.92,413.97,1838.16,0.0,40.86,42.33,26.19,68.52,150.0,1769.63,-57.69,40.28000000000003,0.0,14.480000000000004,-36.43199468085104,7.73,0.04,5.65,2.75,0.49,-2.0435746286253256,-1.937184626267391,-2.1233671303937767,-2.14996463098326,-2.0923367130393786,22.02,14.71,28.72,25.07,9,2013,0.02531283467673262,15.012389380530971,84.82
2013-12-31,-498.74999999999994,-101.46,-6.768064903846153,-2.753925395677331,9.93,-101.46,-143.49,119.0,0.0,-397.29,78.49,13.04,50.43,151.53,1145.92,403.17,1799.15,0.0,18.4,20.86,25.3,46.16,150.0,1753.0,-356.79,509.53000000000003,41.25,-42.03,-4.395757934161246,10.18,0.03,-1.11,0.0,0.0,-22.43826923076923,-21.462692307692308,-23.169951923076923,-23.169951923076923,-22.926057692307687,-24.22,-21.32,54.93,47.67,12,2013,-41.28407079646017,14.99099099099099,-16.64
2014-03-31,178.8,-38.16,-2.54,1.75,-32.76,-38.16,-10.44,115.0,0.0,216.96,-68.32,45.37,41.44,118.95,1146.61,389.47,1755.06,0.0,22.64,24.91,24.92,49.83,150.0,1705.23,1.62,48.71,-26.25,27.72,-11.32,10.12,0.03,-2.54,1.75,-0.69,-8.68,-8.32,-8.96,-8.92,-8.84,-25.67,-21.34,46.03,41.25,3,2014,26.291338582677163,15.023622047244093,-38.16
2014-06-30,-153.89000000000001,-116.17000000000002,-7.745670316853496,-0.002983049411961144,32.76,62.91,76.11,115.0,0.0,-216.81,68.32,60.9,47.43,33.27,1385.38,13.13,1625.69,0.0,34.12,36.63,0.0,36.63,150.0,1589.06,-33.449999999999996,48.98,0.0,13.200000000000003,-3.7131131100972707,10.86,0.02,-10.29,1.75,-0.17,-28.57392081902417,4.215330784682174,-29.23632994233137,-27.58030713406337,4.697082874360138,0.0,-619.55,37.82,36.91,6,2014,-0.04473994322137642,14.998056365403306,-154.33
2014-09-30,7.209999999999997,-218.79999999999998,-14.58940315707662,-0.00010150389853380057,0.0,-10.65,-4.039999999999999,140.0,0.0,17.87,-17.2,185.46,13.06,19.06,1136.16,12.54,1373.91,0.0,3.06,3.66,0.0,3.66,150.0,1370.25,20.83,103.72,0.0,6.609999999999999,-2.4002763939670935,15.33,0.0,-24.88,1.75,-0.07,-63.705496743762225,2.0640956235092327,-63.86968616835955,-55.7540374668346,2.4159301047892154,0.0,-1161.67,310.43,305.22,9,2014,-0.0015222728962989152,14.99718649517685,-373.13
2014-12-31,-24.58,374.67,24.32922077922078,-1.7042257380882784,0.0,-12.36,-59.370000000000005,235.0,0.0,-12.219999999999999,11.399999999999999,391.71,11.55,9.13,1155.66,12.07,1391.85,0.0,1.27,20.06,0.0,20.06,150.0,1371.79,19.41,-3.569999999999993,26.25,-47.01,2.414791683348013,25.7,0.01,0.1,0.0,0.0,107.04857142857142,107.04857142857142,107.04857142857142,97.31688311688313,126.51194805194805,0.0,20.42,57.61,57.16,12,2014,-26.245076366559488,15.4,1.54
2015-03-31,12.66,5.09,0.34,37.99999999999999,0.0,4.72,5.6,170.0,0.0,7.94,-7.86,106.97,10.52,0.0,585.64,11.76,816.07,0.0,3.35,10.73,0.0,10.73,150.0,805.34,3.98,485.42,-567.89,0.88,125.0,31.66,0.01,0.34,38.0,111.76,2.48,1.48,2.52,1.64,2.36,0.0,40.21,54.58,54.58,3,2015,568.8823529411764,14.970588235294116,5.09
2015-06-30,5.710000000000001,30.94,2.0609492089925063,0.10608806386835454,0.0,1.0499999999999998,1.7200000000000006,155.0,0.0,4.659999999999999,-4.489999999999999,170.59,10.26,0.0,730.01,11.29,978.42,0.0,2.49,142.14,0.0,142.14,150.0,836.29,-11.14,75.45999999999998,-0.7000000000000455,0.67,18.801045572074983,27.8,0.17,2.4,38.0,15.83,12.640488481820706,1.5113627532611713,14.804485151262835,10.201698584512908,2.370091590341382,0.0,196.14,5.14,5.14,6,2015,1.5926470588236725,15.012500000000001,36.03
2015-09-30,3.59,60.209999999999994,4.016502493765586,-0.055377182044893204,0.0,-7.609999999999999,-7.0200000000000005,148.5,0.0,11.209999999999999,-11.01,216.14,3.19,0.0,727.09,10.79,1038.03,2.27,0.0,141.54,0.0,141.54,150.0,896.49,2.1400000000000006,43.57000000000005,-0.15999999999996817,0.5900000000000001,9.242780269058297,24.85,0.16,6.42,38.0,5.92,23.19811720698254,-0.3753740648379052,26.876783042394013,21.246172069825434,-0.5255236907730673,0.0,438.25,5.14,5.14,9,2015,-0.830140186915969,14.990654205607475,96.24
2015-12-31,606.02,399.03,26.6036113634987,-37.97862432820086,0.0,621.15,619.47,136.5,0.0,-15.139999999999999,15.33,704.33,0.0,0.0,1232.1,10.37,1420.5,0.0,2.27,28.74,0.0,28.74,150.0,1391.76,-4.300000000000001,-106.94000000000005,568.75,-1.6800000000000002,1.281523381700624,14.71,0.02,33.02,0.0,0.0,112.37649039917619,141.92889696529164,114.69685383730088,115.5025355866497,143.4113513840935,0.0,78.87,42.87,42.87,12,2015,-569.644859813084,14.99909145972138,495.27
2016-03-31,633.32,495.37,33.02,1.0,0.0,619.58,620.5,106.0,0.0,13.73,-12.75,465.9,0.0,0.0,1218.5,9.95,1405.63,0.0,2.26,28.77,0.0,28.77,150.0,1376.86,-14.12,278.88,-15.0,0.92,0.8025,11.55,0.02,33.02,1.0,0.03,140.96,223.12,143.92,181.6,180.0,0.0,78.22,42.35,42.35,3,2016,15.002119927316777,15.002119927316777,495.37
2016-06-30,6.1200000000000045,1.3000000000000114,0.08666317675720372,-0.00010105461062365032,0.0,1.7299999999999045,2.2999999999999545,106.0,0.0,4.399999999999999,-4.399999999999999,121.84,0.0,0.0,1191.36,12.88,1380.78,0.0,2.16,2.62,0.0,2.62,150.0,1378.16,-30.04,-313.97,-0.05000000000000071,0.57,305.64307692307426,11.54,0.0,33.11,1.0,0.03,0.3765961302273172,0.551440594358432,0.3773290112146931,0.4696720156240603,0.471975355870099,0.0,77.67,454.72,454.72,6,2016,-0.0015158802011008277,15.000604047115676,496.67
2016-09-30,7.919999999999959,-0.18000000000000682,-0.012000241696711366,-6.041201137763665e-05,0.0,3.7100000000000364,4.410000000000082,106.0,0.0,4.210000000000001,-4.200000000000003,178.11,0.0,0.0,1169.87,15.73,1386.13,0.0,2.17,8.16,0.0,8.16,150.0,1377.98,-1.1400000000000006,57.410000000000004,0.0,0.7,-2206.6222222221386,11.54,0.01,33.1,1.0,0.03,-0.05194545710890648,-0.07478579628995832,-0.05224999496465384,-0.06331487039014116,-0.06578017684142931,0.0,76.69,143.37,143.37,9,2016,-0.0009061619193015957,14.999697885196374,496.49
2016-12-31,-639.5500000000001,-493.67,-33.26145390070922,-1.010617942619614,0.0,-621.96,-623.33,106.0,0.0,-17.59,16.6,185.85,0.0,0.0,1189.17,14.95,1388.72,0.0,2.14,7.9,0.0,7.91,150.0,1380.82,41.459999999999994,-10.74,15.05,-1.37,-0.796711264609962,11.51,0.01,0.19,0.0,0.0,-140.04822695035463,-154.05304964539008,-140.04822695035463,-140.04822695035463,-154.05304964539008,0.0,36.11,150.53,150.53,12,2016,-14.999697885196374,14.842105263157894,2.82
2017-03-31,12.89,3.0,0.2,0.0,0.0,3.38,4.91,106.0,0.0,9.51,-9.51,118.65,0.0,0.0,1156.38,14.29,1354.86,0.0,2.24,3.52,0.07,3.59,150.0,1351.26,-12.37,-17.09,-30.0,1.53,132.5,11.77,0.0,0.2,0.0,0.0,0.88,0.96,0.88,0.88,1.0,0.0,23.27,328.52,328.52,3,2017,0.0,15.0,3.0
2017-06-30,5.66,-0.73,-0.04823788546255506,0.0,0.0,-0.8500000000000001,-0.25,106.0,0.0,6.51,-5.140000000000001,55.15,0.0,0.0,1151.61,13.73,1353.58,0.0,2.2,2.95,0.0,2.95,150.0,1350.63,-3.5200000000000014,-60.099999999999994,0.120000000000001,0.5999999999999999,-549.3633219178082,11.77,0.0,0.15,0.0,0.0,-0.2186784140969163,-0.24440528634361233,-0.2186784140969163,-0.2186784140969163,-0.24440528634361233,0.0,12.24,390.38,390.38,6,2017,0.0,15.133333333333335,2.27
2017-09-30,5.009999999999998,1.08,0.07092537313432835,0.0,0.0,1.4400000000000004,2.0599999999999996,106.0,0.0,3.5599999999999987,-4.65,15.86,0.0,0.0,1134.64,13.15,1355.28,0.0,2.17,3.91,0.01,3.91,150.0,1351.36,-3.030000000000001,-36.260000000000005,-0.010000000000001563,0.6200000000000001,373.6335648148148,11.77,0.0,0.22,0.0,0.0,0.32238805970149254,0.37397014925373134,0.32238805970149254,0.32238805970149254,0.37397014925373134,0.0,14.22,290.19,290.19,9,2017,0.0,15.227272727272728,3.35
