,revenue,net_profit,eps,dps,gross_profit,ebit,ebitda,close_price,expense,operating_profit,cash,account_receivable,inventory,current_asset,property_plant_equipment,total_asset,short_term_loan,account_payable,current_portion_long_term_debt,current_liability,non_current_liability,total_liability,paid_in_capital,total_equity,cash_flow_operation,cash_flow_investment,cash_flow_financing,depreciation,P/E,P/BV,D/E,EPS,DPS,DPR%,ROA%,ROAA%,ROE%,ROAE%,ROCE%,NPM%,NPMA%,TIE,CurrentRatio,QuickRatio,month,year,dividend,number_of_shares,return_old
2000-03-31,493.95,20.43,3.4,0.0,80.79,33.76,86.08,24.0,460.19,25.09,20.79,284.48,207.6,546.5,862.17,1426.39,588.41,127.25,0.0,762.24,0.0,762.24,60.0,691.79,72.52,-6.49,-150.14,52.32,1.765,2.08,1.1,3.4,0.0,0.0,5.72,0.0,11.8,0.0,20.32,4.21,4.14,0.0,0.72,0.44,3,2000,0.0,6.008823529411765,20.43
2000-06-30,482.57,23.39,3.9018918302145136,1.0,86.74,31.28000000000001,84.07000000000001,30.0,451.29,25.930000000000003,7.93,239.26,219.46,557.85,823.36,1396.58,526.79,102.62,0.0,712.31,0.0,712.31,60.0,709.18,68.89999999999999,-14.13,-67.62,52.79,1.9202864471996577,2.54,1.0,7.31,1.0,0.14,6.704208124144227,0.0,13.194906435417616,0.0,20.30478320401643,4.55,4.49,0.0,0.78,0.48,6,2000,5.9945280437756505,5.9945280437756505,43.82
2000-09-30,525.1500000000001,41.410000000000004,6.899237357737886,0.0012636604292592672,99.96000000000001,50.97,104.66,34.0,474.18000000000006,34.559999999999995,21.04,218.08,255.04,607.02,782.02,1399.76,465.34,109.08,0.0,668.95,0.0,668.95,60.0,750.58,81.95000000000002,-7.369999999999997,-61.44999999999999,53.69000000000001,1.2297736054093213,2.72,0.89,14.2,1.0,0.07,11.835593101020766,0.0,22.077559544761233,0.0,30.842506159802888,5.79,5.68,0.0,0.91,0.53,9,2000,0.007584632280687842,6.002112676056338,85.23
2000-12-31,534.52,30.989999999999995,5.164999999999999,0.9996478873239436,88.82999999999998,37.43999999999998,91.38,31.5,497.0799999999999,25.060000000000002,24.04,249.04,252.03,608.09,738.3,1375.15,452.06,97.27,0.0,616.95,0.0,616.95,60.0,775.59,43.81999999999999,-28.390000000000004,-16.840000000000032,53.94,1.5282236205227493,2.44,0.8,19.37,2.0,0.1,9.012751677852348,0.0,15.977635518843568,0.0,21.587940113577694,5.83,5.71,0.0,0.99,0.58,12,2000,5.997887323943662,6.0,116.22
2001-03-31,505.23,35.88,5.6,1.0,90.25,41.94,87.53,32.75,463.29,30.81,31.64,296.7,253.58,596.34,713.21,1338.19,365.34,131.66,0.0,541.82,0.0,541.82,60.0,811.47,115.0,-20.68,-86.72,45.59,1.4625,2.42,0.67,5.6,1.0,0.18,10.72,12.12,17.68,19.08,21.08,7.26,7.1,0.0,1.1,0.63,3,2001,6.407142857142858,6.407142857142858,35.88
2001-06-30,455.64,28.6,4.768145161290322,-0.06818836405529966,84.28,32.56,79.34,54.5,423.08,23.669999999999998,43.36,280.72,299.77,639.56,684.22,1351.87,196.8,139.8,0.0,381.98,150.0,531.98,60.0,834.08,53.69999999999999,-17.46,-24.519999999999996,46.78,2.857636363636364,3.92,0.64,10.75,1.0,0.09,8.46290322580645,9.616129032258064,13.714516129032258,14.832258064516127,13.625806451612902,6.85,6.71,0.0,1.67,0.89,6,2001,-0.40900332225913694,5.998139534883721,64.48
2001-09-30,455.7399999999999,13.969999999999999,2.3274429572976416,0.0006923681207108511,74.56,19.060000000000002,65.59,50.5,436.67999999999995,13.009999999999998,28.08,284.37,293.97,621.72,663.38,1312.6,141.41,134.3,0.0,332.73,150.0,482.73,60.0,842.05,59.620000000000005,-28.489999999999995,-49.41000000000001,46.53,5.419058697208304,3.6,0.57,13.07,1.0,0.08,4.259558954748247,4.914875717017208,6.638643722115997,7.016163161249202,6.802472912683237,5.64,5.54,0.0,1.87,0.99,9,2001,0.004155797939538353,6.00229533282326,78.45
2001-12-31,438.85000000000014,9.969999999999999,1.6620425243157655,0.9993911648290562,64.78,18.75,66.51000000000002,61.0,420.10000000000014,9.850000000000009,39.26,200.44,290.63,624.18,633.77,1282.62,266.84,103.8,0.0,439.5,0.0,439.5,60.0,852.02,63.84000000000003,-13.100000000000009,-36.56,47.75999999999999,9.179007021063189,4.3,0.52,14.74,2.0,0.14,3.1075910427505082,3.8111965618638313,4.681682877177109,4.902687174847318,6.007708663198371,4.86,4.77,0.0,1.42,0.76,12,2001,5.9949909629704985,5.998643147896879,88.42
2002-03-31,437.41,9.47,1.58,0.0,61.96,17.5,62.39,66.5,419.91,10.67,86.82,254.94,272.02,628.92,653.99,1311.37,245.0,163.78,0.0,454.46,0.0,454.46,60.0,861.49,135.21,-64.82,-21.84,44.89,10.5225,4.63,0.53,1.58,0.0,0.0,2.88,5.28,4.4,4.52,8.16,2.2,2.17,0.0,1.38,0.79,3,2002,0.0,5.993670886075949,9.47
2002-06-30,427.74999999999994,-3.710000000000001,-0.6183333333333335,1.5,43.809999999999995,-0.21999999999999886,43.08,53.0,427.96999999999997,-7.96,51.88,277.11,273.06,620.03,631.91,1280.14,238.66,162.19,0.0,432.99,0.0,432.99,60.0,848.79,1.4299999999999784,-21.010000000000005,-15.34,43.3,-21.429218328840964,3.75,0.51,0.96,1.5,1.56,-1.1593750000000003,-3.3750694444444456,-1.751944444444445,-1.751944444444445,-5.255833333333335,0.68,0.67,0.0,1.43,0.8,6,2002,9.0,6.0,5.76
2002-09-30,452.94999999999993,17.35,2.890415404586759,0.0006490696668108214,74.57000000000001,27.35,71.84,50.5,425.61,25.68,93.5,275.73,284.9,666.6,630.36,1321.62,255.77,154.54,0.0,458.52,0.0,458.52,60.0,860.14,64.10000000000002,-39.60000000000001,17.11,44.49000000000001,4.368922190201729,3.52,0.53,3.85,1.5,0.39,5.25530073561229,10.180268282128951,8.078147987884034,8.168238857637387,15.525659887494593,1.78,1.75,0.0,1.45,0.83,9,2002,0.003896103896103398,6.002597402597402,23.11
2002-12-31,483.1600000000001,28.230000000000004,4.706832878846903,0.9987660566935989,77.68999999999997,40.949999999999996,86.16000000000003,55.0,442.20000000000005,37.230000000000004,129.58,190.86,274.21,681.31,727.16,1433.11,253.61,128.82,0.0,537.94,0.0,537.94,60.0,888.36,78.63999999999999,-34.150000000000006,-8.169999999999998,45.20999999999998,2.923452001416932,3.71,0.61,8.56,2.5,0.29,7.874047526295287,13.856564082586678,12.712847682119206,12.97678223607324,21.026786131671212,2.88,2.85,0.0,1.27,0.76,12,2002,5.990262774608571,5.997663551401869,51.34
2003-03-31,453.11,20.58,3.43,0.0,71.97,30.19,64.06,52.0,422.92,29.17,130.54,246.98,317.46,717.1,752.1,1497.12,354.06,166.61,0.0,580.8,0.0,580.8,60.0,908.94,-49.77,-49.72,100.45,33.87,3.79,3.43,0.64,3.43,0.0,0.0,5.48,8.6,9.04,9.28,13.16,4.56,4.54,0.0,1.23,0.69,3,2003,0.0,5.999999999999999,20.58
2003-06-30,474.74,24.550000000000004,4.090760026589852,1.0,73.19999999999999,35.540000000000006,72.77000000000001,63.0,439.2,33.089999999999996,105.85,268.02,344.81,772.68,760.88,1560.19,394.67,181.41,0.0,624.28,0.0,624.28,60.0,927.5,20.67,-81.21000000000001,35.86,37.23,3.8512158859470467,4.08,0.67,7.52,1.0,0.13,6.28845557278972,10.074584533569688,10.596809217815203,11.053755816530025,15.275072014181255,4.88,4.86,0.0,1.24,0.69,6,2003,6.001329787234043,6.001329787234043,45.13
2003-09-30,526.2499999999999,32.77,5.460264441591784,3.516510529040579e-05,92.57000000000002,45.22,79.89999999999998,98.5,481.0300000000001,42.61000000000001,156.92,273.47,308.56,765.6,792.23,1584.02,417.75,143.64,0.0,626.11,0.0,626.11,60.0,951.26,50.2,-22.20999999999998,23.079999999999984,34.68000000000001,4.510688129386634,6.21,0.66,12.98,1.0,0.08,8.278736842105262,12.85559948652118,13.781068035943516,14.470962772785622,19.485319640564825,5.38,5.36,0.0,1.22,0.73,9,2003,0.00021104481526368346,6.001540832049307,77.9
2003-12-31,90.07000000000016,28.22999999999999,4.705443324225006,1.4996489463963794,35.329999999999984,30.290000000000006,20.04000000000002,104.0,59.76999999999998,31.069999999999993,154.76,222.54,185.62,572.52,547.52,1149.31,0.0,120.84,0.0,169.82,0.0,169.82,60.0,979.5,186.41,-11.800000000000011,-174.39999999999998,-10.25,5.526429330499471,6.37,0.17,17.69,2.5,0.14,9.820518232356541,11.639920851785542,11.533523037783846,12.086791670592664,15.342564779044563,6.9,6.87,0.0,3.37,2.28,12,2003,8.997045940138367,5.99943470887507,106.13
2004-03-31,327.45,21.98,3.66,0.0,62.89,30.42,53.54,96.0,297.03,26.9,151.33,176.43,216.18,557.35,589.58,1176.36,0.0,99.46,18.37,174.88,0.0,174.88,60.0,1001.48,60.86,-64.28,0.0,23.12,6.557499999999999,5.75,0.17,3.66,0.0,0.0,7.48,9.12,8.76,9.2,12.16,6.79,6.71,0.0,3.19,1.95,3,2004,0.0,6.005464480874317,21.98
2004-06-30,391.21,17.3,2.884801425661914,1.5,62.040000000000006,24.059999999999995,49.00000000000001,81.5,367.14,12.450000000000003,86.38,198.49,223.78,523.72,646.25,1199.07,0.0,107.57,37.54,189.29,0.0,189.29,60.0,1009.78,16.349999999999994,-72.31,-9.0,24.94,7.061317919075144,4.84,0.19,6.55,1.5,0.23,5.778411405295316,6.958757637474542,6.853054989816701,7.15254582484725,9.513238289205704,5.58,5.47,0.0,2.77,1.58,6,2004,8.995419847328245,5.996946564885497,39.28
2004-09-30,389.56000000000006,18.79,3.132205958326158,0.0005051812960664278,58.609999999999985,25.089999999999996,52.02999999999999,82.0,364.48000000000013,21.46,63.4,219.24,217.16,518.61,707.62,1255.3,40.0,104.96,22.19,235.73,0.0,235.73,60.0,1019.56,17.30000000000001,-80.27000000000001,40.0,26.939999999999998,6.544077967003727,4.83,0.23,9.68,1.5,0.15,5.992608920268641,7.248079903564662,7.377509901842603,7.62342689857069,10.095539865679353,5.33,5.24,0.0,2.2,1.28,9,2004,0.003030565894894366,5.99896694214876,58.07
2004-12-31,390.8899999999999,15.110000000000007,2.5190215905985247,1.4998483869729122,59.46000000000001,20.970000000000013,45.76000000000002,80.0,369.91999999999985,19.789999999999992,49.83,217.65,249.58,535.24,786.71,1351.78,130.0,115.83,0.0,316.88,0.0,316.88,60.0,1034.9,10.849999999999994,-105.57,81.15,24.790000000000006,7.9427663798808705,4.64,0.31,12.2,3.0,0.25,4.4681661656190235,6.640306094561357,5.839174637879204,6.0043563815250085,8.019573654003828,4.95,4.88,0.0,1.69,0.9,12,2004,8.996631553989978,5.998360655737706,73.18
2005-03-31,422.96,16.53,2.76,0.0,58.46,24.68,49.16,82.0,398.28,20.41,39.94,266.85,239.17,557.78,826.7,1413.41,165.0,115.18,0.0,361.98,0.0,361.98,60.0,1051.43,27.36,-72.26,35.0,24.48,7.4275,4.68,0.34,2.76,0.0,0.0,4.68,7.64,6.28,6.44,9.4,3.95,3.91,0.0,1.54,0.88,3,2005,0.0,5.989130434782609,16.53
2005-06-30,412.08,18.61,3.103431986340353,1.4999999999999998,54.54,25.479999999999997,51.260000000000005,84.0,386.59000000000003,18.8,57.57,256.03,278.32,609.3,877.32,1515.59,245.0,126.54,0.0,454.5,0.0,454.5,60.0,1061.09,27.65,-81.08999999999999,71.07,25.779999999999998,6.7645916174099945,4.75,0.43,5.86,1.5,0.26,4.914649971542401,7.8380193511667615,7.0118497438816165,7.181320432555492,10.019954467842915,4.26,4.21,0.0,1.34,0.73,6,2005,8.994880546075084,5.996587030716723,35.14
2005-09-30,438.1400000000001,15.399999999999999,2.5656509695290857,0.0014464939067629428,54.03999999999999,20.810000000000002,48.33999999999999,81.5,417.34000000000003,16.03,37.66,254.0,318.99,625.01,895.66,1549.36,275.0,122.47,0.0,481.88,0.0,481.88,60.0,1067.49,-3.0,-46.900000000000006,30.0,27.53000000000001,7.942,4.58,0.45,8.42,1.5,0.18,3.9734072022160656,6.167313019390581,5.765096952908587,5.8991689750692515,8.105263157894738,4.02,3.97,0.0,1.3,0.64,9,2005,0.008682399293087784,6.002375296912114,50.54
2005-12-31,418.31999999999994,-7.149999999999999,-1.191392025812399,1.4997520144039667,44.23000000000002,-1.9200000000000017,26.129999999999995,73.0,420.24,-7.899999999999999,18.95,286.67,342.6,667.04,919.97,1615.57,360.0,134.54,0.0,555.21,0.0,555.21,60.0,1060.36,-38.18,-50.620000000000005,70.09,28.049999999999997,-15.32304195804196,4.13,0.52,7.23,3.0,0.41,-1.773081355150956,-3.064991933625259,-2.6958746254897434,-2.7288315280018427,-4.290988707075362,2.6,2.57,0.0,1.2,0.58,12,2005,9.00058643222519,6.001383125864454,43.39
2006-03-31,467.34,3.02,0.5,0.0,40.94,8.96,47.46,74.5,458.38,2.89,29.65,336.07,358.5,744.01,917.35,1689.74,390.0,163.84,0.0,626.36,0.0,626.36,60.0,1063.38,16.86,-32.67,26.51,38.5,37.25,4.2,0.59,0.5,0.0,0.0,0.72,2.32,1.12,1.16,3.36,0.65,0.65,0.0,1.19,0.62,3,2006,0.0,6.04,3.02
2006-06-30,413.12000000000006,-0.3799999999999999,-0.06333333333333331,1.5,44.010000000000005,4.119999999999999,39.660000000000004,67.0,409.0,0.2799999999999998,40.85,261.06,355.02,673.96,960.84,1662.99,432.0,119.21,0.0,608.94,0.0,608.94,60.0,1054.05,67.6,-85.09,28.69,35.540000000000006,-264.46894736842114,3.81,0.58,0.44,1.5,3.41,-0.0921212121212121,-0.4721212121212119,-0.1439393939393939,-0.1439393939393939,-0.7139393939393937,0.3,0.3,0.0,1.11,0.52,6,2006,9.0,6.0,2.64
2006-09-30,421.95000000000005,4.1,0.6813056379821958,0.004451038575667529,42.67,10.450000000000001,45.639999999999986,65.0,411.5000000000001,6.4399999999999995,61.77,253.99,368.97,697.11,938.43,1663.53,427.0,118.25,0.0,614.38,0.0,614.38,60.0,1049.15,42.260000000000005,-11.189999999999984,-10.150000000000006,35.19,23.853024390243903,3.72,0.59,1.12,1.5,1.34,0.9976261127596437,3.5525222551928777,1.5572700296735904,1.5572700296735904,5.450445103857567,0.52,0.52,0.0,1.13,0.53,9,2006,0.026785714285713524,6.017857142857142,6.74
2006-12-31,409.79999999999995,-5.65,-0.9330275229357797,1.5093381389252951,35.25,2.3900000000000006,36.890000000000015,55.0,407.39999999999986,-2.829999999999999,64.2,249.82,337.07,666.99,934.86,1631.71,422.0,107.74,0.0,588.1,0.0,588.1,60.0,1043.61,45.900000000000006,-24.51000000000002,-18.979999999999997,34.499999999999986,-14.737185840707964,3.16,0.56,0.18,3.0,16.67,-1.451376146788991,-33.17431192660551,-2.0733944954128445,-2.0733944954128445,-51.42018348623853,0.06,0.06,0.0,1.13,0.56,12,2006,9.139880952380954,6.055555555555556,1.09
2007-03-31,387.59,0.49,0.08,0.0,26.84,4.82,41.18,59.0,382.77,-2.11,51.32,249.81,314.31,632.42,931.57,1594.11,372.0,106.08,0.0,550.01,0.0,550.01,60.0,1044.1,72.55,-30.36,-55.06,36.36,184.375,3.39,0.53,0.08,0.0,0.0,0.12,1.16,0.2,0.2,1.84,0.13,0.13,0.0,1.15,0.58,3,2007,0.0,6.125,0.49
2007-06-30,377.75000000000006,6.26,1.0479703703703702,1.0,37.239999999999995,11.809999999999999,47.96,55.0,365.94000000000005,6.949999999999999,36.71,232.43,322.33,608.48,929.91,1568.33,362.0,97.53,0.0,523.94,0.0,523.94,60.0,1044.39,38.38000000000001,-33.13,-19.870000000000005,36.150000000000006,13.119908146964859,3.16,0.5,1.13,1.0,0.88,1.5951407407407407,3.820918518518518,2.411259259259259,2.374162962962963,5.898311111111111,0.9,0.88,0.0,1.16,0.55,6,2007,5.9734513274336285,5.9734513274336285,6.75
2007-09-30,425.9599999999999,19.96,3.3254211905653315,0.00479751377462945,48.46000000000001,29.34,66.83,58.5,396.6199999999999,24.22,48.93,273.89,329.36,663.2,905.49,1598.67,372.0,98.72,0.0,540.32,0.0,540.32,60.0,1058.35,24.72999999999999,-19.669999999999995,7.160000000000011,37.489999999999995,4.399254759519038,3.32,0.51,4.45,1.0,0.22,4.991868214152003,8.429382253837513,7.532639460876076,7.5625308873081245,12.972879071508798,2.27,2.24,0.0,1.23,0.62,9,2007,0.028795863577607328,6.002247191011236,26.71
2007-12-31,404.1100000000001,7.339999999999996,1.2244111600587366,0.9987440809120758,43.77999999999999,15.189999999999998,52.870000000000005,50.5,388.93000000000006,9.489999999999998,51.92,245.3,312.38,621.05,909.44,1560.3,342.0,92.72,0.0,494.63,0.0,494.63,60.0,1065.67,82.75999999999999,-41.040000000000006,-38.730000000000004,37.68000000000001,10.310098773841966,2.84,0.46,5.68,2.0,0.35,1.8797298091042576,3.3024610866372965,2.759236417033773,2.7851042584434644,4.94938032305433,2.17,2.13,0.0,1.26,0.62,12,2007,5.987189428707074,5.994718309859155,34.05
2008-03-31,415.7,14.19,2.37,0.0,41.46,22.63,62.18,52.0,393.07,14.97,55.62,275.78,319.56,670.04,895.76,1594.19,322.0,109.64,0.0,513.68,28.13,541.8,60.0,1052.38,39.34,-13.17,-22.46,39.55,5.485,2.96,0.51,2.37,0.0,0.0,3.5599999999999996,5.68,5.4,5.4,8.36,3.48,3.41,0.0,1.3,0.68,3,2008,0.0,5.987341772151899,14.19
2008-06-30,426.76000000000005,4.1800000000000015,0.6962874251497009,1.4999999999999998,44.919999999999995,12.45,51.309999999999995,54.5,414.31,6.4399999999999995,28.26,293.45,325.18,665.32,870.08,1563.71,290.0,132.73,0.0,487.33,28.78,516.11,60.0,1047.61,41.97,-25.82,-43.52,38.86,19.567565789473676,3.12,0.49,3.06,1.5,0.49,1.0649101796407188,2.0388023952095815,1.5928143712574856,1.6019161676646712,2.9671856287425156,2.22,2.18,0.0,1.37,0.7,6,2008,9.004901960784313,6.003267973856209,18.37
2008-09-30,460.28,15.150000000000002,2.5265065632458232,-0.0017124689971449744,31.200000000000003,16.15,54.63000000000001,50.0,444.13,11.010000000000002,41.81,303.97,321.96,687.26,839.79,1555.18,270.0,135.16,0.0,470.19,28.24,498.42,60.0,1056.75,40.849999999999994,-5.289999999999999,-22.00999999999999,38.480000000000004,4.945029702970297,2.84,0.47,5.59,1.5,0.27,3.9050119331742246,5.875596658711217,5.730966587112172,5.730966587112172,8.533174224343675,2.61,2.57,0.0,1.46,0.78,9,2008,-0.010268687081270045,5.996422182468695,33.52
2008-12-31,463.47,-28.760000000000005,-4.773193277310926,1.0071932171795368,62.30999999999999,-18.949999999999996,19.060000000000002,38.0,482.4100000000001,-20.770000000000003,70.94,285.06,246.26,622.35,836.53,1486.82,220.0,130.97,0.0,430.38,28.48,458.85,60.0,1027.97,100.03999999999999,-11.810000000000002,-59.10000000000001,38.010000000000005,-1.9902294853963833,2.22,0.45,0.79,2.5,3.16,-7.733781512605045,-51.23630252100842,-11.11731092436975,-10.875630252100844,-73.95428571428573,0.27,0.27,0.0,1.45,0.87,12,2008,6.068657865537462,6.025316455696202,4.76
2009-03-31,362.18,27.56,4.59,0.0,5.51,28.76,67.65,40.0,333.41,-12.19,63.94,188.46,237.53,510.89,847.22,1386.14,170.0,73.63,0.0,302.08,28.54,330.62,60.0,1055.53,112.17,-67.75,-51.42,38.89,2.1775,2.27,0.31,4.59,0.0,0.0,7.96,7.72,10.44,10.44,10.6,8.84,7.61,0.0,1.69,0.9,3,2009,0.0,6.004357298474946,27.56
2009-06-30,238.90000000000003,9.8,1.6342077087794433,1.0,71.8,10.7,49.58999999999999,48.0,228.2,56.559999999999995,66.68,187.26,221.09,491.9,812.35,1332.02,140.0,61.95,0.0,244.6,28.06,272.66,60.0,1059.35,49.57000000000001,-10.25,-36.58,38.89,7.338571428571429,2.72,0.26,6.23,1.0,0.16,2.937901498929336,2.864453961456103,3.703854389721627,3.7248394004282654,3.808779443254818,6.35,6.22,17.08,2.01,1.11,6,2009,5.996789727126806,5.996789727126806,37.36
2009-09-30,338.53,11.200000000000003,1.8658978583196049,0.0009466867286686001,36.349999999999994,16.979999999999997,55.17,52.0,321.55999999999995,18.300000000000004,36.51,233.33,215.17,493.73,776.55,1297.65,55.0,87.57,0.0,204.9,28.19,233.1,60.0,1064.55,59.06,-3.4599999999999937,-85.77000000000001,38.19,6.969660714285712,2.93,0.22,8.09,1.0,0.12,3.4504118616144983,3.6533772652388805,4.20691927512356,4.225370675453049,4.760461285008239,5.28,5.17,18.32,2.41,1.36,9,2009,0.005682460759474317,6.00247218788628,48.56
2009-12-31,412.0099999999999,32.31999999999999,5.386666666666667,0.9995879686856198,59.610000000000014,36.64,75.72999999999999,57.75,375.36,37.379999999999995,36.68,280.64,215.73,546.94,746.12,1321.85,35.0,98.62,0.0,197.38,27.47,224.84,60.0,1097.01,30.94999999999999,-4.609999999999999,-26.169999999999987,39.09,2.677648514851486,3.16,0.2,13.48,2.0,0.15,9.782314540059346,10.597507418397624,11.780336300692381,12.163956478733924,13.23489614243323,6.11,5.98,28.64,2.77,1.68,12,2009,5.997527812113718,5.999999999999999,80.88
2010-03-31,402.7,35.09,5.85,1.5,66.48,47.49,85.78,60.0,355.21,47.72,93.93,269.19,226.52,603.66,717.81,1349.88,20.0,100.41,0.0,191.22,26.56,217.78,60.0,1132.1,85.45,-13.1,-15.1,38.29,2.565,3.18,0.19,5.85,1.5,0.26,10.4,13.88,12.4,12.84,16.4,8.89,8.71,593.63,3.16,1.97,3,2010,8.9974358974359,5.998290598290599,35.09
2010-06-30,355.66,18.699999999999996,3.1184049079754597,-0.0004089979550104296,42.33,23.990000000000002,62.53,74.5,331.67,23.099999999999994,141.73,245.16,217.93,618.51,706.67,1353.25,20.0,84.24,0.0,185.45,26.0,211.45,60.0,1141.8,75.95,-18.990000000000002,-9.15,38.54,5.975867647058825,3.91,0.19,8.97,1.5,0.17,5.520654396728015,7.397955010224948,6.54969325153374,6.799999999999997,8.51042944785276,7.27,7.09,310.78,3.34,2.16,6,2010,-0.0024526198439254188,5.996655518394649,53.79
2010-09-30,366.86,17.140000000000008,2.856263922176795,0.0010474786248820037,45.21000000000001,23.14,60.00999999999999,91.0,343.7199999999999,26.210000000000008,153.09,254.02,226.49,647.77,688.03,1363.6,20.0,81.0,0.0,188.06,25.61,213.67,60.0,1149.93,29.829999999999984,-18.36,-0.120000000000001,36.870000000000005,7.966175612602098,4.75,0.19,11.82,1.5,0.13,5.026251233610604,6.872431975186807,5.9638404060341195,6.195821232200764,7.781023544339494,6.45,6.3,270.34,3.44,2.24,9,2010,0.006285757941022041,6.000846023688664,70.93
2010-12-31,374.6700000000001,12.899999999999991,2.149743528569723,1.4999674528641778,38.78999999999999,17.42,54.05000000000001,92.25,357.26,18.92,179.43,249.28,170.88,610.4,678.59,1316.34,0.0,62.49,0.0,129.84,23.7,153.54,60.0,1162.8,77.96000000000001,-22.439999999999998,-29.19,36.63000000000001,10.722441860465121,4.76,0.13,13.97,3.0,0.21,3.920935226052723,5.225861863294759,4.437981629488247,4.567243230347128,5.810616724323031,5.71,5.59,207.48,4.7,3.39,12,2010,9.000878423307373,6.000715819613457,83.83
2011-03-31,333.78,23.43,3.9,1.4999999999999998,46.79,30.48,60.6,92.5,303.31,24.14,228.3,219.94,193.1,654.55,655.88,1337.78,0.0,60.98,0.0,128.04,23.52,151.55,60.0,1186.23,61.96,-13.05,-0.04,30.12,5.93,4.68,0.13,3.9,1.5,0.38,7.0,9.08,7.92,8.08,10.08,7.16,7.02,762.0,5.11,3.6,3,2011,9.01153846153846,6.007692307692308,23.43
2011-06-30,347.34000000000003,23.18,3.864162196953443,-0.002245308864060105,44.309999999999995,25.819999999999997,55.690000000000005,89.0,321.49999999999994,18.79,226.45,216.22,205.49,662.65,667.75,1357.42,0.0,60.27,0.0,133.51,23.5,157.01,60.0,1200.41,38.38999999999999,-31.19,-9.040000000000001,29.87,5.755872519413287,4.45,0.13,7.77,1.5,0.19,6.823205320746621,8.255481656296933,7.718378030465566,7.917305299291997,9.150654366015875,6.98,6.84,703.75,4.96,3.42,6,2011,-0.013468963468962869,5.998712998712999,46.61
2011-09-30,361.5200000000001,29.28,4.88064303597312,0.00012413821874863632,55.33000000000001,38.85000000000001,64.86999999999999,80.0,322.68000000000006,30.199999999999996,237.97,246.32,200.28,695.27,659.42,1381.41,0.0,55.1,0.0,137.04,23.68,160.72,60.0,1220.69,34.900000000000006,-23.32,-0.0600000000000005,26.020000000000003,4.095157103825137,3.93,0.13,12.65,1.5,0.12,8.472641981815787,10.694974304915007,9.599241006720252,9.877032547107657,11.80614046646462,7.44,7.28,679.64,5.07,3.61,9,2011,0.00074473117951257,5.9992094861660075,75.89
2011-12-31,270.74,0.6599999999999966,0.11001436969301054,1.5000017039161673,38.91999999999999,3.1299999999999955,29.120000000000005,90.0,267.6099999999999,-4.209999999999994,291.8,166.76,178.83,650.16,665.14,1341.42,0.0,30.13,0.0,96.2,23.92,120.12,60.0,1221.31,92.30000000000001,-29.429999999999993,-9.05,25.989999999999995,204.42329545454652,4.42,0.1,12.76,3.0,0.24,0.1969222730241662,0.2552057478772032,0.21623514043108966,0.22140822991508702,0.2721045068582612,5.96,5.83,546.0,6.76,4.9,12,2011,8.998834673572304,5.9992163009404385,76.55
2012-03-31,330.94,29.3,4.88,1.5,53.53,35.49,61.05,91.0,295.46,28.45,298.14,224.35,205.39,739.83,658.34,1424.08,0.0,68.34,0.0,149.95,23.52,173.47,60.0,1250.61,14.81,-8.41,-0.06,25.56,4.6625,4.37,0.14,4.88,1.5,0.31,8.24,10.28,9.36,9.6,11.16,9.05,8.85,887.25,4.93,3.56,3,2012,9.006147540983607,6.004098360655738,29.3
2012-06-30,351.94,31.029999999999998,5.169094977623073,-0.00027818310766190943,60.19,38.74999999999999,63.31,87.0,313.18,29.470000000000002,249.5,229.72,215.86,714.96,721.77,1463.16,0.0,66.76,0.0,166.92,23.61,190.53,60.0,1272.64,38.07,-77.66,-9.04,24.56,4.20929584273284,4.1,0.15,10.05,1.5,0.15,8.476287087684401,10.821667495441737,9.751844853306812,10.039874026189292,11.78862257583292,9.05,8.83,928.0,4.28,2.99,6,2012,-0.0016699290433077607,6.002985074626865,60.33
2012-09-30,442.68999999999994,89.21,14.866344790691455,-0.0005455536281415628,81.16999999999999,99.64,123.51,125.0,343.05000000000007,53.28999999999999,259.32,261.9,206.21,772.2,745.68,1544.12,0.0,76.31,0.0,167.67,23.6,191.27,60.0,1352.84,68.59,-58.73000000000002,-0.040000000000000924,23.869999999999997,2.1037181930276874,5.54,0.14,24.92,1.5,0.06,23.098911328072752,28.3725264143373,26.368075431322726,27.72823859836833,30.138352280326334,14.07,13.29,1449.0,4.61,3.38,9,2012,-0.0032737596128527002,6.0008025682182975,149.54
2012-12-31,422.69000000000005,16.379999999999995,2.7296709257473473,1.499980192159752,56.45000000000002,34.83000000000001,58.69,150.5,387.8499999999999,27.440000000000012,291.36,256.81,176.35,739.44,787.31,1552.55,0.0,61.47,0.0,159.35,23.93,183.28,60.0,1369.27,107.02000000000001,-65.94,-9.04,23.86,13.77601953601954,6.59,0.13,27.65,3.0,0.11,4.221364513018321,5.6943008678881375,4.786055930568947,5.058529411764705,5.915438765670201,11.22,10.72,1304.44,4.64,3.53,12,2012,9.000966129589369,6.0007233273056055,165.92
2013-03-31,348.56,34.04,5.67,4.5,58.84,42.51,64.35,139.0,306.06,35.16,364.64,229.67,178.66,785.9,776.2,1590.42,0.0,62.02,0.0,158.41,24.33,182.73,60.0,1407.69,88.01,-14.7,-0.04,21.84,6.1275,5.92,0.13,5.67,4.5,0.79,8.56,11.28,9.68,10.24,11.88,9.98,9.77,1062.75,4.96,3.83,3,2013,27.015873015873016,6.00352733686067,34.04
2013-06-30,353.27000000000004,36.279999999999994,6.046666666666667,-0.0026455026455032287,63.97,46.48,69.05000000000001,143.0,306.78000000000003,39.81,345.08,214.44,183.63,761.16,783.45,1573.74,0.0,48.72,0.0,131.73,25.03,156.76,60.0,1416.98,28.17,-20.69,-27.04,22.569999999999997,5.911686879823595,6.06,0.11,11.72,4.5,0.38,9.224778156996585,12.093333333333332,10.23599544937429,10.793196814562002,12.733083048919227,10.22,10.02,1112.38,5.78,4.38,6,2013,-0.01587301587301937,5.999999999999999,70.32
2013-09-30,357.38,38.67,6.446774015964769,-0.0012386457473163323,68.97,48.459999999999994,71.41999999999999,141.0,308.91999999999996,42.0,356.08,220.64,200.22,792.57,802.61,1624.09,0.0,59.74,0.0,152.36,25.08,177.45,60.0,1446.65,53.66,-42.56,-0.09000000000000341,22.960000000000008,5.467820015515903,5.85,0.12,18.17,4.5,0.25,9.522917698871456,12.318766859344896,10.686672171758879,11.0556674924305,13.255447288742088,10.49,10.29,808.53,5.2,3.89,9,2013,-0.007429829389103304,5.998348926802421,108.99
2013-12-31,354.68000000000006,22.780000000000015,3.7963785383623003,1.5015797150594585,48.59,28.600000000000023,53.329999999999984,137.0,326.0799999999999,23.640000000000015,289.39,243.82,181.12,730.98,879.23,1639.72,0.0,45.69,0.0,143.88,33.05,176.92,60.0,1462.8,9.449999999999989,-67.08999999999999,-9.059999999999995,24.72999999999999,9.023757682177344,5.62,0.12,21.96,6.0,0.27,5.559723761098887,7.191682477043338,6.2304864536692754,6.437938832814757,7.675738028382792,9.49,9.32,691.88,5.08,3.82,12,2013,9.010162069826269,6.000455373406194,131.77
2014-03-31,253.89,5.25,0.87,1.5,22.99,6.67,30.48,143.0,247.22,0.26,340.28,169.75,194.62,726.76,873.18,1633.37,0.0,56.0,0.0,131.61,33.72,165.32,60.0,1468.05,103.66,-52.7,-0.07,23.81,41.0925,5.84,0.11,0.87,1.5,1.72,1.28,1.64,1.4400000000000002,1.48,1.76,2.12,2.07,95.29,5.52,4.04,3,2014,9.051724137931034,6.0344827586206895,5.25
2014-06-30,287.24,2.8000000000000007,0.46608695652173926,-0.006746626686656674,24.470000000000002,3.5199999999999996,28.249999999999996,125.0,283.72,-2.41,279.32,198.32,191.88,689.75,879.61,1604.01,0.0,47.98,0.0,107.95,34.22,142.16,60.0,1461.85,-10.920000000000002,-41.0,-9.04,24.73,67.04499999999999,5.13,0.1,1.34,1.5,1.12,0.6956521739130436,0.8904347826086958,0.7652173913043481,0.7791304347826089,0.9460869565217395,1.52,1.49,92.64,6.39,4.61,6,2014,-0.04053010808028823,6.007462686567164,8.05
2014-09-30,331.75,15.18,2.528910891089109,0.9987808482340772,40.300000000000004,19.090000000000003,44.660000000000004,120.0,312.65999999999997,11.790000000000001,311.22,214.27,207.13,748.64,862.89,1646.67,0.0,69.53,0.0,142.81,32.82,175.64,60.0,1471.04,43.260000000000005,-11.289999999999992,-0.07000000000000028,25.57,11.863674242424242,4.89,0.12,3.87,2.5,0.65,3.685544554455445,4.6788118811881185,4.12990099009901,4.156039603960395,5.097029702970297,2.72,2.66,162.67,5.24,3.79,9,2014,5.995265918469668,6.002583979328166,23.23
2014-12-31,334.36,-0.17999999999999972,-0.02998698481561817,8.40774184884033e-06,38.0,-0.08000000000000185,26.66000000000001,114.0,334.43999999999994,-5.710000000000001,286.33,217.45,194.78,713.83,893.46,1645.05,0.0,63.37,0.0,143.3,30.88,174.18,60.0,1470.87,32.66,-51.510000000000005,-6.050000000000001,26.739999999999995,-950.4923611111127,4.65,0.12,3.84,2.5,0.65,-0.0437310195227765,-0.05560086767895869,-0.049041214750542225,-0.049041214750542225,-0.06059869848156172,1.95,1.91,126.96,4.98,3.62,12,2014,5.046834625410668e-05,6.002604166666667,23.05
2015-03-31,262.2,5.22,0.87,0.0,22.09,6.71,34.23,114.0,255.49,-5.41,261.17,185.47,228.42,702.65,882.06,1634.51,0.0,62.18,0.0,127.44,30.97,158.41,60.0,1476.1,10.34,-35.46,-0.04,27.52,32.7575,4.63,0.11,0.87,0.0,0.0,1.28,1.64,1.4,1.4,1.8,2.09,1.99,167.75,5.51,3.72,3,2015,0.0,6.0,5.22
2015-06-30,18.400000000000034,-10.96,-1.8330313588850176,1.5,-2.5100000000000016,-7.65,-7.409999999999997,115.0,26.05000000000001,-2.9299999999999997,204.25,215.92,255.22,703.19,883.22,1619.08,0.0,68.07,0.0,121.19,33.53,154.72,60.0,1464.36,-46.67,20.94,-6.02,0.240000000000002,-15.684183394160582,4.71,0.11,-0.96,1.5,-1.56,-2.673170731707317,-0.45825783972125433,-2.9786759581881532,-2.9786759581881532,-0.45825783972125433,-2.1,-2.05,-15.67,5.8,3.7,6,2015,8.96875,5.979166666666667,-5.74
2015-09-30,298.44999999999993,13.26,2.2041223404255317,0.009183843085106533,33.620000000000005,13.54,41.76,110.5,284.91,5.859999999999999,217.07,213.38,251.68,702.36,886.36,1632.13,0.0,62.77,0.0,123.6,33.92,157.52,60.0,1474.61,52.76,-36.900000000000006,-3.05,28.219999999999995,12.533333333333333,4.5,0.11,1.25,1.5,1.2,3.244468085106383,5.4309574468085104,3.5971276595744683,3.5971276595744683,5.9246808510638305,1.33,1.3,114.55,5.68,3.65,9,2015,0.05525000000000091,6.016,7.52
2015-12-31,309.96000000000004,10.420000000000002,1.736666666666667,-0.004000000000000152,34.28999999999999,11.4,39.870000000000005,103.0,298.55999999999995,4.79,255.1,202.23,255.2,737.44,873.43,1660.76,0.0,71.4,0.0,147.8,33.89,181.68,60.0,1479.08,66.57,-28.489999999999995,-0.05000000000000071,28.470000000000006,14.828047024952015,4.18,0.12,2.99,1.5,0.5,2.509163879598663,3.3687848383500563,2.811192865105909,2.8344258639910813,3.694046822742475,2.07,2.02,160.0,4.99,3.26,12,2015,-0.02400000000000091,6.0,17.94
2016-03-31,1187.26,28.32,4.72,1.0,116.69,35.64,148.99,100.0,1151.62,1.66,285.02,205.47,208.45,712.45,876.95,1644.5,0.0,51.92,0.0,120.29,40.03,160.33,60.0,1484.17,129.33,-90.28,-15.2,113.35,5.2975,4.04,0.11,4.72,1.0,0.21,6.88,8.68,7.64,7.64,9.36,2.46,2.39,187.58,5.92,4.19,3,2016,6.0,6.0,28.32
2016-06-30,-951.5699999999999,-32.93,-5.500238611713666,0.9978308026030368,-96.66,-40.52,-124.93,109.5,-911.05,-12.33,301.94,158.61,254.35,740.47,852.9,1649.04,0.0,73.95,0.0,129.23,40.24,169.48,60.0,1479.56,-92.83000000000001,70.74000000000001,15.16,-84.41,-4.977134072274522,4.44,0.11,-0.77,2.0,-2.6,-8.000347071583514,-8.57180043383948,-8.857527114967462,-8.857527114967462,-9.143253796095445,-2.01,-1.96,-122.0,5.73,3.76,6,2016,5.974025974025974,5.987012987012987,-4.61
2016-09-30,298.78000000000003,-1.0599999999999996,-0.17760141093474419,-0.006230101468196551,23.14,-2.2,26.710000000000004,103.0,300.97999999999996,-7.26,291.44,198.49,219.95,726.37,834.63,1624.37,0.0,60.22,0.0,113.58,38.3,151.87,60.0,1472.5,16.090000000000003,-20.54,-6.05,28.91,-144.98617924528307,4.2,0.1,-0.95,2.0,-2.11,-0.2617283950617283,-0.3215520282186948,-0.2916402116402116,-0.2841622574955907,-0.35146384479717796,-1.08,-1.06,-78.67,6.4,4.46,9,2016,-0.03718386876281521,5.968421052631579,-5.67
2016-12-31,294.0799999999999,16.89,2.815,0.01052631578947357,44.81,21.17,49.85999999999999,100.0,272.9100000000001,14.75,335.6,193.26,223.28,767.61,816.5,1649.87,0.0,67.12,0.0,125.71,40.78,166.49,60.0,1483.38,59.959999999999994,-15.760000000000005,-0.040000000000000036,28.690000000000005,8.881669626998224,4.04,0.11,1.87,2.0,1.07,4.094545454545455,5.118181818181817,4.5762566844919785,4.5762566844919785,5.539679144385027,1.38,1.35,108.38,6.11,4.33,12,2016,0.06315789473684141,6.0,11.22
2017-03-31,1108.54,4.7,0.78,1.0,119.71,6.12,121.61,102.5,1102.42,-15.52,390.5,169.7,196.87,775.78,788.49,1634.8,0.0,66.69,0.0,115.65,39.32,154.97,60.0,1479.83,184.62,-66.95,-12.19,115.49,32.8525,4.16,0.1,0.78,1.0,1.28,1.16,1.4800000000000002,1.28,1.28,1.6,0.43,0.42,32.21,6.71,5.01,3,2017,6.0256410256410255,6.0256410256410255,4.7
2017-06-30,-1108.54,,,,-119.71,-6.12,-93.03,104.0,-1102.42,15.52,357.84,203.61,198.08,792.32,780.03,1640.25,0.0,72.52,0.0,121.07,38.52,159.58,60.0,1480.67,-196.73000000000002,46.44,12.15,-86.91,,4.21,0.11,,2.0,0.0,,,,,,,,0.0,6.54,4.91,6,2017,,,
2017-09-30,547.01,,,,50.4,2.36,30.54,104.0,544.65,-9.81,355.11,221.39,203.22,806.62,755.72,1640.8,0.0,79.64,0.0,125.64,39.37,165.01,60.0,1475.78,17.66,-14.349999999999998,-6.05,28.18,,4.23,0.11,0.33,2.0,6.06,,,,,,0.36,0.36,26.22,6.42,4.8,9,2017,,5.909090909090908,1.95
