,revenue,net_profit,eps,dps,gross_profit,ebit,ebitda,close_price,expense,operating_profit,cash,account_receivable,inventory,current_asset,property_plant_equipment,total_asset,short_term_loan,account_payable,current_portion_long_term_debt,current_liability,non_current_liability,total_liability,paid_in_capital,total_equity,cash_flow_operation,cash_flow_investment,cash_flow_financing,depreciation,P/E,P/BV,D/E,EPS,DPS,DPR%,ROA%,ROAA%,ROE%,ROAE%,ROCE%,NPM%,NPMA%,TIE,CurrentRatio,QuickRatio,month,year,dividend,number_of_shares,return_old
2000-03-31,4282.68,374.22,5.0,0.0,592.92,462.41,532.83,11.7,3820.26,257.34,1964.52,1631.8,2469.73,6524.63,2197.76,10103.86,331.48,704.13,0.0,1450.87,1355.03,2805.9,749.09,6854.96,392.16,-99.67,-4.22,70.42,0.585,1.28,0.41,5.0,0.0,0.0,14.8,0.0,21.84,0.0,21.36,9.19,8.74,0.0,4.5,2.79,3,2000,0.0,74.84400000000001,374.22
2000-06-30,4224.709999999999,241.64,3.2252148215503524,12.0,488.17999999999995,412.34,490.5899999999999,8.35,3812.38,153.57000000000005,961.17,1358.14,2895.01,5753.45,2384.75,9563.69,383.38,823.95,0.0,1493.37,1332.11,2825.48,749.09,6245.77,74.34999999999997,-310.2,-790.88,78.24999999999999,0.6499101969872537,1.0,0.45,8.22,12.0,1.46,10.107242555126165,0.0,15.474753353034778,0.0,17.01281200272789,7.67,7.24,0.0,3.85,1.91,6,2000,899.0656934306569,74.92214111922141,615.86
2000-09-30,5537.02,364.36,4.865716267776622,-0.006253623683763452,758.72,507.8299999999999,592.0500000000001,9.0,5029.19,421.25999999999993,837.04,1959.59,2447.5,5973.64,2504.86,9809.35,65.31,952.06,0.0,1300.68,1332.11,2632.79,749.09,6582.96,284.1,-161.83000000000004,-221.15999999999997,84.22,0.4640683664507629,1.02,0.4,13.09,12.0,0.92,14.85363040949991,0.0,22.139194874619985,0.0,24.161310726163517,7.27,6.98,0.0,4.59,2.71,9,2000,-0.46829083325428655,74.88311688311688,980.22
2000-12-31,5764.209999999999,529.54,3.5355044510385754,6.000462445566303,1189.68,798.81,874.47,10.0,4965.4,668.09,2115.92,1904.91,2595.08,6995.05,2568.14,10898.47,321.72,1061.27,0.0,1747.03,1492.56,3239.6,749.09,6997.47,1098.58,112.58000000000004,276.23,75.66000000000003,0.7056418778562527,1.07,0.46,10.08,12.0,1.19,19.43124470114455,0.0,30.276264306909702,0.0,33.44699448919033,7.9,7.62,0.0,4.0,2.52,12,2000,898.7359307359307,149.77777777777777,1509.76
2001-03-31,8176.95,476.31,3.18,0.0,1475.61,793.37,918.44,13.0,7383.58,591.54,919.31,2606.13,6496.8,10725.6,3683.06,15940.76,393.53,1861.08,143.75,3184.26,4468.75,7653.01,749.09,7568.76,800.15,-1838.68,-137.97,125.07,1.0225,1.29,1.01,3.18,0.0,0.0,11.96,24.36,25.16,26.4,24.88,5.97,5.83,0.0,3.37,1.33,3,2001,0.0,149.7830188679245,476.31
2001-06-30,8460.009999999998,311.24999999999994,2.078793996647874,5.1,1335.4200000000003,555.7099999999999,683.24,13.7,7904.299999999999,436.47,587.31,2895.94,7403.86,11256.35,3813.82,16658.71,1592.94,1834.54,145.16,4267.75,4571.8,8839.55,749.09,7120.41,-580.54,-190.90999999999985,566.27,127.53,1.6447036144578315,1.44,1.24,5.26,5.1,0.97,7.477335060185891,16.26676062776169,17.484001218954745,18.62220021331708,17.215259789730304,4.83,4.73,0.0,2.64,0.9,6,2001,763.6038022813688,149.72623574144487,787.56
2001-09-30,9232.91,191.3900000000001,1.2766501864242308,0.006447899384709799,1394.4499999999994,420.97,548.5599999999997,12.7,8811.94,355.78999999999996,779.65,3130.11,7725.9,12060.26,4002.15,17688.86,2832.0,1874.82,142.5,5592.64,4045.59,9638.23,749.09,7301.2,-183.34,-366.8599999999999,758.3,127.59,2.480750039186999,1.3,1.32,6.53,5.1,0.78,4.324579191991422,10.0646173961898,10.486909035190772,11.026503907247566,11.440975330711481,3.84,3.78,0.0,2.16,0.78,9,2001,0.9666418227659506,149.91577335375192,978.95
2001-12-31,10017.399999999998,526.6800000000001,0.703112185596727,4.079306607433891,1591.88,753.0400000000002,867.7600000000002,16.8,9264.36,608.69,635.58,3104.1,8061.4,12372.17,4109.62,18097.2,2863.21,1704.9,141.95,5348.92,4102.2,9451.12,749.09,7839.23,-77.19,-145.4100000000003,174.61000000000013,114.72000000000003,5.974722222222222,1.61,1.21,2.01,5.1,2.54,11.641578873959737,24.346571202752333,26.879174299130597,28.404333069877726,27.690726672555677,4.26,4.2,0.0,2.31,0.81,12,2001,3055.6847797764626,749.0696517412937,1505.63
2002-03-31,8463.07,304.63,0.35,0.0,1449.48,515.62,651.19,24.2,7947.45,531.09,445.02,3131.18,7399.01,11469.92,4213.05,17239.29,2085.71,1526.07,139.28,4557.28,2154.95,6712.24,859.09,9716.04,1154.82,-176.59,-1205.73,135.57,17.285,2.14,0.69,0.35,0.0,0.0,7.08,12.44,12.56,14.08,16.28,3.6,3.6,0.0,2.52,0.89,3,2002,0.0,870.3714285714286,304.63
2002-06-30,8407.619999999999,270.21000000000004,0.31494102706840166,1.23,1414.3899999999999,434.15,589.3899999999999,17.5,7973.47,481.5799999999999,675.98,2806.01,6503.96,10465.12,4209.06,16216.99,2552.23,1326.97,135.58,4802.02,1778.26,6580.28,859.09,8883.28,1421.07,-137.82000000000002,-1051.25,155.24,13.891807112986195,1.69,0.74,0.67,1.23,1.84,6.656067079535175,10.867815740032011,12.165184747060053,13.500158652842531,15.643637881845386,3.43,3.41,0.0,2.18,0.82,6,2002,1055.3032835820895,857.9701492537314,574.84
2002-09-30,9005.68,463.11,0.5398748494628836,0.4697702460288759,1587.21,729.98,889.0100000000002,17.5,8275.699999999999,682.5200000000001,476.54,2859.85,7105.31,10906.65,4324.4,16788.34,2061.73,1696.4,2189.69,6957.06,66.61,7023.67,859.09,8963.14,613.6600000000003,-236.21999999999997,-571.8899999999999,159.02999999999997,8.102155535401957,1.68,0.78,1.21,1.7,1.4,11.029509321258248,17.38307779758177,20.66694465051303,22.772902740979813,30.50069810684522,4.04,4.01,0.0,1.57,0.55,9,2002,402.97357592204276,857.8099173553719,1037.95
2002-12-31,8661.860000000004,511.0899999999999,0.593891700666219,0.005467678621960551,1772.1400000000003,727.4899999999998,793.9200000000001,17.0,7934.360000000001,816.0799999999999,245.8,3013.23,8229.17,11999.66,4353.58,17988.05,1817.57,1936.7,2580.03,7524.51,164.56,7689.07,859.09,9451.04,-206.5300000000002,-155.81000000000006,129.23000000000002,66.43,7.152819268621966,1.55,0.81,1.8,1.7,0.94,11.36312787274699,17.60558952641636,21.63085549759851,23.650087279863655,30.367662294066,4.52,4.49,0.0,1.59,0.5,12,2002,4.705362718089873,860.5777777777778,1549.04
2003-03-31,9610.3,747.02,0.87,0.0,1937.82,1003.22,1147.31,19.3,8607.08,932.41,277.62,3622.16,7851.86,12207.8,4408.16,18207.26,1371.59,1804.93,2406.73,6944.24,153.72,7097.96,859.09,10201.4,828.59,-152.31,-659.38,144.09,5.544999999999999,1.63,0.7,0.87,0.0,0.0,16.4,22.64,29.28,29.999999999999996,35.64,7.83,7.77,0.0,1.76,0.63,3,2003,0.0,858.6436781609195,747.02
2003-06-30,9782.48,714.46,0.831063031994964,0.8,1970.6499999999999,949.6199999999999,1094.8400000000001,26.25,8832.859999999999,830.5000000000001,280.79,3732.82,7754.91,12280.54,4449.56,18349.94,1662.24,1983.74,2063.99,7100.41,151.38,7251.79,859.09,10199.34,1059.0099999999998,-230.93,-832.5400000000001,145.22,7.895911317638495,2.21,0.71,1.7,0.8,0.47,15.56532172865862,22.096499438924926,28.02148999644196,29.957378000383173,33.946480553959,7.61,7.54,0.0,1.73,0.64,6,2003,687.7552941176472,859.6941176470589,1461.48
2003-09-30,11367.02,611.5500000000002,0.7109571496794549,1.1904504233785667,1694.65,774.28,929.5099999999998,28.0,10592.740000000002,581.74,367.65,4171.78,8299.39,13639.82,4616.12,20450.31,3223.12,1985.23,24.0,6684.07,3104.48,9788.54,859.09,9729.68,1286.7600000000002,-1148.55,-84.61999999999989,155.23000000000002,9.8473585970076,2.47,1.01,2.41,1.99,0.83,11.965320328215224,17.287173846977616,25.146052879118976,26.17266320313744,23.376035079087135,6.83,6.74,0.0,2.04,0.8,9,2003,1023.9997681230167,860.1784232365145,2073.03
2003-12-31,10084.670000000002,206.26999999999998,0.23981726845961474,-0.00015088620969524926,1440.0500000000002,317.8900000000003,480.49000000000024,31.0,9766.779999999999,209.4000000000001,301.68,3314.68,9290.04,13792.49,4500.27,20686.57,3239.83,1730.86,23.75,6259.88,3526.68,9786.56,859.09,9936.58,-274.4500000000003,-213.26,415.44000000000005,162.59999999999997,32.321483977311296,2.68,0.98,2.65,1.99,0.75,3.9891113938489875,5.7013161935682,8.304012284473302,8.510345632431008,7.6415736410301385,5.65,5.58,0.0,2.2,0.72,12,2003,-0.12977922179561574,860.11320754717,2279.3
2004-03-31,10361.53,315.31,0.37,0.0,1488.09,411.3,554.08,23.2,9950.24,278.5,313.06,3747.26,8999.56,13843.9,4885.8,21097.36,3618.2,1598.97,23.67,6664.31,3199.1,9863.4,859.09,10244.94,478.93,-513.52,44.93,142.78,15.675,1.95,0.96,0.37,0.0,0.0,5.96,8.36,12.32,12.32,11.4,3.08,3.04,0.0,2.08,0.73,3,2004,0.0,852.1891891891892,315.31
2004-06-30,11088.74,527.47,0.6133517643987755,0.66,1681.53,569.06,742.39,20.2,10519.67,506.35,368.7,4043.83,9094.56,14294.98,5178.1,21855.24,4049.52,1677.84,25.54,7171.83,3366.28,10538.11,859.09,10331.72,594.47,-459.78,-29.89,173.33,8.232551519517695,1.68,1.02,0.98,0.66,0.67,9.663419635017442,12.216965756187856,20.428368969363298,20.55354279883244,16.72322361707682,3.97,3.93,0.0,1.99,0.73,6,2004,567.5865306122449,859.9795918367347,842.78
2004-09-30,13372.740000000002,564.3399999999999,0.6537283245210074,0.6825109124325153,2156.09,787.4799999999999,971.6899999999998,23.7,12585.250000000004,722.6899999999999,486.49,5005.31,9720.12,15788.75,5445.24,23654.62,5052.85,2031.42,2812.1,11342.77,946.16,12288.93,864.3,10325.74,-382.18000000000006,-350.98,867.61,184.20999999999998,9.063474501187226,1.98,1.19,1.63,1.34,0.82,9.545235658650293,12.866015123088292,21.865808744101425,22.50750525896867,23.03690488373415,4.07,4.04,0.0,1.39,0.54,9,2004,589.1869663202705,863.2638036809816,1407.12
2004-12-31,12225.049999999996,525.8000000000002,0.6093330298201687,-0.0005483067736039293,1844.42,654.3399999999999,864.7600000000002,24.8,11570.719999999994,661.6300000000001,356.26,4294.68,10552.3,15966.23,5452.15,24022.15,5205.38,1786.81,23.44,8417.42,3706.2,12123.62,864.3,10771.17,89.94999999999993,-236.66000000000008,-63.110000000000014,210.42000000000002,10.173746861924682,1.99,1.13,2.24,1.34,0.6,8.759162303664926,11.794946505804692,19.531299795128618,20.314727976325983,16.88722968358753,4.13,4.11,0.0,1.9,0.64,12,2004,-0.4731397896582621,862.9107142857142,1932.92
2005-03-31,12004.44,472.06,0.55,0.0,1928.62,653.9,850.26,27.75,11350.54,517.36,294.88,4763.23,9998.64,15770.76,5441.15,23826.36,4145.74,1999.11,23.5,7804.88,3719.74,11524.62,864.3,11242.18,1266.74,-231.05,-1091.72,196.36,12.612499999999999,2.13,1.03,0.55,0.0,0.0,7.919999999999999,11.64,16.8,17.56,16.32,3.98,3.93,0.0,2.02,0.74,3,2005,0.0,858.290909090909,472.06
2005-06-30,13246.1,498.47999999999996,0.5752442969893049,0.88,2005.3400000000001,765.3000000000001,959.52,27.5,12480.8,743.67,327.35,5573.43,9861.8,16445.33,5463.69,24548.0,4789.77,2037.27,24.79,8560.45,3800.37,12360.82,864.3,11088.25,329.6099999999999,-175.46999999999997,-53.09999999999991,194.21999999999997,11.949705605039322,2.14,1.11,1.12,0.88,0.79,8.115053475384837,12.573196777051951,17.976384280915777,18.613261895439653,18.243461990232245,3.87,3.84,0.0,1.92,0.77,6,2005,762.5671428571428,866.5535714285713,970.54
2005-09-30,14596.150000000001,659.23,0.7604461979297692,0.5603505840876759,2406.26,902.7699999999998,1120.64,28.75,13693.380000000001,820.9199999999998,361.38,5795.29,10769.44,17655.34,5398.85,25734.95,5556.01,2105.76,114.83,9648.4,3739.69,13388.09,869.28,11241.61,-112.42999999999984,-79.21000000000004,127.26999999999998,217.87000000000006,9.450109711329883,2.22,1.19,1.88,1.44,0.77,10.241754112543488,15.208923958595387,23.460574191450327,24.44753627812513,23.34731624707781,4.12,4.09,0.0,1.83,0.71,9,2005,485.7673252279636,866.8989361702128,1629.77
2005-12-31,14170.349999999999,452.6700000000001,0.5216995447647952,0.0013017789687791302,1986.2300000000005,632.69,855.7399999999998,30.5,13537.659999999996,508.6400000000003,470.2,5688.27,11997.73,18803.23,5464.51,26993.8,5750.93,2395.25,114.88,10119.37,4054.21,14173.58,869.28,11695.29,248.38999999999987,-532.41,593.16,223.04999999999995,14.61760907504363,2.27,1.21,2.4,1.44,0.6,6.703839150227618,10.068801213960548,15.485781487101669,16.12051593323217,15.224931714719276,3.88,3.86,0.0,1.86,0.67,12,2005,1.129531914893505,867.6833333333334,2082.44
2006-03-31,13871.15,432.85,0.5,0.0,2106.27,696.83,905.02,30.25,13174.32,549.07,399.46,5384.2,11627.17,18060.34,5453.99,26204.02,3239.96,2356.52,194.22,7521.85,5438.31,12960.16,869.28,12064.58,666.25,-200.61,-752.84,208.19,15.125,2.18,1.07,0.5,0.0,0.0,6.6,11.16,14.359999999999998,14.840000000000002,14.92,3.15,3.12,0.0,2.4,0.86,3,2006,0.0,865.7,432.85
2006-06-30,13254.859999999999,342.7099999999999,0.3932795657331476,0.64,1898.71,536.2499999999999,747.23,24.3,12718.61,474.4599999999999,467.02,5339.78,12456.67,18959.0,5524.16,27180.24,3931.05,2210.24,107.06,8053.62,6046.1,14099.72,869.28,11860.25,-442.28999999999996,-299.40999999999997,791.8000000000001,210.98000000000002,15.4451197805725,1.78,1.19,0.89,0.64,0.72,5.037513538604363,8.43120686987467,11.559767909639485,11.948628603847538,11.40068853473619,2.88,2.86,0.0,2.35,0.81,6,2006,557.7060674157303,871.4157303370786,775.56
2006-09-30,14745.77,677.54,0.7786744202050787,-0.000953225919943331,2405.4100000000003,1081.13,1292.37,23.8,13664.64,968.44,340.74,5667.72,12659.7,19376.16,5691.99,27677.44,5799.26,2257.64,138.26,10007.93,4167.44,14175.37,874.06,12174.29,420.64,-347.69000000000005,-349.53,211.23999999999995,7.640388390353337,1.71,1.16,1.67,0.64,0.38,9.79171426605189,16.170316702222834,22.26915587364944,23.145747436515038,24.432658454339002,3.5,3.47,0.0,1.94,0.67,9,2006,-0.8294207091435055,870.1197604790419,1453.1
2006-12-31,13572.599999999999,507.46000000000004,0.5823769739258171,0.0009109361152831744,2010.9399999999996,745.5,970.7800000000002,25.0,12827.099999999999,668.76,365.14,5215.23,12101.81,18454.87,6054.2,27135.64,5277.39,2132.28,91.8,8945.98,4086.53,13032.52,874.06,12648.21,1240.85,-649.23,-284.97999999999996,225.2800000000001,10.730807157214361,1.73,1.03,2.25,0.64,0.28,7.4854853715265035,11.709659689068431,16.047721059289184,16.679276533235402,17.4143656914351,3.56,3.54,0.0,2.06,0.71,12,2006,0.7937532934131468,871.36,1960.56
2007-03-31,13027.62,527.68,0.6,0.0,1844.41,776.46,999.89,22.4,12251.16,551.73,276.11,5096.27,11893.84,18206.79,6152.24,26708.04,4776.99,1975.32,114.54,8259.59,4141.19,12400.78,874.06,12807.95,611.67,-424.24,-306.1,223.43,9.3325,1.53,0.97,0.6,0.0,0.0,7.92,11.72,16.48,16.96,16.84,4.12,4.05,0.0,2.2,0.76,3,2007,0.0,879.4666666666666,527.68
2007-06-30,13877.85,430.21000000000004,0.4940348056666215,0.68,1830.7899999999997,694.2,920.09,24.8,13183.64,545.44,319.09,5703.92,11819.67,18661.75,6400.34,27442.95,5168.25,2250.61,205.0,9102.18,4227.84,13330.02,874.06,12661.19,465.21000000000015,-428.96000000000004,-12.849999999999966,225.89,12.552253260035796,1.71,1.05,1.1,0.68,0.62,6.269750806460033,9.66511728904154,13.599430832350272,14.03058848093205,14.407851423441105,3.61,3.56,0.0,2.05,0.75,6,2007,592.1501818181819,870.8090909090909,957.89
2007-09-30,13781.349999999999,422.37,0.48349195079187984,0.5521586604895257,1839.9400000000005,680.6299999999999,931.52,24.2,13100.719999999998,623.8799999999999,264.87,5572.51,14425.51,20941.28,7745.54,31020.66,7175.12,2554.51,166.88,11512.39,5411.3,16923.69,878.8,12642.69,-1363.4,-1381.0399999999997,2670.85,250.89000000000004,12.516030494590051,1.68,1.34,1.58,1.23,0.78,5.446934635503456,8.972141770391087,13.36641038644893,13.611216437482792,13.501053714517555,3.43,3.39,0.0,1.82,0.57,9,2007,482.35602071346375,873.5822784810126,1380.26
2007-12-31,15385.309999999998,443.03999999999996,0.5054150167279109,0.004215487705905323,2060.37,699.31,1007.6399999999999,22.5,14686.010000000002,568.95,485.4,6405.4,15945.24,23497.13,7728.0,33575.86,8939.34,2976.37,178.18,13665.96,5340.19,19006.15,878.8,13086.0,-1347.22,-238.08000000000038,1768.0799999999995,308.3299999999999,11.132237495485736,1.51,1.45,2.08,1.23,0.59,5.277699116985684,9.126628859759776,13.539290736576536,13.772559205835572,13.918351999122471,3.28,3.25,0.0,1.72,0.55,12,2007,3.6952397760467193,876.5865384615385,1823.3
2008-03-31,15988.08,577.98,0.66,0.0,1611.94,847.5,1112.46,20.1,15140.58,277.71,366.56,6079.31,14218.1,21757.74,7907.37,32154.68,7686.86,2309.32,185.82,11787.97,5134.18,16922.15,878.8,13692.37,1303.48,-462.11,-1221.0,264.96,7.612500000000001,1.29,1.24,0.66,0.0,0.0,7.2,11.52,16.88,17.44,16.64,3.75,3.62,0.0,1.85,0.64,3,2008,0.0,875.7272727272727,577.98
2008-06-30,16543.67,403.44999999999993,0.46041388586042814,0.56,2240.38,688.8299999999999,902.31,16.7,15854.839999999998,943.3899999999999,356.87,6999.04,15233.74,23509.3,8108.81,33732.19,8590.98,2683.74,202.77,13345.3,5130.15,18475.46,878.8,13665.49,400.3799999999999,-371.40999999999997,78.41000000000008,213.48000000000002,9.067493679514191,1.07,1.35,1.12,0.56,0.5,4.785015742335164,8.254563239354818,11.806327501706692,12.26674138756712,12.398288212098672,3.05,3.02,0.0,1.76,0.62,6,2008,490.715,876.2767857142856,981.43
2008-09-30,18548.519999999997,911.93,1.0403561921663076,0.5601780960831538,2767.6,1237.33,1503.7600000000002,19.6,17311.18,1120.8400000000001,337.14,7375.66,19693.34,28312.04,8283.85,38712.38,12144.58,3287.26,203.91,17717.44,5110.67,22828.11,883.17,14110.42,-2380.54,-484.52,2883.73,266.43,4.7078106872238,1.23,1.62,2.16,1.12,0.52,9.421003295728228,15.335620906747792,25.85477796087379,27.261185405839356,25.45019499725356,3.74,3.71,0.0,1.6,0.49,9,2008,491.0272222222222,876.5555555555554,1893.36
2008-12-31,18455.18,307.1099999999999,0.35030975200752557,0.00016061215205057656,2137.3899999999994,536.7400000000002,802.4900000000002,19.3,17918.439999999995,493.52999999999975,556.78,7104.89,19228.75,28816.07,8514.96,39865.28,10659.18,3447.55,225.78,16221.65,7412.9,23634.56,883.17,14362.27,1467.01,-502.94000000000005,345.39999999999986,265.75,13.774880580248125,1.19,1.65,2.51,1.12,0.45,3.081609292560225,5.035528228060367,8.552582311960625,8.948948724590654,7.815675742000571,3.19,3.16,0.0,1.78,0.59,12,2008,0.1408056662241961,876.6812749003984,2200.47
2009-03-31,17900.38,653.04,0.74,0.7,2136.79,998.4,1315.64,20.4,16901.98,777.37,707.39,7491.96,16696.82,25667.19,8685.91,36892.91,7730.39,2740.09,430.76,12502.92,7460.52,19963.44,883.17,14994.57,2834.11,-375.66,-3300.94,317.24,6.8925,1.2,1.33,0.74,0.7,0.95,7.08,11.56,17.44,18.2,16.36,3.7,3.65,0.0,2.05,0.72,3,2009,617.7405405405405,882.4864864864865,653.04
2009-06-30,17322.530000000002,954.48,1.0806419826813976,0.0006072809148354529,2777.8,1384.29,1682.8799999999999,23.7,15938.240000000002,1269.8000000000002,580.99,6811.23,16294.26,24321.5,8837.91,35663.62,6076.29,3023.88,223.86,11142.21,7199.13,18341.35,883.17,15347.24,2786.6199999999994,-530.1499999999999,-2458.7099999999996,298.59000000000003,5.48201910988182,1.36,1.2,1.82,0.7,0.38,10.711418333830993,16.316506419826815,24.866640788295015,26.31541355628546,23.085362794864142,4.61,4.56,7.37,2.18,0.72,6,2009,0.5363825363825754,883.2527472527472,1607.52
2009-09-30,17193.57,1017.8800000000001,1.151483050201874,0.920570403923798,2749.5,1396.75,1704.5499999999997,25.75,15796.82,1146.37,613.09,6524.41,17477.33,25310.3,9053.59,36846.81,7495.37,2628.29,188.69,12220.04,7089.29,19309.32,883.17,15548.47,307.4300000000003,-712.52,371.0799999999999,307.79999999999995,5.590594667347821,1.46,1.24,2.97,1.62,0.55,11.057338919783653,15.50818922830807,26.19333160661233,27.44949493410528,23.805070465452886,5.07,5.01,8.33,2.07,0.64,9,2009,813.7594405594408,883.973063973064,2625.4
2009-12-31,17329.71,718.4499999999998,0.8143085066614829,-0.0031044509119185016,2779.8999999999996,1104.4100000000003,1357.1100000000006,30.25,16225.299999999996,1007.3400000000001,728.37,6501.04,16008.23,24217.35,9279.98,35869.94,5601.27,2629.6,1683.76,12039.37,5419.81,17459.18,883.17,16331.12,2649.5699999999997,-418.1700000000001,-2072.5300000000007,252.69999999999993,9.285240100215745,1.64,1.07,3.79,1.62,0.43,8.009873648638543,11.086627689639187,17.601095742931047,18.72694708195642,17.609690027961776,4.85,4.79,8.39,2.01,0.68,12,2009,-2.739002158791209,882.2823218997361,3343.85
2010-03-31,16744.59,831.22,0.94,1.0,2239.41,1315.43,1577.5,37.75,15429.16,913.03,663.07,6456.5,15228.57,23268.34,9696.18,35401.74,5227.64,2793.51,1642.85,11649.26,5385.25,17034.51,883.17,16247.64,1963.19,-666.39,-1463.9,262.07,10.04,2.05,1.05,0.94,1.0,1.06,9.4,14.56,20.48,21.28,22.16,5.09,4.96,9.95,2.0,0.69,3,2010,884.2765957446809,884.2765957446809,831.22
2010-06-30,17288.780000000002,873.1199999999999,0.9887238461809262,-0.0013576104458231455,2668.4800000000005,1360.07,1631.7800000000002,44.5,15928.720000000001,1176.18,457.88,6918.88,16787.06,25010.86,9945.73,37213.79,5621.68,3284.23,4979.18,15846.81,1995.58,17842.39,883.17,17119.68,79.48000000000002,-550.2199999999999,237.47000000000003,271.71,11.253344442917355,2.3,1.04,1.93,1.0,0.52,9.385192156494595,15.040897473508805,20.409719187486065,21.516270227771454,25.655590785876054,5.1,5.01,11.02,1.58,0.52,6,2010,-1.1988755374270568,883.0777202072538,1704.34
2010-09-30,17957.71,817.0400000000002,0.9235275920329346,1.001827767892712,2183.5,1244.02,1509.6299999999997,57.75,16713.679999999997,736.8800000000001,993.47,6149.73,16840.35,25696.3,10140.76,38402.72,7372.22,2502.5,5215.4,17076.06,2188.65,19264.71,883.17,16982.84,458.25,-591.23,620.74,265.61,15.630556276314499,3.0,1.13,2.85,2.0,0.7,8.515896532851059,13.506185977520248,19.24825928658116,20.090775686330506,23.823771426758366,4.96,4.85,10.41,1.5,0.52,9,2010,886.3117534769567,884.6947368421053,2521.38
2010-12-31,20842.130000000005,352.30999999999995,0.3923151070574766,0.28969481197015856,2439.569999999999,824.9299999999998,1236.1000000000004,52.5,20017.199999999997,654.4299999999998,1037.3,9217.86,21383.16,34001.03,14092.18,74776.92,8363.78,5909.63,3716.06,20941.29,30600.1,51541.39,956.33,20966.99,922.4899999999998,-28938.81,27495.48,411.16999999999996,33.46289695154836,2.39,2.46,3.2,2.26,0.71,1.8831125138758873,4.207579523191436,6.723300147197505,7.556969749694643,4.32037011647046,4.02,3.95,8.05,1.62,0.6,12,2010,260.154088815789,898.0281249999999,2873.69
2011-03-31,22842.85,752.78,0.79,0.34,3354.65,1406.73,1861.81,46.0,21436.12,1269.59,921.46,10339.36,21780.92,34931.43,14593.94,78267.78,8393.78,6442.48,4081.6,21829.38,33037.21,54866.59,956.33,21125.55,890.79,-594.67,-618.28,455.08,14.5575,2.08,2.6,0.79,0.34,0.43,3.84,9.92,14.240000000000002,16.12,9.96,3.32,3.3,2.99,1.6,0.6,3,2011,323.9812658227848,952.886075949367,752.78
2011-06-30,25094.85,1237.56,1.2933090828702634,0.0014241622479614542,4326.09,2391.74,2873.44,48.0,22703.110000000004,2156.62,1620.06,11210.28,22986.01,37509.68,15148.93,81755.23,11323.78,7392.13,858.13,22753.28,34496.94,57250.22,956.33,22125.14,3510.83,-833.93,-1370.95,481.7,9.27976162771906,2.07,2.59,2.08,0.34,0.16,6.043732829566808,15.892778922194198,22.38419566506225,25.219527115970134,16.017135564777877,4.18,4.15,3.81,1.65,0.64,6,2011,1.362772638753654,956.8942307692307,1990.34
2011-09-30,25424.78,1561.0000000000002,1.6307393828808283,0.9101208606632123,4344.5,2480.1,3038.95,51.75,22944.68,2160.6000000000004,1413.47,10709.65,25389.07,39224.78,15459.42,82401.35,14150.1,6687.79,1018.79,25430.95,31747.61,57178.56,956.33,22873.66,-827.3599999999997,-931.7600000000002,186.82999999999993,558.8500000000001,7.934207719410633,2.16,2.5,3.71,1.25,0.34,7.577883277861315,18.267797507419736,27.304994734381957,31.331294666238666,19.37546954107464,4.89,4.84,4.44,1.54,0.54,9,2011,871.1990882230978,957.2345013477089,3551.34
2011-12-31,26310.17,1523.1999999999998,1.5908752320407364,0.0002948895015957981,4343.74,2210.49,2558.04,58.5,24099.679999999993,1899.9699999999993,902.52,11160.79,26131.95,39930.37,15654.96,83229.57,14477.17,7919.07,983.55,25141.86,31018.67,56160.53,956.33,24417.64,1887.7399999999998,-817.5699999999997,-564.31,347.54999999999995,9.194938550420169,2.29,2.3,5.3,1.25,0.24,7.324029370149806,12.907100939198429,24.949726280608683,26.846769953532732,17.54165067178503,5.14,5.09,4.12,1.59,0.55,12,2011,0.28234501347697005,957.4603773584906,5074.54
2012-03-31,25703.59,1467.05,1.53,0.65,4345.44,2371.95,2872.89,70.75,23331.64,1972.78,487.03,11974.81,27490.84,41798.77,16737.17,86367.77,13986.93,9958.05,1073.92,27042.52,30769.7,57812.22,956.33,25817.47,1398.44,-662.76,-1357.21,500.94,11.560000000000002,2.62,2.24,1.53,0.65,0.42,6.800000000000001,11.52,22.72,25.0,16.0,5.8,5.71,7.54,1.55,0.53,3,2012,623.2565359477125,958.8562091503268,1467.05
2012-06-30,26896.280000000002,1001.4800000000002,1.010190356203895,0.021322700348059775,4513.12,2212.17,3301.9100000000003,71.75,24684.11,2073.3900000000003,1023.11,12811.63,29342.54,44979.2,17317.85,89982.84,20045.19,9720.81,272.5,31866.33,18728.88,50595.2,1147.59,36480.06,1274.0099999999998,-1563.4799999999998,690.22,1089.74,17.759474627551224,2.26,1.39,2.49,0.65,0.26,4.446460363050075,8.66572932068883,10.986327247390149,13.663940239737823,12.80385849068069,4.74,4.69,3.04,1.41,0.49,6,2012,21.138845578391965,991.3775100401606,2468.53
2012-09-30,28700.499999999993,1612.83,1.545113712095968,1.132660205968827,4443.4400000000005,2315.09,2831.79,73.25,26385.410000000003,1941.5299999999997,827.21,12267.0,29319.92,44419.88,17542.79,89702.93,19795.86,9864.41,272.5,31429.89,18529.06,49958.95,1147.59,36761.81,2555.4300000000003,-943.3900000000003,-1887.4999999999998,516.7,11.849338243956275,2.29,1.36,3.91,1.75,0.45,7.192089401572025,12.67704549463904,17.545536781857024,21.63949536429033,18.715239233980828,5.08,5.02,3.85,1.41,0.48,9,2012,1182.3002706478087,1043.8260869565217,4081.36
2012-12-31,26448.59000000001,612.3799999999997,0.5727518354233507,0.04151296981863551,3060.09,1021.3100000000004,1563.9500000000007,72.0,25427.28,881.4800000000005,1400.04,11918.16,33290.48,48336.63,17923.27,94758.65,22511.2,10544.73,899.0,35548.88,18866.14,54415.01,1147.59,37215.43,-777.0699999999997,-1113.3999999999996,2386.49,542.6399999999999,31.425477644599773,2.22,1.46,4.39,1.75,0.4,2.583254291886639,4.644639029856786,6.580775074886973,7.948073306148185,6.982614631402673,4.4,4.36,3.51,1.36,0.42,12,2012,44.38521342973172,1069.1890660592255,4693.74
2013-03-31,25237.48,674.43,0.59,1.0,2664.81,1219.09,1742.24,63.75,24018.39,422.87,1826.36,12331.8,33546.71,49896.54,20146.59,97163.35,25438.28,9916.4,1045.5,38091.68,18098.01,56189.69,1147.59,37179.38,1898.82,-1312.22,676.14,523.15,27.012499999999996,1.97,1.51,0.59,1.0,1.69,2.76,5.32,7.24,8.56,8.24,2.76,2.67,3.68,1.31,0.43,3,2013,1143.1016949152543,1143.1016949152543,674.43
2013-06-30,28080.63,358.98000000000013,0.3126368043661278,0.004469159942589275,3496.4,920.3500000000001,1469.3300000000002,58.25,27160.270000000004,958.7900000000001,1610.05,14754.22,34637.46,52627.05,21229.15,101762.94,28640.97,10299.81,1048.5,41861.05,19025.56,60886.61,1147.59,37172.38,-1847.79,-1268.66,2757.65,548.9800000000001,46.578009359852906,1.8,1.64,0.9,1.0,1.11,1.417286846459779,3.0985781054953994,3.862801405057045,3.9044863123058624,4.960503962609227,1.97,1.94,3.33,1.26,0.43,6,2013,5.131638418079092,1148.2333333333333,1033.41
2013-09-30,29795.039999999994,1004.1399999999999,0.8772148904321365,0.5969054338134854,4084.9700000000003,1825.1599999999999,2459.27,51.0,27969.87999999999,1494.3,1552.16,13054.69,36181.06,52433.38,21803.75,103135.02,27704.7,10890.78,4573.13,44966.43,16308.41,61274.84,1147.59,37983.8,3152.2599999999998,-982.5699999999997,-2108.17,634.1099999999999,14.533782017447766,1.54,1.61,1.78,1.6,0.9,3.9031134450688323,8.10191730264288,10.566004073519668,10.743418321022796,13.444057421903755,2.48,2.45,4.18,1.17,0.36,9,2013,683.272284644195,1144.691011235955,2037.55
2013-12-31,31339.940000000002,815.28,0.7115906661104938,0.0014298122341513178,3976.0200000000004,1663.9,2280.67,71.75,29676.050000000003,1112.04,1620.73,13948.34,36917.35,55544.31,21472.83,108290.28,29374.82,9802.4,4077.15,46930.44,18012.74,64943.17,1147.59,39536.38,667.8000000000002,-2000.9499999999998,1022.7200000000003,616.7700000000002,25.21175565449907,2.08,1.64,2.49,1.6,0.64,3.0063991194708413,6.3328711489994145,8.253308609345808,8.493363291889105,10.482387804390727,2.53,2.49,3.6,1.18,0.4,12,2013,1.6381571228730536,1145.7148594377509,2852.83
2014-03-31,28410.01,949.52,0.83,0.89,4157.63,1879.62,2519.83,68.75,26530.39,1442.73,999.35,13284.42,34463.89,57883.94,21353.56,110099.19,23504.55,9203.46,3944.91,39835.19,25941.51,65776.7,1147.59,40411.04,4754.39,-6505.2,1806.9,640.21,20.7075,1.95,1.63,0.83,0.89,1.07,3.44,7.24,9.4,9.8,10.72,3.4,3.34,5.2,1.45,0.59,3,2014,1018.16,1144.0,949.52
2014-06-30,30639.51,1521.69,1.3238994257873673,0.004181311988863888,4885.099999999999,2443.1099999999997,3103.79,65.0,28196.39,2037.1100000000001,922.49,14859.36,33884.96,58608.46,21318.14,110788.81,22626.02,11180.11,6621.73,43520.91,22802.36,66323.27,1147.59,40816.35,3149.8399999999992,-682.6300000000001,-2725.54,660.6800000000001,12.273307687505339,1.83,1.62,2.15,0.89,0.41,5.492643199080613,10.024689605496903,14.901565629792692,15.615855552543087,15.837531735465621,4.25,4.18,6.42,1.35,0.57,6,2014,4.806000000000154,1149.4,2471.21
2014-09-30,30845.22000000001,1922.0299999999997,1.6756141025757754,1.1981844424616,5426.0,2584.0600000000004,3171.96,74.0,28261.17,2162.0699999999997,957.35,13453.68,35809.1,54099.08,21477.04,104636.29,21246.32,11289.71,2997.57,37965.12,22440.93,60406.05,1147.59,40561.78,2559.3199999999997,4183.049999999999,-6747.9,587.8999999999999,11.040071799087425,2.09,1.49,3.83,2.09,0.55,7.349952199287997,11.637424315539329,18.95237674244976,19.582372645245876,18.12988209157706,4.96,4.89,6.88,1.42,0.48,9,2014,1374.3895091383808,1147.060052219321,4393.24
2014-12-31,32998.45999999999,698.3400000000001,0.15087143872825337,1.5720682263556265,4551.720000000001,1573.63,2009.3099999999995,90.5,31424.83,1347.67,2123.44,15403.77,37517.57,60863.9,23051.73,115442.66,26086.54,10724.56,936.03,40353.85,27621.91,67975.75,1192.95,43665.38,-1187.7099999999991,-5686.189999999999,8688.79,435.67999999999984,149.9571435833548,2.47,1.56,1.1,2.09,1.9,2.4194292537876265,4.158565474764219,6.3969490020779425,6.715150581941168,6.193958339061746,4.19,4.14,6.88,1.51,0.58,12,2014,7276.646490861618,4628.70909090909,5091.58
2015-03-31,29970.7,1507.14,0.32,0.25,3945.39,2305.05,2926.06,20.1,27665.65,940.18,1247.46,13607.51,34133.35,55626.13,22520.0,109258.26,21488.77,9835.0,828.8,34570.32,27047.14,61617.46,1192.95,43890.34,5499.02,-916.75,-5210.44,621.01,15.7025,2.19,1.4,0.32,0.25,0.78,5.52,8.4,13.72,14.32,12.36,5.27,5.03,6.06,1.61,0.62,3,2015,1177.453125,4709.8125,1507.14
2015-06-30,30726.27,1412.28,0.29508970959985203,0.003976335624884388,5192.1500000000015,2284.8599999999997,2917.1299999999997,21.8,28441.409999999996,2200.4300000000003,1471.83,14807.17,33169.35,55870.35,22958.31,110449.63,19214.13,11134.1,684.6,33747.14,27683.18,61430.32,1192.95,45183.69,4160.74,-624.52,-3998.79,632.27,18.470145934234004,2.3,1.36,0.61,0.25,0.41,5.108438251433504,8.030310130094334,12.500193600098648,13.138748381527838,11.571386645292558,4.93,4.81,7.28,1.66,0.67,6,2015,19.030481557377016,4785.934426229508,2919.42
2015-09-30,32835.59,1625.6000000000004,0.33978288324363815,0.6399110177228025,5633.75,2613.4300000000003,3326.6400000000003,18.4,30222.160000000003,2379.85,5218.08,14122.91,35032.45,57818.79,23494.75,113857.47,17099.21,13805.29,3583.03,38340.45,25983.09,64323.55,1192.95,46435.04,6146.869999999999,2944.13,-5422.610000000001,713.21,13.539160525344487,1.89,1.39,0.95,0.89,0.94,5.708352438493121,9.428080844528738,14.006208113495651,14.950446862720078,13.64854192060761,4.95,4.86,7.79,1.51,0.59,9,2015,3061.482498705781,4784.231578947369,4545.02
2015-12-31,33707.31,757.4499999999998,0.15856185890726393,-0.0013473111289843886,4729.68,1638.8999999999996,2373.460000000001,17.2,32068.410000000003,1264.7200000000003,2815.97,15775.58,35180.22,56854.78,23072.33,111477.01,19376.55,12262.01,3601.21,38566.73,24284.76,62851.48,1192.95,45787.49,-932.1700000000001,-2728.08,1426.3500000000004,734.5600000000002,27.12663707175392,1.79,1.37,1.11,0.89,0.8,2.7198358500849595,4.451159931126436,6.616743517643663,6.776733861766306,6.931010265027429,4.24,4.17,7.16,1.47,0.56,12,2015,-6.436105263158424,4777.0,5302.47
2016-03-31,31856.38,1230.82,0.26,0.31,4848.14,2053.53,2622.74,20.9,29802.86,1453.88,962.28,15535.56,33062.54,51701.82,23061.31,109107.95,15227.97,13589.82,3548.84,33989.24,25889.35,59878.59,1192.95,44508.5,5167.56,-2150.14,-4876.82,569.21,20.095,2.24,1.35,0.26,0.31,1.19,4.52,7.52,11.079999999999998,11.12,10.92,3.94,3.86,5.59,1.52,0.55,3,2016,1467.5161538461537,4733.923076923076,1230.82
2016-06-30,34840.56999999999,1527.05,0.3211496553499621,0.00137074291726254,5428.21,2461.98,3143.91,22.0,32378.589999999997,2062.06,2206.72,17415.35,34976.6,56608.98,23331.76,114312.39,16224.58,16177.52,4009.15,37431.58,28083.38,65514.96,1192.95,44113.73,819.3799999999992,-1215.54,1680.8399999999997,681.9300000000001,17.125504911430536,2.38,1.49,0.58,0.31,0.53,5.337728754437301,8.903597341426535,13.842657558188021,13.687619793536316,13.001023978650192,4.2,4.13,7.96,1.51,0.58,6,2016,6.517811671087657,4754.948275862069,2757.87
2016-09-30,35387.41,1594.4300000000003,0.3333711600762816,0.32180182693732284,4937.48,2131.2299999999996,2884.0699999999997,21.4,33256.17,1871.6600000000003,1401.21,17411.52,37248.08,57865.47,23544.8,118815.46,15267.62,17574.67,3640.77,37029.05,35120.59,72149.64,1192.95,42338.31,1148.8700000000008,-4264.82,2299.6800000000003,752.8399999999999,16.05057857667003,2.41,1.7,0.91,0.63,0.69,5.363245915952486,8.367249775980516,15.063980332238128,14.37525749603658,11.913439698550194,4.32,4.26,7.28,1.56,0.56,9,2016,1539.0968037135278,4782.747252747253,4352.3
2016-12-31,33695.12999999999,902.1300000000001,0.18885835380812005,-0.0007903704405323017,4713.0599999999995,1507.9400000000005,2261.800000000001,21.0,32187.190000000002,1417.6599999999999,976.12,16412.24,39626.19,60078.52,23280.57,142365.46,36905.66,17428.94,3346.88,59241.85,35687.67,94929.53,1192.95,43242.68,634.0799999999999,-21769.29,20717.19,753.8600000000001,27.797287724607315,2.32,2.2,1.1,0.63,0.57,2.534135729279865,4.408984114356838,8.344105450067847,8.103740272493878,6.737092548573299,3.91,3.87,6.43,1.01,0.35,12,2016,-3.7754055944055835,4776.754545454545,5254.43
2017-03-31,32766.52,1468.78,0.31,0.31,4329.53,2220.69,2864.47,21.4,30545.83,881.05,470.44,16161.13,39129.58,59078.6,23337.14,140613.19,12534.28,17645.27,830.34,31983.45,60729.96,92713.41,1192.95,43693.29,1694.79,-891.81,-1531.41,643.78,17.2575,2.34,2.12,0.31,0.31,1.0,4.16,7.12,13.44,13.319999999999999,8.16,4.67,4.48,5.81,1.85,0.62,3,2017,1468.78,4738.0,1468.78
2017-06-30,35397.61,1411.22,0.2940041666666667,0.004004166666666672,4668.97,2196.31,2842.65,21.1,33201.299999999996,1626.5200000000002,610.23,18076.8,40417.98,61274.22,23814.13,144886.02,13372.16,19894.38,832.19,35249.73,61036.67,96286.4,1192.95,44606.49,2580.6400000000003,-947.9300000000001,-1171.24,646.3399999999999,17.943623247969843,2.26,2.16,0.6,0.31,0.52,3.900455277777778,6.6836947222222225,12.661779444444443,12.720580277777778,7.898911944444444,4.35,4.23,6.33,1.74,0.59,6,2017,19.220000000000027,4800.0,2880.0
2017-09-30,36180.26999999999,1736.8500000000004,0.36491211540335944,0.3173712596250691,4657.9400000000005,2308.37,2984.8399999999992,20.0,33871.9,1318.5299999999997,1098.01,18109.23,42155.32,63378.85,24592.66,147442.64,15376.55,20688.25,1019.84,38002.43,60873.88,98876.31,1192.95,44529.69,1216.88,-725.5899999999999,-112.59999999999991,676.47,13.702888418689005,2.14,2.22,0.97,0.63,0.65,4.709999675103155,7.599200753760682,15.60469540920758,15.99594138860912,9.25447220507489,4.55,4.42,5.91,1.67,0.56,9,2017,1510.572680412372,4759.639175257733,4616.85
