,revenue,net_profit,eps,dps,gross_profit,ebit,ebitda,close_price,expense,operating_profit,cash,account_receivable,inventory,current_asset,property_plant_equipment,total_asset,short_term_loan,account_payable,current_portion_long_term_debt,current_liability,non_current_liability,total_liability,paid_in_capital,total_equity,cash_flow_operation,cash_flow_investment,cash_flow_financing,depreciation,P/E,P/BV,D/E,EPS,DPS,DPR%,ROA%,ROAA%,ROE%,ROAE%,ROCE%,NPM%,NPMA%,TIE,CurrentRatio,QuickRatio,month,year,dividend,number_of_shares,return_old
2012-06-30,,,,,,,,,,,39.49,65.99,347.46,480.04,254.46,815.76,293.96,194.56,18.44,530.26,55.54,585.8,159.04,233.23,,,,,,0.0,2.51,0.1,0.0,0.0,,,,,,2.66,2.64,0.0,0.91,0.25,6,2012,,306.4,30.64
2012-09-30,550.3400000000001,19.159999999999997,0.05771084337349396,0.0,325.5999999999999,28.92,38.55,5.9,521.4200000000001,27.58,68.26,65.35,322.4,490.52,277.42,849.34,168.8,235.91,19.95,435.18,66.25,501.44,188.0,351.64,56.44,-27.910000000000004,0.17999999999999972,9.629999999999999,25.556289144050105,3.15,1.43,0.15,0.0,0.0,9.01828112449799,0.0,21.791614457831322,0.0,31.85638554216867,2.93,2.91,0.0,1.13,0.39,9,2012,0.0,332.0,49.8
2012-12-31,539.4100000000001,0.020000000000003126,6.0216780409483524e-05,0.049999999999999996,310.70000000000005,6.060000000000002,16.10000000000001,5.85,533.3500000000001,2.710000000000008,47.33,139.62,372.65,583.11,299.57,998.23,255.97,292.97,21.02,583.37,80.1,663.47,188.0,338.89,-36.59,-69.10999999999999,83.92000000000002,10.04,24287.249999996202,3.25,1.96,0.15,0.05,0.33,0.008012846246488608,0.0,0.02360497792051754,0.0,0.03553592934564987,2.23,2.21,0.0,1.0,0.36,12,2012,16.606666666666666,332.1333333333333,49.82
2013-03-31,570.99,18.32,0.05,0.1,346.08,29.46,40.35,5.5,541.54,25.32,36.99,167.55,400.92,636.41,328.66,1074.46,341.05,269.62,25.9,660.69,94.87,755.56,188.0,323.36,-87.2,-23.9,100.58,10.89,27.5,3.2,2.34,0.05,0.1,2.0,6.84,0.0,22.68,0.0,28.48,3.23,3.21,0.0,0.96,0.36,3,2013,36.64,366.4,18.32
2013-06-30,561.1199999999999,22.409999999999997,0.06052295605205008,0.001045912104100161,329.46,33.08,44.949999999999996,5.1,528.03,19.07,36.74,92.32,383.38,525.36,336.65,981.79,243.86,215.19,36.29,517.85,123.89,641.74,188.0,344.92,128.73000000000002,-30.58,-97.42999999999999,11.870000000000001,21.064734493529674,2.78,1.86,0.11,0.1,0.91,9.133464276945741,15.317809968082495,25.9918585808986,31.009761846304933,29.667252639332187,3.66,3.6,0.0,1.01,0.27,6,2013,0.3872727272727232,370.27272727272725,40.73
2013-09-30,544.6500000000001,9.96,0.02554349970408365,0.005039545185530592,322.5300000000001,16.240000000000002,30.320000000000007,3.68,528.4100000000001,8.11,134.87,90.0,355.02,606.64,346.39,1237.74,77.98,248.42,39.9,377.75,120.22,497.98,235.0,744.99,30.599999999999994,-187.09,254.92,14.080000000000002,36.019927208835334,1.16,0.67,0.13,0.1,0.77,3.222410731899783,5.9339514697178934,5.344486091931348,7.262213454330244,7.199337147366346,3.07,3.02,0.0,1.61,0.67,9,2013,1.9650349650349668,389.9230769230769,50.69
2013-12-31,554.49,-9.479999999999997,-0.0230041252123271,0.07538144214436378,324.29999999999984,-9.070000000000007,5.47999999999999,2.94,563.56,-10.479999999999997,126.45,106.46,420.13,683.61,353.46,1294.95,127.06,274.93,38.45,448.18,104.69,552.88,235.0,734.87,-23.269999999999996,13.299999999999983,2.519999999999982,14.549999999999997,-31.95079113924052,0.94,0.75,0.1,0.17,1.7,-2.926124727008007,-5.59460325163795,-5.162125697646202,-7.066867265226883,-7.572958019898081,1.87,1.85,0.0,1.53,0.59,12,2013,31.06469230769231,412.09999999999997,41.21
2014-03-31,642.69,25.59,0.05,0.03,385.25,36.06,51.51,3.5,606.63,34.18,538.79,144.39,523.98,1228.1,348.89,1694.37,366.01,270.62,38.65,690.77,90.39,781.16,235.0,751.34,-103.9,129.9,385.6,15.45,17.5,1.09,1.04,0.05,0.03,0.6,6.04,10.4,13.639999999999999,19.04,14.36,4.0,3.98,0.0,1.78,1.02,3,2014,15.353999999999997,511.79999999999995,25.59
2014-06-30,644.97,6.18,0.013616619452313503,-0.0038300283286118947,372.42999999999995,10.899999999999999,27.229999999999997,4.3,634.0600000000001,10.100000000000001,164.0,138.83,464.28,1009.08,369.53,1604.94,263.67,240.49,45.69,590.25,98.18,688.43,235.0,757.49,63.78000000000001,-312.17,-126.11000000000001,16.330000000000002,78.94947815533982,1.33,0.91,0.07,0.03,0.43,1.5406232294617561,2.8244759206798866,3.260207743153919,4.481813031161473,3.6025684608120865,2.48,2.47,0.0,1.71,0.92,6,2014,-1.7382857142857127,453.85714285714283,31.77
2014-09-30,623.6699999999998,-2.9800000000000004,-0.004140326502257729,0.011082717213318114,348.0100000000001,5.539999999999999,23.070000000000007,5.0,618.1399999999999,5.640000000000001,90.52,149.82,463.6,915.41,366.75,1561.58,242.03,275.64,43.87,568.8,88.8,657.61,235.0,746.11,-36.17000000000001,-6.2099999999999795,-32.640000000000015,17.53,-301.9085570469798,1.57,0.88,0.04,0.03,0.75,-0.7618200764154223,-1.5526224383466485,-1.5981660298714833,-1.5981660298714833,-2.1902327196943387,1.51,1.51,0.0,1.61,0.79,9,2014,7.976785714285713,719.75,28.79
2014-12-31,652.06,-39.46,-0.07396438612933458,0.009526710402999069,337.3399999999999,-44.38,-26.17,2.74,696.44,-49.410000000000004,131.4,158.84,488.59,978.91,361.87,1645.0,333.69,311.09,42.69,700.74,77.53,778.27,324.99,706.72,-0.23999999999999488,-35.670000000000016,78.04999999999998,18.209999999999994,-9.261213887480993,1.26,1.1,-0.02,0.05,-2.56,-9.615370196813496,8.136082474226805,-22.337244611059045,-21.89345829428304,12.721874414245548,-0.42,-0.42,0.0,1.4,0.7,12,2014,5.082500000000003,533.5,-10.67
2015-03-31,675.96,0.06,0.0,,326.8,7.29,24.96,2.42,668.67,-12.81,93.15,169.52,484.17,1002.21,350.2,1589.02,307.42,289.28,41.84,649.12,69.25,718.37,324.99,707.45,-13.46,10.02,-37.54,17.67,0.0,1.11,1.02,0.0,0.0,0.0,0.0,1.76,0.04,0.04,3.12,0.01,0.01,0.0,1.54,0.8,3,2015,,inf,0.06
2015-06-30,701.77,11.459999999999999,0.01989583333333333,,348.89000000000004,24.150000000000002,41.919999999999995,2.34,677.62,24.29,115.52,180.12,491.26,1005.66,350.44,1642.93,313.75,325.84,41.63,693.9,61.31,755.21,324.99,718.9,45.19,-16.75,-6.039999999999999,17.769999999999996,29.403141361256544,1.06,1.05,0.02,0.0,0.0,2.7854166666666664,7.7195833333333335,6.366666666666666,6.2075000000000005,13.171041666666666,0.85,0.84,0.0,1.45,0.74,6,2015,,576.0,11.52
2015-09-30,731.0700000000002,-62.400000000000006,-0.09811320754716982,0.0,333.2399999999999,-61.28,-42.559999999999995,1.65,792.3499999999999,-61.05,235.74,196.62,443.17,1118.13,357.27,1750.77,418.67,386.44,32.74,861.84,55.27,917.1,324.99,654.59,57.06,-22.759999999999998,87.63,18.72,-4.205346153846153,0.82,1.4,-0.08,0.0,0.0,-14.27547169811321,-8.830188679245284,-38.11698113207547,-35.615094339622644,-16.483018867924528,-2.44,-2.41,0.0,1.3,0.78,9,2015,0.0,636.0,-50.88
2015-12-31,952.3499999999999,10.270000000000003,0.015173602560945583,0.0,476.09000000000003,32.38,50.6,1.16,919.9700000000003,32.2,254.12,231.47,413.5,1139.79,391.76,1837.26,372.38,460.7,33.44,927.75,46.13,973.88,324.99,687.27,149.34999999999997,-58.72,-72.44,18.22,19.10884371957156,0.55,1.42,-0.06,0.0,0.0,2.235577443979316,-0.15173602560945584,5.97839940901256,5.897473528687517,-0.28324058113765094,-1.34,-1.33,0.0,1.23,0.78,12,2015,0.0,676.8333333333334,-40.61
2016-03-31,933.22,35.38,0.05,0.0,471.4,54.55,72.32,1.43,878.67,45.5,354.17,210.46,420.29,1252.62,387.99,1867.51,374.11,463.91,35.72,922.39,37.61,960.0,324.99,722.32,69.66,34.77,-4.38,17.77,7.15,0.64,1.33,0.05,0.0,0.0,7.559999999999999,12.64,19.6,19.8,23.08,3.83,3.79,23.41,1.36,0.9,3,2016,0.0,707.6,35.38
2016-06-30,884.06,18.479999999999997,0.02744894170070553,0.07,407.15999999999997,39.03,56.91,2.2,845.0300000000001,30.069999999999993,209.29,174.86,432.15,1002.23,380.78,1710.46,300.15,450.28,33.09,818.51,33.52,852.04,324.99,665.44,-4.819999999999993,-21.89,-118.17,17.88,20.037202380952387,1.07,1.28,0.08,0.07,0.88,4.323208317861121,7.658254734496842,11.103096917935387,10.67763832157445,14.39696992202005,2.99,2.96,21.41,1.22,0.7,6,2016,47.127500000000005,673.25,53.86
2016-09-30,911.6699999999998,15.480000000000004,0.02455725411018172,-0.004762402653590998,468.33000000000015,29.409999999999997,47.640000000000015,2.32,882.26,22.570000000000007,163.41,166.58,463.43,1057.12,399.18,1741.58,338.16,444.36,31.22,839.15,29.3,868.45,325.15,711.62,23.14999999999999,-55.59,-13.429999999999993,18.230000000000004,23.617257751937977,1.06,1.22,0.11,0.07,0.64,3.5541044130372086,6.28665705220652,8.69773291029709,9.063859244303435,12.171468128064612,2.57,2.54,16.87,1.26,0.71,9,2016,-3.0020454545454527,630.3636363636364,69.34
2016-12-31,706.3300000000004,-54.980000000000004,-0.07657381615598886,0.008543935173461633,270.64999999999986,-60.28999999999999,-41.129999999999995,2.2,766.6199999999999,-67.16,164.9,141.79,481.04,947.4,442.82,1681.37,384.78,402.93,29.24,840.39,25.01,865.4,325.15,657.58,-55.3,37.370000000000005,19.409999999999997,19.160000000000004,-7.182611858857766,1.09,1.32,0.02,0.07,3.5,-13.017548746518107,-54.52055710306407,-33.38618384401115,-32.77359331476324,-114.2481337047354,0.42,0.42,6.12,1.13,0.55,12,2016,6.134545454545453,718.0,14.36
2017-03-31,847.19,-10.38,-0.02,0.0,370.69,-8.56,12.61,2.16,855.75,-12.85,175.52,173.89,446.78,837.87,433.86,1691.21,355.14,451.69,24.63,858.7,22.37,881.07,325.15,647.37,57.03,-8.16,-38.24,21.17,-27.000000000000004,1.08,1.36,-0.02,0.0,0.0,-2.44,-1.9200000000000002,-6.4,-6.08,-4.12,-1.23,-1.23,-2.26,0.98,0.46,3,2017,0.0,519.0,-10.38
2017-06-30,800.29,-29.089999999999996,-0.04422092728654674,0.0,350.76000000000005,-22.28,0.2599999999999998,1.87,822.5699999999999,-34.6,154.88,193.65,419.03,789.47,441.52,1663.32,354.63,410.75,21.21,838.93,31.12,870.05,325.15,620.03,-30.240000000000002,31.66,-23.79,22.54,-10.573048298384325,0.98,1.4,-0.06,0.0,0.0,-6.986906511274385,-5.3949531289587025,-18.779153787686848,-18.10109956929313,-11.025751203445655,-2.42,-2.4,-3.98,0.94,0.44,6,2017,0.0,657.8333333333334,-39.47
2017-09-30,798.5700000000002,-28.820000000000007,-0.04642260945965735,0.0,323.48,-23.970000000000002,2.16,1.4,822.55,-25.269999999999996,111.97,176.57,417.94,894.89,432.49,1609.85,281.09,439.83,21.43,797.6,58.26,855.86,325.15,591.45,65.69999999999999,-43.14,-63.75,26.130000000000003,-7.541045281054822,0.77,1.45,-0.11,0.0,0.0,-7.157522331234443,-5.520070288475619,-19.49749597305609,-17.691234441353057,-11.394640503734076,-2.82,-2.79,-4.63,1.12,0.6,9,2017,0.0,620.8181818181819,-68.29
