,revenue,net_profit,eps,dps,gross_profit,ebit,ebitda,close_price,expense,operating_profit,cash,account_receivable,inventory,current_asset,property_plant_equipment,total_asset,short_term_loan,account_payable,current_portion_long_term_debt,current_liability,non_current_liability,total_liability,paid_in_capital,total_equity,cash_flow_operation,cash_flow_investment,cash_flow_financing,depreciation,P/E,P/BV,D/E,EPS,DPS,DPR%,ROA%,ROAA%,ROE%,ROAE%,ROCE%,NPM%,NPMA%,TIE,CurrentRatio,QuickRatio,month,year,dividend,number_of_shares,return_old
2000-03-31,90.77,6.38,0.21,0.0,10.12,8.63,10.05,1.5,82.15,0.92,176.12,39.2,39.78,290.11,164.4,513.26,11.8,18.18,0.0,42.76,0.0,42.76,300.0,470.5,34.71,-0.6,-0.66,1.42,1.785,0.96,0.09,0.21,0.0,0.0,4.96,0.0,5.44,0.0,7.319999999999999,8.16,7.03,0.0,6.78,5.85,3,2000,0.0,30.380952380952383,6.38
2000-06-30,84.88000000000001,5.22,0.17550000000000002,0.2,9.950000000000001,6.369999999999999,8.149999999999999,2.75,78.5,-0.64,186.75,39.15,36.34,286.42,168.23,508.11,10.17,21.34,0.0,42.0,0.0,42.0,300.0,466.11,21.07,-2.81,-7.640000000000001,1.7800000000000002,3.916666666666667,1.77,0.09,0.39,0.2,0.51,4.103999999999999,0.0,4.482,0.0,5.795999999999999,7.54,6.6,0.0,6.82,5.95,6,2000,5.948717948717949,29.74358974358974,11.6
2000-09-30,73.94999999999999,0.4900000000000002,0.016211745244003317,0.00318551038154015,9.55,-0.7400000000000002,1.240000000000002,2.75,74.69,-1.36,198.45,45.49,47.45,312.63,167.95,513.88,11.08,24.36,0.0,45.51,0.0,45.51,300.0,468.37,-17.270000000000003,-102.94,0.9200000000000008,1.9799999999999995,42.438367346938755,1.76,0.1,0.4,0.2,0.5,0.3809760132340779,0.0,0.4182630272952856,0.0,0.4928370554177008,5.3,4.84,0.0,6.87,5.83,9,2000,0.09628205128205103,30.224999999999998,12.09
2000-12-31,70.21000000000001,1.4000000000000004,0.04670126019273537,-0.0016493699036323115,10.529999999999998,0.27999999999999936,2.039999999999999,1.35,69.92999999999998,-1.9100000000000001,163.06,49.17,59.86,312.33,169.33,506.06,8.52,17.71,0.0,35.13,0.0,35.13,300.0,470.93,-22.349999999999998,125.27,-2.5599999999999996,1.7600000000000007,7.226785714285712,0.86,0.07,0.45,0.2,0.44,1.1083765752409194,0.0,1.187249814677539,0.0,1.2827279466271315,4.48,4.22,0.0,8.89,7.19,12,2000,-0.04944444444444418,29.977777777777778,13.49
2001-03-31,88.35,5.25,0.18,0.0,8.56,7.63,9.64,1.03,80.72,-2.25,195.63,50.82,46.32,316.31,168.29,508.74,6.94,14.95,0.0,31.86,0.0,31.86,300.0,476.87,12.56,21.59,-1.58,2.01,1.4225,0.64,0.07,0.18,0.0,0.0,4.12,5.96,4.4,4.44,6.4,6.7,5.94,0.0,9.93,8.47,3,2001,0.0,29.166666666666668,5.25
2001-06-30,91.12,4.98,0.16551319648093843,0.1,11.409999999999998,5.29,7.32,0.97,85.83000000000001,0.20000000000000018,172.52,56.23,30.69,292.41,166.95,509.57,6.41,15.19,0.0,30.72,0.0,30.72,300.0,478.85,15.87,-35.45,-3.54,2.0300000000000002,1.4636295180722891,0.61,0.06,0.34,0.1,0.29,3.9139002932551317,4.9459237536656895,4.167038123167156,4.225454545454546,5.257478005865103,6.33,5.7,0.0,9.52,8.52,6,2001,3.0088235294117647,30.088235294117645,10.23
2001-09-30,84.80999999999997,1.0899999999999999,0.03659010600706713,-0.0010029099979214163,10.720000000000002,1.5199999999999996,3.5299999999999976,0.8,83.28999999999999,-1.6500000000000004,153.4,55.43,47.62,289.83,165.63,509.92,4.96,17.45,0.0,29.98,0.0,29.98,300.0,479.94,-14.36,-3.3100000000000023,-1.4399999999999995,2.01,5.478256880733945,0.5,0.06,0.38,0.1,0.26,0.8550530035335688,1.0861484098939926,0.9089752650176677,0.9205300353356889,1.1593286219081271,4.66,4.28,0.0,9.67,8.08,9,2001,-0.029876160990711664,29.789473684210527,11.32
2001-12-31,87.97000000000003,4.829999999999998,0.1614984520123839,0.00039432947694311045,15.289999999999996,6.9,8.770000000000003,0.78,81.07000000000002,2.13,45.39,61.05,40.87,174.86,165.04,532.84,6.45,8.96,0.0,38.06,10.0,48.06,300.0,484.77,-1.4299999999999997,-122.57000000000001,15.98,1.87,1.2037267080745344,0.48,0.1,0.54,0.1,0.19,3.6247430340557263,4.916730650154798,3.983628482972135,4.043442724458203,5.155987616099069,4.95,4.58,0.0,4.59,3.52,12,2001,0.011793372319687467,29.9074074074074,16.15
2002-03-31,94.2,8.41,0.28,0.0,17.45,11.32,13.15,0.82,82.87,7.31,58.93,54.64,36.96,174.18,163.97,542.31,3.96,18.52,0.0,38.64,10.49,49.13,300.0,493.18,20.72,-4.69,-2.49,1.83,0.7325,0.5,0.1,0.28,0.0,0.0,6.2,8.6,6.84,6.92,9.0,9.34,8.93,0.0,4.51,3.55,3,2002,0.0,30.035714285714285,8.41
2002-06-30,85.86,7.84,0.2605292307692308,0.1,16.400000000000002,10.940000000000001,12.749999999999998,1.83,74.91999999999999,6.19,54.4,50.62,38.39,167.64,163.27,542.13,5.94,15.62,0.0,33.25,10.86,44.11,300.0,498.02,4.68,-3.679999999999999,-5.52,1.81,1.7566167091836735,1.1,0.09,0.54,0.1,0.19,5.789538461538462,8.163249230769232,6.291298461538461,6.426387692307692,8.433427692307692,9.5,9.02,0.0,5.04,3.89,6,2002,3.0092592592592595,30.09259259259259,16.25
2002-09-30,102.77999999999997,11.96,0.38156682027649774,0.003993855606758829,27.159999999999997,18.789999999999996,20.630000000000003,1.66,84.0,14.79,46.57,62.53,32.24,161.23,162.09,754.96,61.74,14.45,0.0,180.07,11.17,191.24,350.0,563.72,7.460000000000001,-121.09,105.80000000000001,1.8400000000000003,1.085,1.03,0.34,0.9,0.1,0.11,6.3424884792626735,11.006082949308755,8.47926267281106,9.174562211981566,12.108387096774194,10.46,9.97,0.0,0.9,0.72,9,2002,0.12518518518518507,31.344444444444445,28.21
2002-12-31,151.71000000000004,27.299999999999997,0.8459016393442622,0.0028779599271402615,-2.710000000000001,35.42,35.150000000000006,2.35,116.28999999999999,-16.13,52.85,66.27,43.51,199.98,160.61,821.02,58.88,30.52,0.0,201.7,5.18,206.88,350.0,614.14,1.5499999999999972,12.580000000000013,-7.8500000000000085,-0.27000000000000046,0.6964166666666667,1.34,0.34,1.72,0.1,0.06,13.298360655737703,22.229508196721312,17.78360655737705,19.86885245901639,24.29508196721311,15.01,12.77,0.0,0.99,0.78,12,2002,0.09288113695090461,32.27325581395349,55.51
2003-03-31,177.47,52.52,1.11,0.0,35.34,63.86,65.63,2.45,113.61,23.02,319.63,71.55,50.14,615.76,164.41,1195.84,5.39,35.5,0.0,70.54,0.0,70.54,515.0,1125.3,16.66,-5.64,255.76,1.77,0.5525,1.12,0.06,1.11,0.0,0.0,17.56,29.4,18.68,25.96,22.68,38.47,29.59,0.0,8.73,8.02,3,2003,0.0,47.31531531531532,52.52
2003-06-30,154.64000000000001,37.919999999999995,0.7672888102609464,0.2,26.919999999999995,45.68000000000001,47.72,2.78,108.96,13.500000000000004,287.05,73.12,47.15,622.6,171.66,1257.21,7.02,29.19,1.84,65.46,7.27,72.73,515.0,1184.47,-11.93,-11.969999999999999,-8.669999999999987,2.04,0.9063080168776372,1.21,0.06,1.83,0.2,0.11,12.05859354268023,20.427492260061918,12.813303847854929,18.02919062361787,15.4128615656789,34.93,27.23,0.0,9.51,8.79,6,2003,9.884153005464482,49.4207650273224,90.44
2003-09-30,222.94999999999993,83.74000000000001,1.673069238718567,0.0025212282752532537,27.28000000000001,92.76,96.88,5.8,130.19,-2.4200000000000017,113.66,68.44,73.92,536.15,169.94,1743.02,205.88,21.76,1.7,264.86,6.85,271.71,515.0,1471.31,-53.900000000000006,-318.63,199.13000000000002,4.119999999999999,0.8684039885359446,2.03,0.18,3.48,0.2,0.06,19.211450223906308,31.15370306579401,22.769126191296362,32.92292570903663,26.32680215868642,45.06,31.38,0.0,2.02,1.75,9,2003,0.12619182212172753,50.05172413793104,174.18
2003-12-31,200.80000000000007,50.70999999999998,0.10146960736359995,0.17996951766457472,28.89,61.47999999999996,65.60999999999999,4.02,139.32,3.8500000000000014,283.4,74.54,69.96,719.21,173.78,1697.29,198.16,26.25,1.7,257.58,6.42,264.0,515.11,1433.29,28.75,143.41,-2.420000000000016,4.130000000000001,9.900747880102548,1.44,0.18,0.45,0.2,0.44,11.950864867268438,18.895895771265945,14.151627906976739,19.81588687802925,16.52376183912134,42.47,29.75,0.0,2.79,2.52,12,2003,89.94076628352491,499.75555555555553,224.89
2004-03-31,205.2,34.98,0.07,0.0,14.86,52.74,56.68,3.3,152.46,-2.5,276.48,92.49,78.98,526.61,174.22,1724.42,199.87,12.33,1.96,326.94,6.52,333.47,520.68,1390.95,-36.37,-37.89,67.34,3.94,11.785,1.24,0.24,0.07,0.0,0.0,8.12,14.44,10.04,11.12,15.08,23.4,17.05,0.0,1.61,1.37,3,2004,0.0,499.7142857142856,34.98
2004-06-30,218.42000000000002,12.68,0.02394460763743181,0.1,19.29,26.509999999999998,30.550000000000004,3.02,191.92,-0.7799999999999998,166.41,105.16,121.27,474.59,178.48,1587.28,200.33,36.92,1.89,363.65,6.06,369.71,520.68,1217.57,-52.73,-3.019999999999996,-54.32000000000001,4.040000000000001,31.53528391167192,1.29,0.3,0.09,0.1,1.11,3.1926143516575745,5.927620646244231,4.161040704993706,4.224892992026858,6.896046999580362,14.26,11.25,0.0,1.31,0.97,6,2004,52.955555555555556,529.5555555555555,47.66
2004-09-30,220.16999999999996,10.290000000000006,0.019532355478861098,-0.0005196050234876714,20.22,15.019999999999996,19.209999999999994,2.1,205.14,-2.23,150.3,110.65,83.25,423.65,181.34,1485.27,198.85,19.88,1.84,298.74,5.6,304.34,522.06,1180.93,-50.52000000000001,74.47999999999999,-40.07,4.1899999999999995,26.877198736637496,0.93,0.26,0.11,0.1,0.91,2.7700431406384824,4.147962036238138,3.4874132873166546,3.103868852459018,5.646626402070754,10.68,9.0,0.0,1.42,1.14,9,2004,-0.2737373737373687,526.8181818181819,57.95
2004-12-31,226.5300000000001,28.959999999999994,0.05664710620181797,-0.003048085271074578,25.07,33.750000000000014,38.78,1.72,192.77999999999997,2.67,132.92,115.17,233.24,512.5,182.13,1550.91,203.9,30.92,1.84,343.55,5.14,348.69,522.06,1202.22,-95.72999999999999,58.050000000000004,20.310000000000002,5.029999999999999,7.592620856353593,0.75,0.29,0.17,0.1,0.59,7.464089287768955,10.503039926360602,9.636672419744562,8.796962374870553,14.128454723276949,11.79,9.99,0.0,1.49,0.81,12,2004,-1.5582887700534798,511.235294117647,86.91
2005-03-31,275.62,16.98,0.030000000000000002,0.0,43.06,22.56,27.27,1.98,253.06,23.06,222.43,128.95,140.99,706.82,181.71,1542.4,197.59,18.19,1.84,299.22,4.68,303.9,526.14,1238.49,55.64,69.22,-35.35,4.71,16.5,0.84,0.25,0.03,0.0,0.0,4.4,5.52,5.48,5.16,7.24,6.33,6.16,0.0,2.36,1.89,3,2005,0.0,566.0,16.98
2005-06-30,216.79000000000002,29.8,0.05733219324497648,0.1,27.909999999999997,37.41,42.39,2.1,179.38,10.669999999999998,195.56,104.4,426.78,983.96,179.76,1527.68,246.74,9.06,1.84,319.22,4.22,323.44,526.14,1204.24,-50.04,27.510000000000005,-4.339999999999996,4.9799999999999995,9.155850671140938,0.92,0.27,0.09,0.1,1.11,7.7971782813168025,9.810175288584865,9.8866182129115,9.835656263360411,12.638563488670371,10.19,9.5,0.0,3.08,1.75,6,2005,51.97777777777779,519.7777777777778,46.78
2005-09-30,249.72999999999996,11.979999999999997,0.022426820966643973,0.0026964677407155017,31.239999999999995,16.47,22.08,2.04,233.26000000000005,6.580000000000005,175.65,159.32,383.0,981.69,333.96,1529.71,248.71,9.62,1.84,317.41,3.76,321.17,527.67,1208.54,-12.78,-6.609999999999999,-0.5100000000000051,5.610000000000001,22.746202003338905,0.89,0.27,0.11,0.1,0.91,3.1315997277059213,4.134690265486725,3.963430905377807,4.012362151123212,5.145936010891761,8.37,7.92,0.0,3.09,1.89,9,2005,1.440404040404026,534.1818181818181,58.76
2005-12-31,365.09000000000003,59.220000000000006,0.11042888625190712,0.00038989659264282396,46.750000000000014,63.099999999999994,62.33,1.72,301.99,10.719999999999999,191.01,146.84,313.52,922.25,184.48,1501.11,175.84,13.94,1.84,232.35,3.3,235.65,527.67,1262.98,76.87,5.259999999999991,-66.78,-0.7700000000000014,3.894814251941911,0.72,0.19,0.22,0.1,0.45,15.781291744363454,18.35127309713511,18.75283268350568,19.214626207831838,22.085777250381422,11.61,10.66,0.0,3.97,2.62,12,2005,0.20909090909091077,536.2727272727273,117.98
2006-03-31,338.06,32.06,0.06,0.0,30.88,40.85,46.5,1.93,297.21,7.99,167.38,181.93,333.78,1014.09,184.77,1553.05,135.2,27.66,1.96,213.4,2.72,216.12,530.34,1330.11,-25.23,38.77,-37.17,5.65,8.0425,0.77,0.16,0.06,0.0,0.0,8.24,10.56,9.64,10.0,12.2,10.93,9.48,0.0,4.75,3.19,3,2006,0.0,534.3333333333334,32.06
2006-06-30,401.49999999999994,34.33,0.06722247326404579,0.1,65.60000000000001,54.63,59.68000000000001,1.64,346.87000000000006,39.44,146.71,224.89,385.41,1110.88,182.92,1568.48,132.31,43.32,4.36,256.61,0.26,256.87,530.34,1304.84,-39.42,74.78,-56.03,5.049999999999999,6.101382173026507,0.67,0.2,0.13,0.1,0.77,8.749263443289653,12.761928001205,10.528073505045938,10.941750263593914,15.057834011146257,9.78,8.98,0.0,4.33,2.83,6,2006,51.06923076923077,510.6923076923077,66.39
2006-09-30,386.95000000000005,48.739999999999995,0.09313645444280379,0.002412657263695212,59.17999999999999,61.540000000000006,64.57999999999998,1.81,325.40999999999997,37.4,246.78,186.7,367.8,1217.25,180.97,1535.81,111.92,11.08,3.9,167.27,0.23,167.5,530.46,1361.7,66.68,53.790000000000006,-20.39,3.040000000000001,4.860073348379156,0.71,0.12,0.22,0.1,0.45,12.700425605836879,17.340314427169286,14.309146182576216,15.172775123773125,19.423184226526537,10.94,10.22,0.0,7.28,5.08,9,2006,1.2625874125874077,523.3181818181818,115.13
2006-12-31,432.45000000000005,31.27000000000001,0.059806010928961775,-8.817685047194156e-05,48.879999999999995,40.64999999999998,43.670000000000016,2.1,391.79999999999995,18.159999999999997,312.86,227.17,220.47,1241.22,179.52,1555.86,84.01,21.52,3.44,157.92,0.19,158.11,530.46,1391.2,149.92,-58.42,-25.419999999999987,3.0200000000000014,8.778381835625197,0.8,0.11,0.28,0.1,0.36,8.03963661202186,11.047024590163938,8.987989071038255,9.423718579234976,12.080814207650278,10.0,9.39,0.0,7.86,6.46,12,2006,-0.046103896103900865,522.8571428571428,146.4
2007-03-31,316.55,18.13,0.029999999999999995,0.1,31.2,27.28,29.79,1.9,289.27,13.23,260.16,185.75,228.89,1164.68,177.75,1481.22,7.28,10.38,2.67,70.02,0.16,70.18,532.94,1404.63,42.1,-18.78,-76.03,2.51,15.832499999999998,0.72,0.05,0.03,0.1,3.33,4.88,7.2,5.16,5.32,7.72,6.04,5.73,0.0,16.63,13.36,3,2007,60.43333333333334,604.3333333333334,18.13
2007-06-30,462.93,32.599999999999994,0.06426177804060713,-0.019127406531309562,62.39999999999999,50.760000000000005,53.27,2.24,412.15999999999997,26.05,274.73,228.77,173.27,1196.09,176.05,1536.3,1.62,78.66,0.14,128.14,0.13,128.26,533.65,1400.98,93.0,-24.310000000000002,-54.109999999999985,2.51,8.71435582822086,0.85,0.09,0.1,0.1,1.0,8.48255470136014,12.929469741770156,9.305105460279911,9.63926670609107,14.24041001379854,6.85,6.51,0.0,9.33,7.98,6,2007,-9.70333333333334,507.29999999999995,50.73
2007-09-30,343.5899999999999,19.35,0.033133561643835616,0.01313356164383563,48.900000000000006,30.709999999999994,33.25,3.06,312.8900000000001,25.310000000000002,897.14,164.28,194.69,1573.66,176.26,1966.68,0.0,36.62,0.14,78.28,0.09,78.38,759.03,1878.51,14.060000000000002,149.93,458.40999999999997,2.54,23.088372093023253,1.24,0.04,0.12,0.1,0.83,3.9318493150684937,6.858647260273973,4.119606164383562,4.782277397260274,6.361643835616438,6.56,6.24,0.0,20.1,17.62,9,2007,7.670000000000009,584.0,70.08
2007-12-31,424.1300000000001,30.870000000000005,0.04892719167904904,0.007439326399207519,59.650000000000006,49.68000000000001,53.41999999999999,2.84,374.43999999999994,24.379999999999995,825.08,216.04,197.83,1651.45,205.66,2159.5,1.21,36.92,0.14,221.78,0.06,221.84,762.27,1909.6,21.170000000000016,-74.87,-18.349999999999966,3.740000000000001,14.511358114674438,1.13,0.12,0.16,0.1,0.63,5.7122496285289746,10.433723625557207,6.4706210995542355,7.485860326894503,10.005610698365528,6.88,6.52,0.0,7.45,6.55,12,2007,4.693749999999994,630.9375,100.95
2008-03-31,376.48,20.46,0.030000000000000002,0.1,48.37,28.59,32.11,2.74,347.89,20.73,776.43,186.84,150.56,1570.09,208.41,2095.7,0.0,33.73,0.14,129.14,0.02,129.17,763.27,1940.34,-37.63,-8.62,-2.4,3.52,22.8325,1.08,0.07,0.03,0.1,3.33,3.92,6.4,4.2,4.88,5.8,5.6,5.43,0.0,12.16,10.99,3,2008,68.2,682.0,20.46
2008-06-30,363.0,48.10999999999999,0.06314569053521948,0.010485635117398268,57.26,60.14999999999999,63.3,2.48,302.84000000000003,9.89,684.62,200.46,320.98,1636.65,219.49,2189.28,0.0,57.02,0.13,175.13,0.0,175.13,764.18,1891.41,-69.25,-24.5,1.94,3.15,9.820147578466015,1.0,0.09,0.09,0.1,1.11,8.784267172232754,13.358821642117542,10.187504739682076,11.703001312527343,12.376555344903018,10.06,9.27,0.0,9.35,7.51,6,2008,7.98888888888888,761.8888888888888,68.57
2008-09-30,268.75,13.040000000000006,0.017576277416983224,-0.0026930250922408707,30.060000000000002,13.870000000000005,16.950000000000003,2.04,254.89,-6.850000000000001,922.51,167.03,362.46,1720.87,234.92,2392.76,0.86,80.38,0.09,127.01,250.0,377.01,764.77,1897.73,-86.91,74.0,250.79000000000002,3.08,29.02349501533741,0.82,0.2,0.11,0.1,0.91,2.1794583997059194,3.0103369685087626,2.748290650655558,2.76107339786791,2.8952922435976,8.78,8.09,0.0,13.55,10.7,9,2008,-1.997979797979795,741.9090909090909,81.61
2008-12-31,231.13999999999987,-19.78,-0.02559275432637878,0.004006586976019306,4.430000000000007,-24.53,-21.269999999999996,1.42,255.67999999999995,-48.11,894.92,127.7,404.9,1746.78,236.57,2450.98,0.0,26.16,0.06,89.64,345.99,435.63,764.77,1870.98,-181.44000000000003,31.779999999999994,122.08000000000001,3.26,-13.871113498483316,0.58,0.23,0.08,0.1,1.25,-3.2246870451237264,-4.337971858321204,-4.222804463852499,-4.184415332362931,-4.235600841015689,5.44,4.99,0.0,19.49,14.97,12,2008,3.0965909090909207,772.875,61.83
2009-03-31,170.52,-25.08,-0.03,0.05,19.12,-30.13,-27.65,1.27,200.65,-30.47,734.88,106.42,589.42,1701.48,237.34,2600.08,0.0,82.13,0.03,157.43,461.54,618.97,764.77,1843.38,-85.59,-190.92,116.47,2.48,-10.5825,0.53,0.34,-0.03,0.05,-1.67,-3.8399999999999994,-5.12,-5.44,-5.32,-4.92,-15.38,-14.71,0.0,10.81,7.06,3,2009,41.800000000000004,836.0,-25.08
2009-06-30,229.23,-2.91,-0.004158628081457664,-0.009735619864237228,22.09,-3.2699999999999996,0.8499999999999979,2.06,232.51000000000002,-15.46,816.6,142.05,665.77,1777.35,235.31,3129.17,0.0,79.8,0.0,194.52,974.55,1169.08,764.77,1826.87,-118.97,-280.08000000000004,480.77,4.119999999999999,-123.83891752577318,0.86,0.64,-0.04,0.05,-1.25,-0.37011789924973204,-0.5239871382636656,-0.6362700964630226,-0.6279528403001072,-0.4740836012861736,-7.42,-7.0,0.0,9.14,5.71,6,2009,-6.8125,699.75,-27.99
2009-09-30,414.35,6.579999999999998,0.009219990658570758,0.0009750116767865476,54.13,18.65,21.71,2.2,395.69,13.829999999999998,661.55,173.56,772.52,1851.1,231.45,3228.76,0.0,122.18,331.72,569.73,650.0,1219.73,764.77,1868.03,-144.10000000000002,-14.329999999999984,6.350000000000023,3.0600000000000005,59.65027735562312,0.9,0.65,-0.03,0.05,-1.67,0.8113591779542267,0.639252685660906,1.4137319009808496,1.4014385801027553,0.676132648295189,-2.73,-2.63,-17.99,3.25,1.89,9,2009,0.6958333333333329,713.6666666666667,-21.41
2009-12-31,546.92,29.66,0.03595151515151515,0.0067474747474747425,82.53999999999999,44.620000000000005,48.620000000000005,2.34,502.30000000000007,37.010000000000005,480.25,189.66,916.33,2155.65,221.38,3763.65,0.0,217.57,218.02,575.43,1050.0,1625.43,764.77,1897.68,-24.519999999999982,-129.57999999999998,-26.950000000000045,4.0,16.271915037086984,0.94,0.86,0.01,0.05,5.0,3.1637333333333335,13.805381818181818,6.183660606060607,6.327466666666667,13.517769696969697,0.63,0.61,19.27,3.75,2.15,12,2009,5.566666666666663,825.0,8.25
2010-03-31,1082.31,77.57,0.1,0.01,227.96,144.74,148.49,2.04,937.57,155.1,818.81,176.55,916.36,2094.71,230.82,3857.8,60.0,171.97,0.0,395.78,1186.15,1581.94,764.77,1975.26,540.01,-160.88,-40.15,3.75,5.1,0.79,0.8,0.1,0.01,0.1,8.04,17.92,15.72,16.24,16.72,7.19,7.17,88.26,5.29,2.98,3,2010,7.757,775.6999999999999,77.57
2010-06-30,599.29,29.13000000000001,0.03822118088097471,-0.0001778819119025306,112.91,50.64999999999998,54.47,2.28,548.64,51.360000000000014,502.17,176.26,945.47,1917.54,228.41,3901.62,50.0,184.42,0.0,389.88,1195.66,1585.54,764.77,1996.74,13.5,-311.77,-18.410000000000004,3.8200000000000003,14.91712152420185,0.87,0.79,0.14,0.01,0.07,2.9812521087160273,6.071707591377696,5.8314601686972845,6.093548266166825,6.071707591377696,6.38,6.35,81.41,4.92,2.49,6,2010,-0.13557142857142868,762.1428571428571,106.7
2010-09-30,303.6600000000001,-18.11,-0.02453098543853708,-0.00032364181703836193,31.379999999999995,-25.559999999999974,-21.80000000000001,2.9,329.22,-22.560000000000002,233.45,185.84,1373.5,2135.62,253.3,4401.65,74.22,221.19,206.0,701.32,1412.08,2113.4,764.77,1978.64,-559.55,-138.08000000000004,429.72,3.76,-29.558535339591394,1.12,1.07,0.12,0.01,0.08,-1.6435760243819841,-3.638762840049667,-3.663293825488204,-3.7695947623885315,-3.753240772096173,4.49,4.46,58.56,3.05,1.09,9,2010,-0.2389285714285707,738.25,88.59
2010-12-31,302.5000000000002,-31.870000000000005,-0.039331805359661506,0.0008890162200282089,37.50999999999999,-44.60000000000001,-38.91999999999999,2.66,347.10000000000014,-41.670000000000016,180.36,195.71,1729.99,2441.56,264.37,5113.14,42.81,595.15,704.5,1591.65,1292.58,2884.23,764.77,1946.77,20.74,-398.98,325.2699999999999,5.6800000000000015,-16.907436460621273,1.04,1.48,0.07,0.01,0.14,-2.494760225669958,-6.338039492242596,-6.540317348377998,-6.630218617771511,-8.001212976022568,2.5,2.48,46.9,1.53,0.45,12,2010,0.7203571428571429,810.2857142857142,56.72
2011-03-31,936.12,63.23,0.08,0.05,212.25,116.51,121.21,2.74,819.6,113.12,303.26,181.12,2065.72,2821.42,432.05,6070.52,282.0,338.33,548.5,1513.14,2227.32,3740.46,764.77,1998.0,-336.62,-500.49,959.96,4.7,8.5625,1.05,1.87,0.08,0.05,0.63,4.16,9.4,12.64,12.72,10.24,6.79,6.75,7.91,1.86,0.5,3,2011,39.518750000000004,790.375,63.23
2011-06-30,642.7299999999999,23.82,0.030099942561746123,6.246410109132389e-05,133.79000000000002,55.64,60.88000000000001,2.8,587.1,50.68000000000001,232.28,200.92,2249.64,2968.05,482.82,6624.08,237.0,369.69,644.5,1583.34,2710.32,4293.66,764.77,1983.58,156.6,-667.94,440.1700000000001,5.239999999999999,23.25170549958018,1.08,2.16,0.11,0.05,0.45,1.4338518093049972,3.5791568064330845,4.805045376220563,4.78315450890293,3.7433383113153362,5.55,5.51,4.22,1.87,0.45,6,2011,0.049431818181815856,791.3636363636364,87.05
2011-09-30,704.48,11.38000000000001,0.015029970537437785,-0.002259104301164647,138.56,63.609999999999985,70.72,2.24,640.8799999999999,58.73999999999998,152.8,206.44,2477.24,3251.88,524.26,7114.65,308.0,341.48,1049.05,2066.92,2687.36,4754.28,764.77,1994.96,-223.05999999999997,-238.65999999999985,382.05999999999995,7.110000000000001,37.25722539543055,0.86,2.38,0.13,0.05,0.38,0.6381956720512043,1.891463984557555,2.2799309153713314,2.289180128009755,2.1596911510718293,4.34,4.31,2.57,1.57,0.37,9,2011,-1.7104895104895093,757.1538461538462,98.43
2011-12-31,1340.0,-35.34,-0.0,,315.37,116.69,144.14999999999998,2.3,1223.3000000000002,109.71000000000001,237.71,131.17,3059.5,3891.39,544.99,6871.98,357.0,304.79,721.6,2609.89,2029.45,4639.33,764.77,1812.05,-803.26,974.77,-86.79999999999995,27.459999999999997,-0.0,0.97,2.56,0.0,0.05,0.0,-2.061359961959106,-13.174778887303853,-7.79731811697575,-7.5284450784593435,-18.52983357108892,1.75,1.74,3.13,1.49,0.32,12,2011,inf,inf,63.09
2012-03-31,947.02,32.49,0.04,0.06,188.18,134.25,172.63,2.66,812.77,86.46,209.79,156.36,3334.61,4161.56,582.46,7196.17,362.0,216.25,780.7,2680.86,2237.81,4918.67,764.77,1844.54,-77.44,-179.22,228.74,38.38,16.625,1.1,2.67,0.04,0.06,1.5,1.8,8.08,7.04,6.76,11.88,3.61,3.43,3.8,1.55,0.31,3,2012,48.735,812.25,32.49
2012-06-30,2112.94,167.92999999999998,0.21785151182516713,-0.0032227322622492777,371.09999999999997,268.85,316.56,2.48,1844.0900000000001,249.70000000000005,272.73,137.33,2960.76,3969.33,571.13,7013.14,975.3,427.29,508.42,2258.48,2297.94,4556.41,764.77,1966.59,-217.33999999999997,7.97999999999999,272.3,47.71,2.846434228547609,0.96,2.32,0.26,0.06,0.23,9.585466520307353,19.807729767488272,34.15241393074543,34.018351461929946,28.421243388883344,6.7,6.55,5.88,1.76,0.45,6,2012,-2.48423076923077,770.8461538461538,200.42
2012-09-30,1044.8199999999997,14.630000000000024,0.019048593350383666,-0.00021955538068071015,233.87,107.88,157.89000000000004,7.95,936.94,108.51999999999998,352.75,197.7,3160.06,4080.26,559.47,7175.24,875.3,325.62,769.8,2609.47,2321.9,4931.37,764.77,1981.22,48.89999999999998,-111.74000000000001,142.85999999999996,50.00999999999999,104.32791353383442,3.07,2.49,0.28,0.06,0.21,0.8163682864450141,1.9456777493606172,2.952531969309468,2.9443682864450174,3.0450537084399025,5.33,5.24,4.52,1.56,0.35,9,2012,-0.1686263736263811,768.0357142857142,215.05
2012-12-31,1380.4900000000007,-3.1000000000000227,-0.0038027836753951687,0.003470832069558188,-1763.46,84.84000000000003,155.55999999999995,11.7,1295.6499999999996,-1961.6000000000001,1101.57,220.29,3501.66,5605.14,2693.23,21252.85,295.82,330.19,2333.34,4102.18,7189.24,11291.42,1911.93,7043.27,412.31,-4001.6699999999996,4338.18,70.72,-769.1733870967686,3.18,1.6,0.26,0.06,0.23,-0.058504364236848745,-0.2480585043642387,-0.1760981363529147,-0.2802359046945055,-0.20301014390186514,6.3,3.86,3.37,1.37,0.51,12,2012,2.8293956043956072,815.1923076923076,211.95
2013-03-31,893.33,-72.08,-0.04,0.02,163.03,-46.62,65.02,14.3,939.95,-50.47,585.12,229.14,4208.64,5852.2,2681.24,21448.66,11.74,480.02,2549.23,4285.81,7276.14,11561.95,1911.93,7017.18,-622.25,54.68,51.12,111.64,-89.375,3.9,1.65,-0.04,0.02,-0.55,-1.36,-1.32,-4.12,-6.519999999999999,-1.08,-8.23,-8.07,-0.49,1.37,0.38,3,2013,36.04,1802.0,-72.08
2013-06-30,698.9999999999999,-110.98,-0.06062493171637715,0.00031246585818857353,91.33000000000001,-111.56,11.540000000000006,8.0,810.56,-102.15,552.11,197.13,5873.37,7458.91,2662.68,22916.61,1418.41,269.33,2660.08,5704.42,7405.18,13109.6,1911.93,6864.14,-1563.9099999999999,-66.33,1597.23,123.10000000000001,-32.98972787889709,2.23,1.91,-0.1,0.02,-0.22,-1.9399978149240689,-2.570497104774391,-6.474742707309079,-10.063738664918608,-2.230997487162679,-11.71,-11.5,-1.0,1.31,0.28,6,2013,0.5720000000000027,1830.6,-183.06
2013-09-30,2468.36,210.67000000000002,0.07630206446939515,0.00673958710612097,600.05,320.46000000000004,422.63,7.1,2147.8999999999996,313.78,610.04,216.45,5725.65,7418.26,2746.5,22750.8,1676.81,343.31,1766.33,5020.68,7739.26,12759.94,1911.93,7068.29,558.4899999999998,-82.16,-418.39999999999986,102.17000000000002,23.262804386006547,1.92,1.81,0.01,0.02,2.2,3.662499094530967,32.962491850778704,11.903122057225644,18.61770373053242,28.07915972473742,0.69,0.68,0.62,1.48,0.34,9,2013,18.607999999999997,2761.0,27.61
2013-12-31,2233.6699999999996,147.75,0.07582972171532847,-0.008340556569343063,405.34000000000003,253.46,411.10999999999996,6.9,1980.21,43.66,497.53,368.01,5616.46,7141.75,2257.63,20860.56,2157.63,319.75,585.9,3794.15,7759.16,11553.31,1911.93,6854.52,-32.86999999999989,577.5,-657.1400000000001,157.64999999999998,22.749325211505923,1.92,1.69,0.09,0.02,0.24,2.830976277372262,6.639313412408758,8.627737226277372,8.492928832116789,8.22331204379562,2.88,2.79,1.26,1.88,0.4,12,2013,-16.251111111111108,1948.4444444444446,175.36
2014-03-31,1399.9,7.19,0.0,,304.4,47.2,161.21,8.3,1352.7,25.49,1300.42,343.28,8023.75,9980.17,2303.58,23071.61,2891.69,462.95,1119.87,5834.28,7878.07,13712.35,1911.93,6861.71,-1113.5,17.15,1899.24,114.01,0.0,2.31,2.0,0.0,0.05,0.0,0.12000000000000001,0.84,0.4,0.4,1.08,0.52,0.51,0.56,1.71,0.34,3,2014,inf,inf,7.19
2014-06-30,1815.5,166.22,0.08626838129288968,-inf,327.72,461.21000000000004,577.61,8.65,1354.28,27.16,413.25,310.95,8147.87,9603.43,2317.35,22807.15,2018.0,608.14,1534.86,4964.38,7630.26,12594.65,1911.93,6932.34,-926.77,923.07,-883.46,116.39999999999999,25.066831759114425,2.39,1.82,0.09,0.05,0.56,2.9139542125598292,8.51181362089845,9.585375699209965,9.623717202006803,10.927328297099361,6.28,5.39,2.75,1.93,0.29,6,2014,-inf,1926.7777777777778,173.41
2014-09-30,2368.81,99.17999999999998,0.050938038812869145,0.0005211326738161765,555.07,194.95999999999998,285.93999999999994,11.2,2173.86,174.64,372.02,339.48,9625.92,10976.89,2366.69,24448.83,2226.78,937.06,1968.86,6139.07,8010.83,14149.89,1911.93,7031.52,-664.2600000000002,-301.35,924.3800000000001,90.97999999999999,54.96874369832628,3.05,2.01,0.14,0.05,0.36,1.6154635166367073,4.337010161781429,5.646845445540921,5.632291720165816,5.5886305440405,5.34,4.88,2.58,1.79,0.22,9,2014,1.0146825396825108,1947.0714285714282,272.59
2014-12-31,4072.1099999999997,122.44,0.06508974001974534,-0.0017536642786623727,1082.9,224.26999999999998,413.45000000000005,8.25,3847.84,170.89000000000001,425.55,341.04,16670.35,18146.28,2348.99,31037.63,5775.01,896.46,1997.97,10189.74,10473.94,20663.69,1911.93,7199.11,-123.6899999999996,-576.66,753.8799999999999,189.18,31.690478397582485,2.19,2.87,0.21,0.05,0.24,1.574551806191935,4.426102321342682,6.806527099207656,6.967701693542263,5.517130344530796,4.33,4.09,2.44,1.78,0.14,12,2014,-3.29880952380951,1881.095238095238,395.03
2015-03-31,2746.55,89.39,0.05,0.08,711.42,273.42,390.71,7.75,2473.13,233.56,278.41,322.63,17271.86,18583.98,2346.8,31494.37,5755.08,932.03,2178.28,10436.39,10554.11,20990.51,1911.93,7288.5,13.55,-250.47,89.78,117.29,38.75,2.03,2.88,0.05,0.08,1.5,1.12,4.0,4.92,5.04,5.2,3.3,3.25,1.51,1.78,0.13,3,2015,143.024,1787.8,89.39
2015-06-30,3402.6799999999994,145.42000000000002,0.07431710744857545,0.006907371917720706,875.3100000000001,340.78000000000003,459.26000000000005,7.85,3061.8900000000003,305.97999999999996,402.91,311.0,16672.09,18021.74,2416.34,31094.84,5611.92,1449.75,3911.09,12038.52,8517.51,20556.03,1911.93,7290.53,1342.6000000000001,-316.28,-901.8199999999999,118.48,26.408455164351533,2.06,2.82,0.12,0.08,0.63,1.8827000553639115,5.648100166091734,7.9767028661470984,8.1748818193433,7.9767028661470984,3.87,3.82,1.35,1.5,0.11,6,2015,13.515999999999991,1956.75,234.81
2015-09-30,3217.41,205.39999999999998,0.10731696235887417,-0.0017886917607505474,1040.7800000000002,466.43000000000006,588.46,6.0,2750.99,438.93000000000006,290.11,288.71,16829.32,18013.36,2452.28,31529.85,5395.57,1902.88,4495.69,12935.36,7741.46,20676.83,1911.93,7510.73,930.9000000000001,-666.3599999999999,-339.8299999999999,122.03,13.978917843232717,1.53,2.75,0.23,0.08,0.33,2.6129347356943273,7.204234342700074,10.93699825083483,11.291610822107629,10.843679153131458,4.75,4.7,2.89,1.39,0.09,9,2015,-3.423478260869558,1913.9565217391303,440.21
2015-12-31,4086.7800000000007,190.73000000000008,0.09975734618188738,-8.440132803917819e-05,1219.3899999999999,462.6399999999999,580.6199999999999,6.1,3624.1399999999994,379.78999999999996,322.04,317.29,16921.67,18189.07,2489.52,32222.67,5830.59,1907.03,3954.65,13009.5,8080.13,21089.63,1911.93,7688.92,834.25,-663.8600000000001,-138.45000000000005,117.97999999999996,15.283084989251817,1.52,2.74,0.33,0.08,0.23,2.3699927092909,5.900798174152853,9.927367420039944,10.253846007544302,9.70971502837037,4.76,4.69,2.18,1.4,0.1,12,2015,-0.16137022397890632,1911.939393939394,630.94
2016-03-31,3720.05,114.33,0.06,0.11,1078.41,368.72,491.09,6.85,3351.33,321.48,5269.75,222.56,17002.19,23341.33,2307.28,40179.33,2875.37,1704.33,2595.32,9230.04,14495.19,23725.23,1911.93,8377.05,9486.51,-2475.6,-2063.21,122.37,28.5425,1.56,2.83,0.06,0.11,1.83,1.12,4.12,5.44,5.84,4.76,3.11,3.07,2.47,2.53,0.69,3,2016,209.605,1905.5,114.33
2016-06-30,3987.09,157.56,0.0811298686968995,0.0020714259443156973,1084.5799999999997,421.9,581.8600000000001,6.0,3565.1900000000005,372.35,1071.25,280.52,17447.01,19503.2,2539.14,36542.13,1150.0,1664.63,1588.41,6270.12,13915.93,20186.05,1911.93,8324.3,-179.15999999999985,-427.6199999999999,-3591.7200000000003,159.95999999999998,18.490107578065498,1.38,2.42,0.14,0.11,0.79,1.7153172238773036,5.424111221449851,7.579847732538894,8.06662694472029,6.049970208540218,3.57,3.53,3.88,3.11,0.33,6,2016,4.022857142857106,1942.0714285714282,271.89
2016-09-30,5220.7,552.44,0.2881724552060461,-0.0014359280523922905,1701.4100000000003,927.7900000000001,1113.61,5.85,4292.91,876.38,779.3,459.84,17703.11,19260.59,2644.92,36826.34,1867.86,2167.11,543.56,5892.42,13800.62,19693.04,1911.93,8876.74,810.2299999999996,-744.52,-357.6300000000001,185.82,5.073350952139599,1.26,2.22,0.43,0.11,0.26,6.004709764293427,13.483790229641043,24.903461477806218,26.967580459282086,14.904547450656896,6.45,6.38,6.83,3.27,0.26,9,2016,-2.752740863787295,1917.0465116279072,824.33
2016-12-31,4439.02,251.36,0.13085703130083948,0.0002192405653310155,1367.7899999999995,545.8999999999999,740.6500000000001,6.25,3893.1100000000006,400.3399999999999,687.45,334.93,19657.23,21238.69,2839.49,38896.69,1578.99,1538.68,963.28,6087.81,15290.59,21378.4,1911.93,9126.6,-1822.8500000000004,-131.36000000000013,1861.9000000000005,194.75,11.939748169955443,1.31,2.34,0.56,0.11,0.2,2.589099833595181,5.953994924188196,11.020031421692122,11.954724502412404,6.449382256969946,6.3,6.19,8.17,3.49,0.26,12,2016,0.4211337209302144,1920.875,1075.69
2017-03-31,4390.85,418.95,0.22,0.2,1414.65,764.68,943.97,7.25,3626.17,706.42,826.64,318.6,19451.75,21106.58,2806.23,38947.31,1805.38,1572.31,438.73,5684.55,15148.18,20832.74,1911.93,9545.55,853.29,-353.2,-360.76,179.29,8.2375,1.45,2.18,0.22,0.2,0.91,4.32,7.719999999999999,17.56,18.72,9.2,9.67,9.54,19.11,3.71,0.29,3,2017,380.8636363636364,1904.3181818181818,418.95
2017-06-30,4331.43,199.65000000000003,0.10327837051406404,0.0029803368309672816,1212.54,558.5200000000001,745.0699999999999,8.05,3772.91,505.40999999999997,1113.41,532.33,20969.94,22849.99,2774.38,40584.95,1258.18,2208.36,169.81,4806.41,18004.91,22811.31,1911.93,9362.82,-1066.09,-41.49000000000001,1394.25,186.54999999999998,19.48907588279489,1.64,2.44,0.32,0.2,0.63,1.9622890397672166,4.428060135790496,8.533375363724542,9.023947623666345,4.776624636275462,7.18,7.09,11.79,4.75,0.39,6,2017,5.761363636363626,1933.125,618.6
2017-09-30,5088.65,219.84000000000003,0.11536854157721484,-0.002894661514240695,1434.2599999999998,645.1800000000001,830.0500000000002,10.8,4443.469999999999,501.3900000000001,1641.8,530.13,21756.92,24162.28,2809.29,41649.75,713.0,2709.56,238.26,4852.04,18520.14,23372.18,1911.93,9577.92,134.58,179.09,214.74,184.87000000000006,23.407594159388644,2.16,2.44,0.44,0.2,0.45,2.1080978960927435,5.265000715614713,9.177043080005726,9.533636753971662,5.611106340346358,6.19,6.07,16.22,4.98,0.5,9,2017,-5.51590909090902,1905.5454545454547,838.44
