,revenue,net_profit,eps,dps,gross_profit,ebit,ebitda,close_price,expense,operating_profit,cash,account_receivable,inventory,current_asset,property_plant_equipment,total_asset,short_term_loan,account_payable,current_portion_long_term_debt,current_liability,non_current_liability,total_liability,paid_in_capital,total_equity,cash_flow_operation,cash_flow_investment,cash_flow_financing,depreciation,P/E,P/BV,D/E,EPS,DPS,DPR%,ROA%,ROAA%,ROE%,ROAE%,ROCE%,NPM%,NPMA%,CurrentRatio,QuickRatio,month,year,dividend,number_of_shares,return_old
2000-03-31,249.71,11.5,0.43,0.0,23.63,17.08,34.99,8.18,232.62,14.94,0.23,143.15,235.07,416.96,676.99,1116.17,117.76,197.38,81.77,423.25,173.86,597.11,270.0,519.07,22.11,-33.18,-14.47,17.91,4.755,4.25,1.15,0.43,0.0,0.0,4.12,0.0,8.88,0.0,9.84,4.64,4.61,0.99,0.43,3,2000,0.0,26.74418604651163,11.5
2000-06-30,296.42999999999995,24.65,0.9137206085753804,0.0,40.08,33.36,51.160000000000004,6.81,263.08,33.04,12.06,236.65,264.18,551.04,663.57,1235.12,177.08,240.01,85.41,524.58,166.83,691.41,270.0,543.72,-39.79,-2.9100000000000037,54.519999999999996,17.8,1.8661612576064908,3.38,1.27,1.34,0.0,0.0,7.9916459197786995,0.0,18.138035961272475,0.0,19.365421853388657,6.67,6.62,1.05,0.55,6,2000,0.0,26.977611940298505,36.15
2000-09-30,235.64999999999998,6.399999999999999,0.23764982373678023,0.0,20.559999999999995,13.020000000000003,30.94999999999999,5.54,222.62000000000006,12.260000000000005,0.25,167.96,269.36,442.65,651.01,1112.82,115.38,199.92,88.08,420.4,142.31,562.71,270.0,550.12,48.78,27.260000000000005,-87.85,17.93,5.83400390625,2.72,1.02,1.58,0.0,0.0,2.298284371327849,0.0,4.6507168037602815,0.0,5.511069330199764,5.52,5.44,1.05,0.41,9,2000,0.0,26.930379746835442,42.55
2000-12-31,290.4200000000001,23.409999999999997,0.8659854457246815,0.0,37.81,29.520000000000003,47.870000000000005,7.27,260.9,27.160000000000004,4.84,216.52,260.29,485.75,638.35,1140.11,129.71,193.24,106.56,443.82,122.77,566.59,270.0,573.53,-4.48,-3.67,12.739999999999995,18.349999999999994,2.0991114908158908,3.42,0.99,2.44,0.0,0.0,8.219763493026075,0.0,16.32595512431777,0.0,18.952304426925405,6.23,6.15,1.09,0.51,12,2000,0.0,27.0327868852459,65.96
2001-03-31,362.71,36.8,1.36,0.0,53.26,42.82,62.93,6.18,319.89,42.87,1.0,275.74,308.54,591.82,625.27,1231.4,165.31,252.27,91.35,523.71,97.36,621.08,270.0,610.32,-6.75,-4.18,7.09,20.11,1.135,2.73,1.02,1.36,0.0,0.0,11.96,14.6,24.12,26.08,24.2,10.17,10.15,1.13,0.54,3,2001,0.0,27.05882352941176,36.8
2001-06-30,368.64000000000004,39.56,1.4661445783132532,0.0,53.38,44.6,62.68,11.59,324.03999999999996,43.089999999999996,5.73,300.27,295.0,605.76,615.08,1233.44,179.93,264.92,22.05,506.03,77.52,583.54,270.0,649.89,60.99,-6.01,-50.25,18.08,1.973662790697674,4.81,0.9,2.83,0.0,0.0,12.827469879518073,14.671807228915664,24.349397590361445,26.504578313253013,24.908915662650603,10.47,10.44,1.2,0.61,6,2001,0.0,26.98233215547703,76.36
2001-09-30,368.2399999999999,47.61,1.762764378478664,0.0,55.239999999999995,51.2,70.45,10.9,317.0300000000001,46.17999999999999,0.24,285.39,320.44,610.05,607.7,1228.64,154.15,244.11,42.51,479.48,51.66,531.13,270.0,697.5,32.63999999999999,-9.049999999999999,-29.08,19.25,1.5492995169082124,4.22,0.76,4.59,0.0,0.0,15.50003710575139,18.18834879406308,27.29788497217069,30.523858998144718,28.419294990723564,11.33,11.27,1.27,0.6,9,2001,0.0,27.008714596949893,123.97
2001-12-31,282.19000000000005,24.27000000000001,0.8988282514840802,0.0,33.66,27.22999999999999,46.02000000000001,13.63,254.98000000000002,23.230000000000018,2.94,228.41,280.55,543.83,610.86,1163.87,152.04,166.78,42.96,396.3,45.81,442.11,270.0,721.76,59.80000000000001,-49.59,-7.510000000000005,18.790000000000006,3.786930366707868,5.1,0.61,5.49,0.0,0.0,8.343221802482464,9.430329195898546,13.451316783594175,14.990294117647066,14.152042633567195,10.78,10.73,1.37,0.66,12,2001,0.0,27.001821493624774,148.24
2002-03-31,340.2,37.08,1.37,0.0,52.26,45.49,64.29,24.08,294.71,41.17,0.61,292.59,309.12,606.82,629.33,1244.06,300.0,127.42,5.85,465.27,19.95,485.22,270.0,758.84,-83.69,-5.46,86.82,18.8,4.395,8.57,0.64,1.37,0.0,0.0,11.92,14.72,19.56,21.68,23.36,10.94,10.9,1.3,0.64,3,2002,0.0,27.065693430656932,37.08
2002-06-30,331.47999999999996,47.84,1.7745642958078192,1.0,58.51,57.63999999999999,76.7,23.4,273.84,49.92999999999999,0.49,272.65,329.02,604.26,617.95,1230.29,272.09,121.58,0.0,430.66,19.95,450.61,270.0,779.68,59.98,-2.8400000000000007,-57.25999999999999,19.06,3.297217809364548,8.1,0.58,3.15,1.0,0.32,15.548563353744703,18.861083372585963,24.539689119170987,26.77056994818653,29.06905322656618,12.89,12.64,1.4,0.64,6,2002,26.95873015873016,26.95873015873016,84.92
2002-09-30,240.68000000000006,-5.140000000000001,-0.1900601654550013,0.0031555030301582765,14.450000000000003,-4.22999999999999,15.009999999999991,25.44,244.91000000000008,3.0,2.36,203.82,349.28,558.27,611.46,1177.6,232.66,123.34,19.95,403.06,0.0,403.06,270.0,774.54,58.95,-9.509999999999998,-47.57,19.240000000000002,-33.448618677042795,8.87,0.52,2.95,1.0,0.34,-1.7446878917021809,-2.118365505139133,-2.6543995988969673,-2.7935622963148665,-3.290940085234395,8.8,8.74,1.39,0.52,9,2002,0.08533763788000925,27.044067796610168,79.78
2002-12-31,200.0200000000001,-0.35999999999999943,-0.013326617980357572,-0.0011276671119855573,8.969999999999999,-0.29000000000000625,18.69999999999999,20.9,200.30999999999995,-1.6599999999999966,0.25,188.64,338.05,540.56,747.35,1294.07,340.99,137.28,19.95,519.89,0.0,519.89,270.0,774.18,40.85,-152.69,109.73,18.990000000000002,-392.13625000000064,7.29,0.67,2.94,1.0,0.34,-0.11132712163183058,-0.14541425333669078,-0.18602870813397102,-0.192556031226391,-0.23099471165953123,7.19,7.14,1.04,0.39,12,2002,-0.030462354433296923,27.01360544217687,79.42
2003-03-31,256.2,3.85,0.14,0.0,16.07,7.37,24.26,20.26,248.82,4.18,0.23,189.07,407.22,616.06,752.05,1374.26,387.68,172.66,19.95,596.23,0.0,596.23,270.0,778.03,-24.99,-21.17,46.14,16.89,36.1825,7.03,0.77,0.14,0.0,0.0,1.12,2.24,1.9599999999999997,1.9999999999999998,3.8,1.52,1.5,1.03,0.35,3,2003,0.0,27.499999999999996,3.85
2003-06-30,275.03000000000003,12.63,0.4215109223300971,0.2,19.869999999999997,16.169999999999998,33.81,19.99,258.86,10.64,6.12,226.36,356.72,602.3,740.99,1347.72,414.5,131.06,0.0,562.47,0.0,562.47,297.0,785.26,8.11,-5.439999999999998,3.219999999999999,17.64,11.857640538400632,7.56,0.72,0.55,0.2,0.36,3.7399514563106795,5.60992718446602,6.437621359223301,6.4682766990291265,9.196601941747574,3.16,3.1,1.07,0.44,6,2003,5.992727272727272,29.96363636363636,16.48
2003-09-30,281.15,19.34,0.6533054159687325,-0.0024343941931881255,27.340000000000003,28.29,46.26,18.63,252.86999999999995,17.939999999999998,5.31,226.38,275.84,515.54,777.24,1297.21,397.53,72.17,0.0,492.61,0.0,492.61,297.0,804.6,64.9,-52.980000000000004,-12.729999999999997,17.97,7.1260315408479835,6.88,0.61,1.21,0.2,0.17,5.96073701842546,9.049089893914015,9.610608598548298,9.80498045784478,13.908386376326074,4.52,4.41,1.05,0.49,9,2003,-0.07206611570247823,29.60330578512397,35.82
2003-12-31,304.2600000000001,16.33,0.5511179290508149,0.0001847816612916966,32.3,24.570000000000007,42.7,20.26,279.69000000000005,22.020000000000003,0.18,265.76,303.79,576.76,781.28,1362.46,410.05,105.78,0.0,541.53,0.0,541.53,297.0,820.93,5.519999999999996,-20.799999999999997,10.149999999999999,18.129999999999995,9.189321800367422,7.33,0.66,1.76,0.2,0.11,4.797231064237775,7.202109300095876,7.953633748801533,8.191616490891658,11.661154362416108,4.77,4.67,1.07,0.5,12,2003,0.0054752066115693054,29.630681818181817,52.15
2004-03-31,406.84,48.03,1.62,0.0,76.52,68.22,90.16,18.9,338.62,66.67,27.68,345.69,316.57,694.18,787.66,1486.16,342.51,70.26,23.25,485.45,131.75,617.2,297.0,868.96,-32.57,-26.07,86.14,21.94,2.9174999999999995,6.46,0.71,1.62,0.0,0.0,12.92,19.08,22.12,23.32,27.280000000000005,11.85,11.81,1.43,0.78,3,2004,0.0,29.648148148148145,48.03
2004-06-30,487.57,50.36,1.6941924992377275,1.0,93.89999999999999,71.28,93.72999999999999,24.76,416.28,82.99,1.21,408.55,298.22,712.4,774.46,1491.24,352.47,39.78,31.0,477.62,124.0,601.62,297.0,889.63,4.199999999999999,-6.799999999999997,-23.86,22.45,3.6534809372517874,8.27,0.68,3.31,1.0,0.3,13.512592743164955,20.12557373716841,22.64382965748552,24.056509807907307,28.171708506962087,11.02,11.0,1.49,0.87,6,2004,29.725075528700906,29.725075528700906,98.39
2004-09-30,440.62,42.290000000000006,1.4248976400341202,-0.0015414984791178221,72.62,60.78,84.47000000000003,29.3,379.85,61.31,19.72,341.06,384.53,750.61,760.16,1515.27,410.52,46.2,31.0,521.35,62.0,583.35,297.0,931.92,26.09,-6.050000000000004,-1.5500000000000043,23.689999999999998,5.139527074958619,9.34,0.63,4.74,1.0,0.21,11.158692067102644,17.122820585726473,18.15692351435883,19.479613306795567,24.2292721069093,10.56,10.54,1.44,0.7,9,2004,-0.04575063418613823,29.679324894514767,140.68
2004-12-31,482.06999999999994,49.72999999999999,0.8383661572396406,0.4996553074345234,74.06000000000003,71.46000000000001,95.07,15.9,410.6099999999999,56.66,22.9,406.93,382.15,818.26,819.06,1641.56,475.89,46.27,31.0,605.66,54.25,659.91,297.0,981.64,8.299999999999999,-79.85,74.75,23.61,4.738233963402374,4.81,0.67,3.21,1.0,0.31,12.118439157607266,18.898496927682366,20.267044798067325,22.07436374140013,27.402298198624017,10.51,10.48,1.35,0.72,12,2004,29.63843211483103,59.3177570093458,190.41
2005-03-31,491.96,38.16,0.64,0.0,66.17,56.22,79.62,17.45,435.73,52.09,19.53,410.98,337.72,773.92,836.81,1614.96,399.61,50.05,31.0,548.66,46.5,595.16,297.0,1019.81,120.08,-38.38,-85.08,23.4,6.815000000000001,5.08,0.58,0.64,0.0,0.0,9.44,14.52,14.96,16.16,21.08,7.82,7.76,1.41,0.8,3,2005,0.0,59.62499999999999,38.16
2005-06-30,480.14000000000004,30.680000000000007,0.4323009877977921,0.55,73.95,46.32000000000001,69.50999999999999,12.36,433.8299999999999,62.22999999999999,3.81,426.08,353.79,789.26,865.51,1659.55,479.3,47.09,31.0,602.99,38.75,641.74,356.4,1017.81,3.6099999999999994,-50.339999999999996,31.019999999999996,23.190000000000005,7.1465254237288125,4.33,0.63,0.97,0.55,0.57,7.398140615920978,11.605276002324231,12.050947123765255,12.870981987216737,17.309866356769327,7.09,7.08,1.31,0.72,6,2005,39.03298969072166,70.96907216494846,68.84
2005-09-30,381.15999999999997,24.379999999999995,0.34260673675176995,0.0014780466118283376,39.329999999999984,38.57000000000001,63.599999999999994,10.27,342.59000000000015,27.170000000000016,0.33,335.93,413.22,771.27,1103.28,1879.69,688.86,50.82,31.0,806.49,31.0,837.49,356.4,1042.2,39.44999999999999,-261.36,218.43,25.03,7.494306808859722,3.51,0.8,1.31,0.55,0.42,5.188792104698561,8.693319030251018,9.352379317742972,9.875443037974682,13.756575842093971,6.9,6.89,0.96,0.44,9,2005,0.10517824820964705,71.16030534351145,93.22
2005-12-31,387.55999999999995,7.469999999999999,0.10460522395471246,0.0019334909733525623,28.650000000000006,17.619999999999976,40.96000000000001,7.72,369.9499999999998,15.379999999999995,11.62,351.42,413.25,798.68,1134.47,1938.46,499.87,111.7,31.0,672.48,216.32,888.8,356.4,1049.66,74.47000000000003,-52.910000000000025,-10.27000000000001,23.33999999999999,18.466572958500674,2.62,0.85,1.41,0.55,0.39,1.5401449995034264,2.632193862349786,2.8458555963849435,2.9408163670672356,3.721275201112324,5.8,5.78,1.19,0.57,12,2005,0.13807319582047484,71.4113475177305,100.69
2006-03-31,512.07,39.84,0.56,0.0,62.93,60.83,84.52,8.27,451.24,50.55,18.89,443.43,394.63,880.08,1195.67,2080.91,445.42,133.56,51.0,675.91,315.5,991.41,356.4,1089.5,16.27,-77.04,68.03,23.69,3.6925,2.7,0.91,0.56,0.0,0.0,7.64,13.160000000000002,14.64,15.12,17.32,7.94,7.78,1.3,0.72,3,2006,0.0,71.14285714285714,39.84
2006-06-30,535.4899999999999,36.91,0.4712938110749185,0.3,65.12,59.510000000000005,84.2,6.91,475.98,52.19,2.95,460.95,529.74,1020.31,1250.72,2276.12,601.92,117.23,83.66,854.37,316.72,1171.09,392.04,1105.03,-99.69,-39.67999999999999,123.44,24.69,3.6649112706583584,2.45,1.06,0.98,0.3,0.31,6.4826944625407155,11.772727035830618,13.369355048859934,13.90797654723127,16.274063843648207,7.47,7.33,1.19,0.57,6,2006,23.49489795918367,78.31632653061224,76.75
2006-09-30,525.3800000000001,17.010000000000005,0.21770477815699663,-0.00070261893153161,44.81,34.50999999999999,62.28999999999999,7.68,490.8699999999999,30.480000000000004,34.47,462.49,493.99,1018.0,1268.32,2289.06,664.65,88.79,96.18,881.39,285.64,1167.03,392.04,1122.03,29.11,-43.91,46.31999999999999,27.779999999999994,8.819282774838328,2.68,1.04,1.2,0.3,0.25,2.975298634812287,5.39182167235495,6.06670648464164,6.284411262798637,7.982508532423211,6.05,5.96,1.15,0.59,9,2006,-0.0548979591836698,78.13333333333334,93.76
2006-12-31,479.77,14.97999999999999,0.1914861136656243,0.00037152841640605724,30.289999999999992,31.650000000000006,62.920000000000016,7.45,448.1200000000001,17.97999999999999,31.36,417.52,474.51,945.96,1265.29,2213.99,611.89,64.68,108.71,814.75,262.23,1076.98,392.04,1137.01,81.72,-26.950000000000017,-57.879999999999995,31.27000000000001,9.727076101468631,2.57,0.95,1.39,0.3,0.22,2.7056023542394687,4.9483318006253425,5.26793452271473,5.482839801361041,7.345352216295747,5.39,5.3,1.16,0.58,12,2006,0.02906474820143501,78.23021582733813,108.74
2007-03-31,583.7,23.44,0.27,0.0,46.99,45.96,76.98,7.54,537.74,36.53,1.37,556.68,531.89,1112.94,1293.87,2409.4,801.83,75.06,93.49,1010.2,238.75,1248.95,392.04,1160.46,-128.68,-57.87,156.57,31.02,6.9825,2.55,1.08,0.27,0.0,0.0,3.88,8.2,8.08,8.32,13.119999999999997,4.08,4.02,1.1,0.58,3,2007,0.0,86.81481481481481,23.44
2007-06-30,604.6399999999999,24.55,0.2864763492394249,0.2,52.32,46.35999999999999,75.07000000000001,7.15,558.28,38.69,15.88,586.11,431.44,1044.04,1281.84,2328.57,630.6,72.04,112.86,855.51,303.74,1159.25,431.24,1169.32,135.8,-15.130000000000003,-106.16999999999999,28.709999999999997,6.240654786150713,2.64,0.99,0.56,0.2,0.36,4.215294853094395,8.205501146072097,8.3896645134403,8.635215669931235,12.830047926651384,4.1,4.04,1.22,0.72,6,2007,17.139285714285716,85.69642857142857,47.99
2007-09-30,470.99,4.600000000000001,0.053356151359574076,0.0011986254855621927,23.379999999999995,16.590000000000003,46.69,6.0,454.4000000000001,11.86,22.71,440.48,425.44,896.01,1262.5,2161.25,514.23,61.07,113.43,712.16,275.17,987.33,431.24,1173.92,162.73,-8.760000000000005,-147.13,30.1,28.124217391304338,2.2,0.84,0.61,0.2,0.33,0.8501996577296066,1.7108956075299488,1.5674462825632256,1.6024339227990116,2.631070545731128,3.21,3.17,1.26,0.66,9,2007,0.10333723653396021,86.21311475409837,52.59
2007-12-31,450.80999999999995,6.019999999999996,0.06984473639310694,-5.090610062070979e-05,22.560000000000002,15.939999999999998,45.31,6.0,434.8699999999999,10.439999999999998,10.62,396.07,419.84,832.56,1253.35,2101.78,419.44,125.38,114.02,675.4,246.44,921.84,431.24,1179.94,143.97,-32.17,-123.89999999999999,29.370000000000005,21.46761627906978,2.19,0.78,0.68,0.2,0.29,1.1462753796280492,2.378829551271113,2.0419314110220084,2.0789080361713004,3.5949496672922683,2.81,2.78,1.23,0.61,12,2007,-0.004387656702029119,86.19117647058823,58.61
2008-03-31,558.83,36.74,0.41,0.0,52.73,60.39,89.99,6.0,498.45,39.47,0.9,476.24,427.49,912.96,1229.08,2157.91,468.31,97.86,114.62,723.67,217.56,941.22,431.24,1216.68,-36.03,-3.43,29.75,29.6,3.6575,2.13,0.77,0.41,0.0,0.0,6.800000000000001,10.56,12.08,12.36,16.84,6.83,6.57,1.26,0.67,3,2008,0.0,89.60975609756099,36.74
2008-06-30,480.61,23.009999999999998,0.25416903765690374,0.15,62.14000000000001,39.790000000000006,68.14999999999999,4.9,440.82,45.81,1.92,425.17,523.09,962.48,1196.49,2174.99,471.33,122.02,166.56,759.92,188.32,948.24,452.8,1226.75,50.45,-0.81,-48.620000000000005,28.36,4.81687309865276,1.81,0.77,0.66,0.15,0.23,4.2361506276150624,6.854861924686192,7.501837656903764,7.6866878661087865,10.906162343096234,5.83,5.75,1.27,0.58,6,2008,13.579545454545455,90.53030303030303,59.75
2008-09-30,451.79999999999995,4.319999999999993,0.04787263930076471,-0.0004834910680080245,26.569999999999993,12.759999999999991,40.35000000000002,4.74,439.03,14.150000000000006,17.9,358.65,445.78,831.28,1189.46,2037.17,429.41,67.18,112.09,643.03,163.07,806.1,452.8,1231.07,96.21,-10.66,-69.57,27.589999999999996,24.76780092592596,1.74,0.65,0.71,0.15,0.21,0.849570781957233,1.451012954580925,1.4024660527547974,1.4375277040736674,2.184610582175742,4.34,4.3,1.29,0.6,9,2008,-0.04362996158771004,90.2394366197183,64.07
2008-12-31,418.23,-61.28999999999999,-0.6614028776978417,0.0039289695004559744,17.689999999999998,-59.71,-34.379999999999995,4.2,477.94000000000005,5.609999999999999,16.67,388.4,377.26,803.95,1236.22,2043.92,526.61,66.51,108.69,736.39,137.75,874.14,452.8,1169.78,9.530000000000001,-68.14,57.379999999999995,25.33,-1.587534671235112,1.63,0.75,0.03,0.15,5.0,-12.346187050359712,-226.6407194244604,-21.164892086330934,-21.164892086330934,-358.9212949640288,0.15,0.15,1.09,0.58,12,2008,0.3640845070422536,92.66666666666666,2.78
2009-03-31,334.75,-10.56,-0.11999999999999998,0.0,-25.14,-3.21,24.39,3.0,337.96,-38.57,5.32,291.34,324.07,642.04,1225.48,1872.75,346.03,48.42,112.41,543.38,170.15,713.53,452.8,1159.22,152.22,-17.49,-146.08,27.6,-6.25,1.17,0.62,-0.12,0.0,0.0,-2.24,-0.64,-3.6399999999999997,-3.56,-0.96,-3.22,-3.15,1.18,0.59,3,2009,0.0,88.00000000000001,-10.56
2009-06-30,389.41999999999996,40.4,0.4467828418230563,0.0,33.67,46.22,78.79,3.4,343.2,26.630000000000003,20.43,298.61,350.1,686.68,1209.89,1897.41,60.79,50.08,112.25,556.73,141.07,697.79,452.8,1199.62,34.27000000000001,-10.07,-9.079999999999984,32.57,1.9019306930693072,1.28,0.58,0.33,0.0,0.0,8.502412868632707,11.42680965147453,13.48471849865952,13.32225201072386,17.383914209115282,4.5,4.12,1.23,0.6,6,2009,0.0,90.42424242424242,29.84
2009-09-30,365.07000000000005,19.59,0.21797491401982605,0.0,31.64,24.71,57.72999999999999,4.0,340.37,20.43,13.65,320.77,460.12,810.28,1195.69,2006.92,101.18,168.69,116.17,675.81,111.9,787.72,452.8,1219.21,37.56999999999999,-14.77,-29.590000000000003,33.019999999999996,4.585963501786625,1.49,0.65,0.55,0.0,0.0,3.899769370827433,5.310661541573943,6.420352012947602,6.388646570908356,8.069034998988467,4.84,4.54,1.2,0.52,9,2009,0.0,89.87272727272726,49.43
2009-12-31,421.0999999999999,12.54,0.13760206551557205,0.0,36.739999999999995,17.659999999999997,46.56999999999999,4.6,403.43000000000006,22.089999999999996,20.58,380.19,468.78,889.66,1172.02,2084.08,112.42,111.01,116.49,769.67,82.66,852.33,452.8,1231.75,-91.22999999999999,-26.540000000000006,124.69,28.909999999999997,8.351618819776714,1.69,0.69,0.68,0.0,0.0,2.4039890269485236,3.351015007261578,4.071402291431338,4.17662740035501,5.261255446183637,4.29,4.1,1.16,0.55,12,2009,0.0,91.13235294117646,61.97
2010-03-31,559.91,34.88,0.37,0.0,69.51,56.62,88.17,5.05,503.29,56.62,15.65,489.76,660.04,1198.73,1160.46,2383.87,131.37,189.59,97.92,1037.12,80.12,1117.24,452.8,1266.63,-159.95,-8.4,163.43,31.55,3.4125,1.81,0.88,0.37,0.0,0.0,5.84,10.64,11.0,11.52,16.8,6.27,6.23,1.16,0.52,3,2010,0.0,94.27027027027027,34.88
2010-06-30,526.42,9.93,0.10415309082794018,0.2,27.42,13.660000000000004,44.89,6.45,512.76,15.660000000000004,17.25,462.08,526.96,1027.84,1140.93,2193.17,62.17,137.52,78.37,863.82,70.91,934.72,475.44,1258.45,164.13,-7.76,-154.77,31.23,15.478177240684795,2.44,0.74,0.47,0.2,0.43,1.8082749386297698,3.0492479357286317,3.1556170497656773,3.235393885293461,4.689105110466413,4.15,4.12,1.19,0.58,6,2010,19.06808510638298,95.3404255319149,44.81
2010-09-30,442.24,-19.090000000000003,-0.20040046656298605,-0.00017041130339833326,-10.050000000000011,-18.980000000000004,12.280000000000001,7.1,461.23,-22.5,1.81,386.37,464.88,877.99,1127.69,2030.8,174.45,53.75,59.76,727.56,63.89,791.44,475.44,1239.35,41.03,-10.95,-45.519999999999996,31.260000000000005,-8.858512310110005,2.72,0.64,0.27,0.2,0.74,-3.770497667185071,-7.540995334370142,-6.1753032659409035,-6.204992223950234,-11.697449455676518,1.7,1.68,1.21,0.57,9,2010,-0.016233254531130115,95.25925925925925,25.72
2010-12-31,459.47,6.560000000000002,0.06909541511771998,-0.0006700628757629848,28.05000000000001,7.900000000000006,38.629999999999995,6.05,451.56999999999994,13.71,2.56,432.36,495.07,953.98,1174.51,2132.12,103.98,104.01,40.14,835.53,50.67,886.21,475.44,1245.91,32.73,-56.45,24.47,30.72999999999999,21.884954268292677,2.31,0.71,0.34,0.2,0.59,1.2274597273853785,2.2842131350681543,2.105377942998761,2.1216356877323426,3.714894671623297,1.63,1.62,1.14,0.55,12,2010,-0.06361655773420338,94.94117647058823,32.28
2011-03-31,462.21,18.34,0.19,0.0,46.9,29.05,58.6,5.6,433.16,28.98,1.55,433.09,535.01,1003.38,1183.76,2190.5,112.39,111.26,40.52,885.12,65.58,950.69,475.44,1239.81,12.48,-36.6,23.11,29.55,7.3675,2.15,0.77,0.19,0.0,0.0,3.36,5.08,5.92,5.84,8.92,3.97,3.97,1.13,0.53,3,2011,0.0,96.52631578947368,18.34
2011-06-30,529.3399999999999,13.790000000000003,0.1416339869281046,0.1,44.830000000000005,22.400000000000002,51.830000000000005,6.3,506.94,27.040000000000003,1.01,487.96,572.63,1091.69,1170.88,2284.58,256.63,89.9,58.9,914.65,125.33,1039.97,487.33,1244.6,-73.88,-33.18,106.52,29.429999999999996,11.11968274111675,2.47,0.84,0.33,0.1,0.3,2.420653594771242,3.9485838779956426,4.429281045751634,4.412113289760349,6.455076252723312,3.25,3.24,1.19,0.57,6,2011,9.736363636363636,97.36363636363636,32.13
2011-09-30,492.71000000000004,4.649999999999999,0.04804241435562804,-0.0005932077710217805,31.489999999999995,10.509999999999998,40.41999999999999,5.5,482.19999999999993,13.229999999999997,21.14,454.09,539.6,1040.16,1153.66,2218.26,293.65,53.48,53.46,851.39,117.63,969.02,487.33,1249.25,67.37,-11.709999999999994,-35.53,29.910000000000004,28.613258064516142,2.15,0.78,0.38,0.1,0.26,0.8394779771615005,1.4766721044045672,1.4867862969004888,1.4969004893964104,2.290864600326264,2.48,2.48,1.22,0.59,9,2011,-0.05741626794258181,96.78947368421053,36.78
2011-12-31,434.6700000000001,16.479999999999997,0.17018400300413067,4.842184319226423e-05,14.430000000000007,17.029999999999994,44.55000000000001,6.0,417.6400000000001,-3.799999999999997,1.04,366.42,539.81,962.26,1135.9,2125.63,83.2,101.56,47.24,751.99,107.91,859.9,487.33,1265.73,110.64,-6.910000000000011,-123.82,27.519999999999996,8.814723907766991,2.31,0.68,0.55,0.1,0.18,3.106631618475403,4.591873826511453,5.210724746526473,5.247855801727375,7.116785580172737,2.82,2.78,1.28,0.56,12,2011,0.0046889952153090775,96.83636363636363,53.26
2012-03-31,445.16,-23.4,-0.23,0.0,-5.64,-18.99,5.48,6.85,464.15,-23.73,1.11,393.04,502.02,945.83,1125.38,2097.01,144.86,83.84,41.19,754.8,99.88,854.68,487.33,1242.33,24.37,-10.92,-13.38,24.47,-7.445,2.69,0.69,-0.23,0.0,0.0,-4.48,-3.56,-7.5200000000000005,-7.56,-5.64,-5.34,-5.26,1.25,0.59,3,2012,0.0,101.7391304347826,-23.4
2012-06-30,472.82,-15.219999999999999,-0.15369756602796478,0.2,20.27,-10.71,13.93,5.5,483.53,1.7600000000000016,2.78,444.67,503.92,994.18,1192.56,2192.6,133.46,106.07,35.08,893.82,91.15,984.97,499.51,1207.62,-24.41,-70.46,96.53999999999999,24.64,-8.944513797634691,2.27,0.82,-0.39,0.2,-0.51,-2.7744381149663386,-2.096592439150699,-5.044432936302433,-4.965613671672708,-3.6099223200414294,-4.21,-4.21,1.11,0.55,6,2012,19.805128205128206,99.02564102564102,-38.62
2012-09-30,443.6099999999999,-21.46,-0.21431424766977364,0.0022124347024480525,-5.16,-17.31,8.25,6.5,460.91999999999996,-26.340000000000003,4.53,408.96,578.95,1030.52,1180.57,2226.04,69.15,109.46,34.82,956.83,83.04,1039.87,499.51,1186.16,-42.72,-20.41000000000001,64.88,25.560000000000002,-7.5799906803355075,2.74,0.88,-0.6,0.2,-0.33,-3.857656458055926,-3.0289747003994676,-7.24382157123835,-7.043794940079893,-5.286418109187751,-4.42,-4.41,1.08,0.47,9,2012,0.22153846153846501,100.13333333333334,-60.08
2012-12-31,433.78,-9.460000000000008,-0.09522576934138632,-0.0015914102195379242,5.49,-5.580000000000005,19.63,5.95,439.3600000000001,-10.369999999999997,10.61,376.36,670.94,1094.85,1163.72,2277.05,124.38,174.01,77.55,1068.52,31.82,1100.35,499.51,1176.7,16.999999999999996,-10.569999999999993,-0.3499999999999943,25.209999999999994,-15.620771670190262,2.53,0.94,-0.7,0.2,-0.29,-1.6596491228070185,-1.3005119355766475,-3.215910267471961,-3.096197871728504,-2.3670405522001743,-3.89,-3.87,1.02,0.4,12,2012,-0.15809523809523895,99.34285714285716,-69.54
2013-03-31,445.26,17.6,0.18,0.0,15.01,21.93,48.47,6.0,423.32,-2.43,0.97,383.25,557.92,973.42,1149.62,2140.24,187.78,154.41,48.06,792.4,155.06,947.46,499.51,1192.79,142.7,-13.31,-139.03,26.54,8.3325,2.51,0.79,0.18,0.0,0.0,3.28,4.16,5.92,5.8,6.52,4.19,3.95,1.23,0.52,3,2013,0.0,97.77777777777779,17.6
2013-06-30,366.62,-48.47,-0.48674117265954003,0.0,-21.27,-41.75,-14.979999999999997,5.0,408.38000000000005,-39.81,4.79,322.56,560.93,937.34,1163.9,2109.35,172.59,93.69,48.61,816.5,148.54,965.04,499.51,1144.31,-33.499999999999986,-30.39,67.72,26.770000000000003,-2.568254074685372,2.18,0.84,-0.31,0.0,0.0,-9.16957563977972,-5.778088759313249,-16.957434402332364,-16.517797214123743,-9.609212827988339,-3.92,-3.8,1.15,0.46,6,2013,0.0,99.58064516129032,-30.87
2013-09-30,344.43999999999994,-35.269999999999996,-0.35195343211369823,0.0,-15.08,-32.05,-5.390000000000001,5.4,376.49,-32.99999999999999,1.36,297.05,453.31,784.79,1158.34,1952.34,178.49,138.06,44.94,704.82,138.47,843.3,499.51,1109.04,177.48000000000002,-20.989999999999995,-159.93,26.659999999999997,-3.8348823362631137,2.43,0.76,-0.66,0.0,0.0,-7.231043241608709,-5.28996673722407,-12.712984578167521,-12.286374357423645,-8.873492591472633,-5.85,-5.72,1.11,0.47,9,2013,0.0,100.2121212121212,-66.14
2013-12-31,301.4200000000001,-30.450000000000003,-0.30579252510611865,0.0,-8.57,-26.449999999999996,0.7899999999999991,4.68,327.8699999999999,-24.700000000000003,1.43,285.54,407.91,722.46,1164.17,1896.44,217.64,92.45,41.24,688.67,133.74,822.41,499.51,1074.03,9.319999999999993,-28.61,19.360000000000014,27.239999999999995,-3.8223628899835798,2.18,0.77,-0.97,0.0,0.0,-6.4184905269696655,-4.728750388238948,-11.336390930738173,-10.819380888290715,-8.171280670876902,-6.74,-6.63,1.05,0.46,12,2013,0.0,99.57731958762888,-96.59
2014-03-31,370.22,-3.28,-0.03,0.0,18.83,-0.5,27.02,4.98,370.71,2.11,32.78,339.76,434.5,832.63,1144.45,1986.88,163.76,80.87,43.23,740.17,175.95,916.12,499.51,1070.76,-65.88,-8.2,105.43,27.52,-41.50000000000001,2.32,0.86,-0.03,0.0,0.0,-0.68,-0.08,-1.24,-1.16,-0.16,-0.89,-0.89,1.12,0.54,3,2014,0.0,109.33333333333333,-3.28
2014-06-30,389.97,-6.040000000000001,-0.05832618025751074,0.0,16.480000000000004,-1.7400000000000002,26.34,9.0,391.71,-2.48,16.01,342.08,530.57,916.87,1123.24,2049.41,154.57,97.78,45.42,820.36,163.58,983.94,499.51,1065.47,-62.58000000000001,-4.630000000000001,50.44999999999999,28.080000000000002,-38.57615894039734,4.22,0.92,-0.09,0.0,0.0,-1.1665236051502148,-0.2851502145922747,-2.255278969957082,-2.177510729613734,-0.46660944206008587,-1.23,-1.23,1.12,0.47,6,2014,0.0,103.55555555555556,-9.32
2014-09-30,398.95000000000005,8.44,0.0959090909090909,0.0,30.629999999999995,13.68,41.34,8.55,385.2700000000001,12.36,21.5,326.13,550.88,916.29,1099.35,2024.52,113.3,101.28,46.47,797.54,153.07,950.61,499.51,1073.91,45.510000000000005,-2.039999999999999,-37.989999999999995,27.660000000000004,22.286729857819907,3.98,0.89,-0.01,0.0,0.0,1.5345454545454544,-22.25090909090909,3.069090909090909,3.069090909090909,-35.67818181818182,-0.08,-0.08,1.15,0.46,9,2014,0.0,88.0,-0.88
2014-12-31,417.9799999999998,3.82,0.03897959183673469,0.0,28.870000000000005,11.63,39.019999999999996,9.0,406.3499999999999,11.01,13.2,367.82,493.6,887.04,1076.72,1972.37,200.79,65.81,46.18,748.89,145.74,894.63,499.51,1077.73,20.520000000000003,-1.1100000000000012,-27.709999999999994,27.39,57.72251308900524,4.17,0.83,0.03,0.0,0.0,0.7795918367346939,6.1847619047619045,1.403265306122449,1.403265306122449,9.822857142857142,0.19,0.19,1.18,0.53,12,2014,0.0,98.0,2.94
2015-03-31,403.76,-5.55,-0.06,0.0,13.74,-2.85,23.6,8.05,406.6,-4.02,27.5,365.21,466.9,872.69,1053.38,1934.59,135.66,87.65,46.08,728.82,133.58,862.4,499.51,1072.19,71.25,-2.27,-54.69,26.45,-33.5425,3.75,0.8,-0.06,0.0,0.0,-1.16,-0.6,-2.08,-2.08,-0.9600000000000001,-1.38,-1.37,1.2,0.56,3,2015,0.0,92.5,-5.55
2015-06-30,427.94000000000005,0.20999999999999996,0.0019662921348314604,0.0,16.369999999999997,6.050000000000001,32.339999999999996,12.4,421.9,-2.75,1.57,382.22,380.01,781.61,1029.84,1819.88,30.7,61.59,44.08,620.48,127.0,747.48,499.51,1072.4,78.32,-2.1,-102.14000000000001,26.290000000000003,1576.5714285714287,5.78,0.7,-0.05,0.0,0.0,0.04561797752808988,-0.02674157303370786,0.07865168539325842,0.07865168539325842,-0.04247191011235955,-0.65,-0.64,1.26,0.65,6,2015,0.0,106.8,-5.34
2015-09-30,329.68000000000006,-24.74,-0.24674202127659572,0.0,-4.379999999999999,-20.22,6.200000000000003,8.4,349.9000000000001,-23.35,9.32,288.09,339.08,664.72,1007.9,1680.49,0.72,66.27,39.58,510.24,122.58,632.83,499.51,1047.66,145.04000000000002,-3.51,-133.78,26.419999999999995,-8.510913500404204,4.01,0.6,-0.3,0.0,0.0,-5.8889095744680855,-3.0267021276595747,-9.441994680851064,-9.343297872340425,-4.770345744680851,-2.62,-2.59,1.3,0.64,9,2015,0.0,100.26666666666667,-30.08
2015-12-31,347.6199999999999,2.59,0.02638050200072754,0.0,18.580000000000002,0.6900000000000013,27.200000000000003,7.5,346.92999999999984,-1.5500000000000007,5.19,292.54,317.81,627.03,983.2,1618.48,21.17,92.63,35.35,457.73,110.5,568.23,499.51,1050.25,63.40999999999997,-0.3799999999999999,-67.14999999999998,26.510000000000005,71.08659266409266,3.57,0.54,-0.28,0.0,0.0,0.640669334303383,0.34294652600945796,0.9873845034558022,0.9723099308839578,0.5313786831575118,-1.84,-1.82,1.37,0.68,12,2015,0.0,98.17857142857142,-27.49
2016-03-31,365.19,11.62,0.12,0.0,36.92,15.24,41.46,5.8,349.95,14.08,5.99,323.95,399.4,739.69,962.77,1710.7,4.77,135.5,30.58,544.08,104.76,648.83,499.51,1061.87,-29.76,-5.1,35.66,26.22,12.082499999999998,2.73,0.61,0.12,0.0,0.0,2.72,3.3599999999999994,4.36,4.36,5.24,3.21,3.18,1.36,0.63,3,2016,0.0,96.83333333333333,11.62
2016-06-30,411.73999999999995,26.42,0.26392218717139854,0.0,47.67999999999999,28.619999999999997,55.02,7.2,383.13000000000005,27.96,7.72,358.46,361.21,737.41,941.31,1686.49,0.36,50.38,28.08,500.0,98.2,598.2,499.51,1088.29,-25.88,-5.280000000000001,32.89,26.4,6.821139288417864,3.3,0.55,0.38,0.0,0.0,6.278569926393271,6.945320715036805,9.723449001051526,9.779011566771821,10.279074658254471,4.92,4.9,1.47,0.75,6,2016,0.0,100.10526315789474,38.04
2016-09-30,330.13,-15.02,-0.15006950477845352,0.0,3.710000000000008,-14.620000000000001,11.829999999999998,6.85,344.7399999999999,-15.349999999999998,17.62,281.52,432.78,740.72,917.18,1667.47,10.85,103.35,28.08,504.07,90.13,594.2,499.51,1073.27,64.26,-1.08,-53.29,26.449999999999996,-11.41037949400799,3.19,0.55,0.23,0.0,0.0,-3.601668114682884,-4.567332754126846,-5.5851954821894,-5.663492615117289,-6.550860121633361,2.09,2.08,1.47,0.61,9,2016,0.0,100.08695652173913,23.02
2016-12-31,359.95000000000005,-4.559999999999999,-0.04446370530877572,0.0,16.22,-0.509999999999998,26.22,6.4,360.46000000000004,1.2699999999999996,0.64,300.36,486.25,807.57,893.06,1708.06,0.13,78.62,28.08,557.33,80.86,638.19,499.51,1069.87,-80.73,0.4900000000000002,63.27,26.730000000000004,-35.98890350877195,2.99,0.6,0.18,0.0,0.0,-1.0671289274106173,-1.7093824485373774,-1.7093824485373774,-1.7192632719393277,-2.47020585048754,1.26,1.26,1.45,0.58,12,2016,0.0,102.55555555555556,18.46
2017-03-31,441.91,22.66,0.23,0.0,41.65,21.4,47.45,8.9,420.51,21.07,25.28,369.26,545.21,957.4,878.06,1849.15,5.06,123.36,28.08,686.47,70.14,756.61,499.51,1092.54,-36.42,-16.93,77.99,26.05,9.675,4.07,0.69,0.23,0.0,0.0,4.92,4.8,8.28,8.4,7.36,5.13,5.13,1.39,0.6,3,2017,0.0,98.52173913043478,22.66
2017-06-30,432.97999999999996,27.76,0.27528758429194766,0.12,40.99,31.810000000000002,58.019999999999996,7.55,401.16999999999996,23.310000000000002,16.74,353.21,487.23,870.32,856.41,1739.88,0.89,94.96,28.08,568.66,62.91,631.58,499.51,1108.3,101.71000000000001,0.6099999999999994,-110.85999999999999,26.209999999999997,6.85646613832853,3.4,0.57,0.5,0.12,0.24,6.386671955573186,6.849155097183657,10.020468068226895,10.108560095200318,9.998445061483539,5.82,5.76,1.53,0.67,6,2017,12.1008,100.84,50.42
2017-09-30,324.5100000000001,-42.31,-0.4173612823674477,0.0006332922318125556,-7.530000000000001,-43.99,-18.099999999999994,8.05,368.5000000000001,-25.500000000000004,0.7,274.71,663.9,961.92,836.32,1813.06,2.74,218.58,28.08,693.38,53.68,747.06,499.51,1065.99,11.72999999999999,-4.699999999999999,-23.080000000000005,25.890000000000008,-4.822201016308201,3.77,0.7,0.08,0.12,1.5,-9.390628853267572,-11.060073982737364,-15.85972872996301,-15.85972872996301,-17.111812577065354,0.68,0.68,1.39,0.43,9,2017,0.06419999999999781,101.37499999999999,8.11
