,revenue,net_profit,eps,dps,gross_profit,ebit,ebitda,close_price,allowance_doubtful_accounts,expense,operating_profit,cash,account_receivable,current_asset,property_plant_equipment,total_asset,short_term_loan,account_payable,current_portion_long_term_debt,current_liability,non_current_liability,total_liability,paid_in_capital,total_equity,cash_flow_operation,cash_flow_investment,cash_flow_financing,depreciation,P/E,P/BV,D/E,EPS,DPS,DPR%,ROA%,ROAA%,ROE%,ROAE%,ROCE%,NPM%,NPMA%,CurrentRatio,QuickRatio,month,year,dividend,number_of_shares,return_old
2012-06-30,,,,,,,,,0.0,,,408.61,699.98,1208.82,227.77,1550.43,0.0,473.56,0.0,986.5,16.53,1003.04,274.0,547.39,,,,,,0.0,1.83,0.8,0.0,0.0,,,,,,24.59,24.46,1.23,1.23,6,2012,,199.86249999999998,159.89
2012-09-30,737.7900000000001,253.10000000000002,1.078612072931548,0.0,424.47,333.66999999999996,360.05999999999995,,0.0,404.12000000000006,330.58000000000004,291.12,726.08,1124.86,272.43,1503.89,0.0,136.8,0.0,686.52,17.23,703.76,274.0,800.14,-47.81,-69.62,0.0,26.39,0.0,0.0,0.88,1.76,0.0,0.0,67.31519891522798,0.0,126.5162933727209,0.0,164.04709072858907,29.82,29.68,1.64,1.64,9,2012,0.0,234.6534090909091,412.99
2012-12-31,775.1600000000001,270.65,1.0570409864841144,1.2,439.04999999999995,347.76,375.87,92.5,0.03,427.3899999999999,389.70000000000005,971.03,733.25,1762.41,353.16,2226.62,0.0,101.83,0.0,615.56,17.93,633.49,300.0,1593.13,270.48,-112.83999999999999,522.26,28.11,21.87445926473305,17.42,0.4,2.67,1.2,0.45,48.61596746825815,0.0,67.95150371540575,0.0,87.95214440348721,31.85,31.55,2.86,2.86,12,2012,307.25393258426965,256.0449438202247,683.64
2013-03-31,2871.84,907.99,3.4,1.2,1548.46,1188.98,1288.7,131.5,0.45,1682.86,1236.66,1253.82,669.27,1995.06,473.44,2573.0,0.0,177.88,0.0,736.85,21.55,758.4,300.0,1814.6,564.65,-308.18,616.26,99.72,9.67,21.74,0.42,3.4,1.2,0.35,141.16,0.0,200.16,0.0,259.0,32.0,31.62,2.71,2.71,3,2013,320.4670588235294,267.0558823529412,907.99
2013-06-30,-2010.42,-600.1700000000001,-1.8132613215515565,0.43179012180533294,-1066.8600000000001,-804.1500000000001,-882.04,119.0,0.0,-1206.27,-863.5900000000001,1171.58,904.34,2112.94,569.55,2993.23,0.0,181.67,0.0,841.46,22.63,864.09,300.0,2129.14,-354.05999999999995,15.090000000000032,-616.26,-77.89,-16.407287601846143,16.77,0.41,0.93,1.4,1.51,-80.17344681956988,-132.1146098369177,-112.77315574036777,-179.3763887986486,-139.4456448573842,36.25,35.73,2.51,2.51,6,2013,142.91788741302963,330.9892473118279,307.82
2013-09-30,860.2800000000001,327.8,0.09798621818067399,1.261484629519294,508.9599999999999,409.32,426.87999999999994,11.8,0.0,450.96,404.07,652.92,900.82,2072.5,735.26,2948.1,0.0,233.04,0.0,887.38,23.71,911.1,330.0,2037.0,364.73,-463.43,-420.0,17.560000000000002,30.108570927394755,19.12,0.45,0.19,1.4,7.37,44.47542871527013,73.60312136181996,64.36147383656902,92.43710393002108,79.50292313017212,37.34,36.92,2.34,2.34,9,2013,4220.130843237125,3345.3684210526317,635.62
2013-12-31,816.7299999999998,317.28,0.09322950991709518,0.20379638886280663,490.57000000000016,395.67999999999995,416.44000000000005,9.8,0.0,421.04999999999995,386.2199999999999,326.19,780.89,1626.42,918.36,2666.42,0.0,232.85,0.0,881.1,24.79,905.89,343.2,1760.53,435.06999999999994,-167.94000000000005,-593.94,20.759999999999998,26.279232854261224,19.1,0.51,0.28,1.58,5.64,47.60032406338545,64.76787238954769,72.09304816874803,75.68904355126456,88.76781194249133,38.0,37.54,1.85,1.85,12,2013,693.5627819548872,3403.2142857142853,952.9
2014-03-31,3195.64,1145.73,0.33,1.5800000000000003,1807.11,1419.3,1509.69,11.4,0.0,1776.34,1381.25,503.46,606.99,1630.16,922.69,2740.85,0.0,150.76,0.0,761.71,25.87,787.58,343.2,1953.27,1341.69,-1078.44,-1013.94,90.39,8.6375,20.03,0.4,0.33,1.58,4.79,167.2,213.68,234.64,243.28,286.84,36.38,35.85,2.14,2.14,3,2014,5485.616363636364,3471.909090909091,1145.73
2014-06-30,-2415.84,-888.45,-0.2417269123134329,-1.4925106710764366,-1386.37,-1097.3799999999999,-1154.08,12.9,0.0,-1318.46,-1065.73,151.25,718.62,1396.55,887.26,3170.84,200.0,110.77,0.0,931.11,29.05,960.16,343.2,2210.68,-1204.97,389.5200000000001,1213.94,-56.7,-13.341811919635319,20.03,0.43,0.07,0.0,0.0,-112.02315764925373,-144.34549906716418,-160.78292910447763,-163.82178171641792,-198.49232742537313,33.76,32.99,1.5,1.5,6,2014,-5485.616363636364,3675.4285714285706,257.28
2014-09-30,807.79,264.4200000000001,0.0760264519838988,0.13,434.16999999999996,331.34,369.93999999999994,13.9,0.0,476.45000000000005,319.74,212.12,740.35,1318.55,1168.94,3366.53,220.0,458.44,0.0,1307.05,30.11,1337.15,343.2,2029.38,297.1,189.50999999999993,-425.75,38.60000000000001,45.7094196732471,23.51,0.66,0.15,0.13,0.87,31.424266820011507,41.94632777458311,52.123735480161024,52.02236687751583,64.30824151811387,33.5,32.86,1.01,1.01,9,2014,452.1400000000001,3478.0000000000005,521.7
2014-12-31,861.51,300.8399999999999,0.08777883142461154,-0.001925012765336664,421.93999999999994,375.1200000000001,420.3700000000001,11.8,0.0,486.39,302.98,197.51,730.24,1270.43,1207.49,3362.07,240.0,158.11,0.0,1002.86,28.95,1031.82,343.2,2330.26,243.83999999999997,-278.48999999999995,20.0,45.25,33.609469984044686,17.38,0.44,0.24,0.13,0.54,35.799133416004075,49.9168954701291,51.64321248814646,58.82644685972718,63.7713210299803,35.05,33.59,1.27,1.27,12,2014,-6.597500000000082,3427.25,822.54
2015-03-31,3077.93,837.58,0.12,0.28,1638.14,1065.12,1225.42,5.45,0.0,2012.81,1221.11,187.04,519.1,1042.46,1262.44,3286.45,530.0,150.52,0.0,1433.31,24.09,1457.4,686.4,1829.05,1069.55,-954.02,-431.95,160.3,11.355,20.45,0.8,0.12,0.28,2.34,101.96,141.36,183.16,177.16,229.92,28.27,27.21,0.73,0.73,3,2015,1954.3533333333337,6979.833333333334,837.58
2015-06-30,-2459.14,-597.9200000000001,-0.07484603187849453,-0.24464074104982061,-1309.75,-761.2599999999999,-882.74,5.0,0.0,-1697.8799999999999,-983.9399999999999,267.56,507.82,1239.21,1257.92,3547.66,530.0,232.5,0.0,1455.32,23.5,1478.83,686.43,2068.83,-804.71,769.5699999999999,431.95,-121.48000000000002,-16.701286208857372,16.59,0.71,0.03,0.0,0.0,-67.46122339981642,-90.31421180005009,-115.56227322039558,-111.77007427188518,-144.90191771676544,43.65,38.73,0.85,0.85,6,2015,-1954.3533333333337,7988.666666666667,239.66
2015-09-30,637.3800000000001,259.17999999999995,0.036369577419613504,0.03,345.05000000000007,307.79999999999995,350.53000000000003,3.5,0.0,329.58,247.63000000000002,394.47,482.9,1237.91,1247.28,3611.22,530.0,150.8,0.0,1431.21,24.2,1455.4,686.43,2155.82,187.60000000000002,111.50999999999999,-171.61,42.73,24.05856933405356,11.14,0.68,0.07,0.03,0.36,28.700792237992136,36.431925266618556,48.09097265656322,49.54575575334776,58.3160195653917,45.93,39.71,0.86,0.86,9,2015,213.78857142857137,7126.285714285713,498.84
2015-12-31,550.5799999999999,232.06,0.03492488712546176,-0.0021750483748020984,340.55999999999995,287.84000000000003,335.39999999999986,3.7,0.0,262.74,255.24999999999994,432.79,449.02,1276.88,1236.63,3554.87,330.0,332.5,0.0,1141.81,25.18,1166.99,686.43,2387.88,258.84,-21.28,-200.0,47.56000000000002,26.488274584159267,10.64,0.49,0.11,0.03,0.23,26.111115610890682,33.03259324120947,38.874574360377615,39.344472841702014,47.345446983171435,45.52,40.45,1.12,1.12,12,2015,-14.452207792207759,6644.545454545454,730.9
2016-03-31,2423.42,940.52,0.14,0.08,1336.65,1155.98,1336.12,4.78,0.0,1267.44,974.22,112.15,399.13,837.05,1210.94,3099.35,240.0,123.48,0.0,821.71,35.46,857.17,686.43,2242.18,784.73,-55.09,-804.82,180.14,8.535,14.63,0.38,0.14,0.08,0.54,121.40000000000002,144.8,167.8,184.8,203.0,44.66,38.81,1.02,1.02,3,2016,537.4399999999999,6717.999999999999,940.52
2016-06-30,-1655.18,-627.25,-0.10011332077760399,-0.08577904044434513,-998.1600000000001,-763.38,-888.2499999999999,6.0,0.0,-891.7900000000001,-760.08,219.07,562.97,1395.85,1349.65,4476.57,440.0,156.71,11.21,1169.58,134.91,1304.49,686.43,2555.74,-579.15,-242.20000000000002,1003.0300000000001,-124.86999999999998,-14.983021123953764,16.12,0.51,0.05,0.0,0.0,-56.06345963545824,-78.40875283301945,-98.19114501867398,-108.52283972292274,-95.06760941041274,56.9,40.78,1.19,1.19,6,2016,-537.4399999999999,6265.4,313.27
2016-09-30,723.95,197.54000000000002,0.027070339265088787,0.06,438.40999999999997,263.23,331.6,5.55,0.0,460.70000000000005,253.62,386.71,599.02,1486.63,1311.98,4616.62,620.0,158.12,71.21,1410.93,271.41,1682.34,686.43,2341.48,238.81999999999996,-4.399999999999977,-68.55000000000001,68.37,51.25813113799737,16.27,0.72,0.07,0.06,0.86,17.108454415536112,24.657211879172294,33.752845872242126,35.14503474873241,31.649093792212373,40.46,34.23,1.05,1.05,9,2016,437.8371428571428,7297.285714285714,510.81
2016-12-31,682.5799999999999,124.26000000000005,0.01760971231517786,-0.0020488180155618305,398.14,172.58999999999992,254.17000000000007,5.6,0.0,509.9999999999999,162.85000000000002,513.92,606.58,1674.96,1334.73,5600.23,940.0,447.82,8.7,1960.16,134.36,2094.52,686.43,2575.96,198.21000000000004,-617.3499999999999,544.71,81.58,79.4987433606953,14.92,0.81,0.09,0.06,0.67,8.875295006849642,14.166035240209746,19.292418158628188,20.028112806462286,17.81320232415325,32.82,29.2,0.85,0.85,12,2016,-14.457142857142799,7056.333333333334,635.07
2017-03-31,3358.28,826.4,0.12,0.1,1782.67,1009.81,1356.47,5.1,0.0,2348.46,765.02,798.81,763.11,2612.81,1502.73,7984.98,778.0,536.3,245.89,2807.53,2072.15,4879.67,686.43,1856.12,957.28,-3685.26,2212.76,346.66,10.625,18.86,2.63,0.12,0.1,0.79,41.4,72.88,178.08,161.32,78.0,27.08,24.61,0.93,0.93,3,2017,688.6666666666667,6886.666666666667,826.4
2017-06-30,-3358.28,,,,-1782.67,-1009.81,-1255.33,5.7,,-2348.46,-765.02,625.2,815.12,2394.91,1670.81,8213.45,733.0,582.54,243.84,2841.16,2077.19,4918.35,686.43,2029.74,-749.3399999999999,3385.9800000000005,-2294.7000000000003,-245.52000000000004,,19.28,2.42,,0.0,0.0,,,,,,,,0.84,0.84,6,2017,,,
2017-09-30,1867.85,,,,1086.28,583.92,694.87,5.75,0.0,1283.94,563.56,853.72,851.38,2171.43,1620.43,8022.7,655.0,242.34,241.79,2526.94,2057.5,4584.44,686.43,2139.8,322.00000000000006,-170.01000000000005,-323.06,110.95,,18.45,2.14,0.05,0.03,0.5,,,,,,20.6,20.18,0.86,0.86,9,2017,,7538.4,376.92
