,revenue,net_profit,eps,dps,gross_profit,ebit,ebitda,close_price,expense,operating_profit,cash,account_receivable,inventory,current_asset,property_plant_equipment,total_asset,short_term_loan,account_payable,current_portion_long_term_debt,current_liability,non_current_liability,total_liability,paid_in_capital,total_equity,cash_flow_operation,cash_flow_investment,cash_flow_financing,depreciation,P/E,P/BV,D/E,EPS,DPS,DPR%,ROA%,ROAA%,ROE%,ROAE%,ROCE%,NPM%,NPMA%,TIE,CurrentRatio,QuickRatio,month,year,dividend,number_of_shares,return_old
2012-03-31,251.53,2.89,0.01,0.0,56.48,11.44,29.91,,240.09,7.12,54.12,143.54,29.2,235.01,647.43,1052.26,3.85,182.58,67.78,262.74,217.18,479.92,400.0,558.27,-18.64,-16.99,-14.52,18.47,0.0,0.0,0.86,0.01,0.0,0.0,1.08,0.0,2.08,0.0,5.799999999999999,1.17,1.15,2.42,0.89,0.78,3,2012,0.0,289.0,2.89
2012-06-30,258.17999999999995,12.719999999999999,0.032594490711082634,0.0,60.52,17.85,36.61,3.12,240.33,13.279999999999998,149.94,117.72,26.39,301.81,664.11,1134.59,0.12,142.11,69.74,216.55,167.08,383.63,535.0,733.92,43.68,-32.2,84.33,18.759999999999998,23.930424528301888,2.27,0.52,0.04,0.0,0.0,4.498039718129403,0.0,6.942626521460601,0.0,10.397642536835361,3.12,3.06,3.1,1.39,1.27,6,2012,0.0,390.25,15.61
2012-09-30,268.39000000000004,9.219999999999999,0.018566250503423278,0.0,59.78999999999999,17.11,36.49000000000001,3.3,251.28000000000003,13.530000000000001,145.33,119.58,24.64,295.63,669.09,1130.72,0.0,148.71,66.59,219.58,151.08,370.66,535.0,743.14,41.57,-22.560000000000002,-23.620000000000005,19.380000000000003,44.43546637744035,2.38,0.5,0.05,0.0,0.0,3.267660088602497,0.0,4.9609021345147,0.0,7.560177204993958,3.24,3.19,3.52,1.35,1.23,9,2012,0.0,496.59999999999997,24.83
2012-12-31,248.11,-15.79,-0.03493362831858407,0.0,36.45000000000002,-12.79,6.589999999999989,3.16,260.9,-17.82,96.18,97.5,23.16,262.57,659.22,1092.78,1.44,143.31,66.48,214.47,135.08,349.55,535.0,727.35,17.53,-48.17,-18.61,19.379999999999995,-22.614312856238126,2.32,0.48,0.02,0.0,0.0,-5.798982300884956,-0.0,-8.66353982300885,-0.0,-26.7591592920354,0.9,0.88,2.03,1.22,1.12,12,2012,0.0,451.99999999999994,9.04
2013-03-31,270.21,16.33,0.030000000000000002,0.030000000000000002,62.64,25.02,45.21,3.44,245.19,18.48,97.66,118.1,24.44,275.54,663.61,1120.58,0.0,143.88,69.09,219.92,136.56,356.48,535.0,747.83,17.66,-4.63,-11.55,20.19,28.6675,2.46,0.48,0.03,0.03,1.0,5.84,9.2,8.72,10.0,11.12,6.19,6.04,7.87,1.25,1.14,3,2013,16.33,544.3333333333333,16.33
2013-06-30,289.93,19.340000000000003,0.03795346229324363,-0.0020465377067563776,70.52,30.040000000000003,51.68,3.3,259.89,23.7,68.14,148.23,23.35,265.79,664.62,1103.37,1.27,143.53,71.54,224.98,111.05,336.03,535.0,751.12,17.099999999999998,-11.380000000000003,-35.239999999999995,21.639999999999997,21.735829886246123,2.35,0.45,0.07,0.03,0.43,7.0051247546958235,10.67034482758621,10.301654051023272,10.410092514718253,13.598183347350716,6.52,6.37,8.84,1.18,1.08,6,2013,-1.0428571428571427,509.57142857142856,35.67
2013-09-30,292.86,26.54,0.05119434174570004,0.0005118607481571703,76.44,34.67999999999999,56.63000000000001,3.44,258.18,30.440000000000005,101.96,149.86,22.75,280.88,646.55,1114.93,0.0,141.31,71.68,221.53,99.12,320.64,535.0,777.62,50.970000000000006,4.1800000000000015,-21.330000000000005,21.950000000000003,16.800684815373025,2.37,0.41,0.12,0.03,0.25,9.522147564700209,13.634759684938114,13.651824465520011,13.958990515994213,17.133039704227613,7.44,7.29,10.04,1.27,1.17,9,2013,0.2653571428571464,518.4166666666667,62.21
2013-12-31,276.6300000000001,-1.1199999999999974,-0.0020166966770338796,0.001995825830741524,51.12000000000003,-0.03999999999999204,21.72,3.44,276.6700000000001,-5.8700000000000045,143.88,117.45,23.76,290.49,641.51,1123.42,0.0,151.01,71.49,228.31,102.29,330.6,535.0,776.5,57.040000000000006,-14.28,-0.8399999999999892,21.760000000000005,-426.40274553571527,2.37,0.43,0.11,0.03,0.27,-0.39893926992961115,-0.5932754951710577,-0.5771419217547867,-0.5954755279096401,-0.7348109346865264,5.52,5.41,8.08,1.27,1.17,12,2013,1.1084090909090882,555.3636363636364,61.09
2014-03-31,300.09,26.5,0.05,0.06,76.92,36.24,57.23,3.52,263.85,29.8,137.4,145.39,22.25,312.89,633.64,1135.7,0.0,147.09,74.29,232.98,83.49,316.47,535.0,802.73,21.71,-8.4,-19.8,20.99,17.6,2.35,0.39,0.05,0.06,1.2,9.32,12.84,13.2,13.68,16.04,9.02,8.83,17.34,1.34,1.25,3,2014,31.799999999999997,530.0,26.5
2014-06-30,327.66,34.74,0.062400391900718485,0.0028804702808621907,89.52,46.24,66.82,5.45,281.41999999999996,37.49000000000001,91.34,191.34,22.99,312.2,643.89,1144.25,0.0,162.21,74.31,251.29,70.94,322.22,535.0,805.37,19.799999999999997,-11.65,-54.2,20.580000000000002,21.83680195739781,3.62,0.4,0.11,0.06,0.55,12.139712606139778,16.65523187459177,17.245199216198564,17.857857609405617,20.966531678641413,10.0,9.76,20.93,1.24,1.15,6,2014,1.6036363636363689,556.7272727272727,61.24
2014-09-30,330.76,21.749999999999993,0.03931196529702373,-0.0003752916561688783,76.14000000000001,29.060000000000002,48.000000000000014,9.65,301.70000000000005,23.029999999999987,106.48,181.44,24.29,317.27,666.92,1201.5,0.0,184.98,70.53,263.22,126.02,389.24,535.0,811.18,63.76,-93.86,45.239999999999995,18.939999999999998,61.36490459770116,6.36,0.48,0.15,0.06,0.4,7.243884805398238,10.095312688275694,10.724304133028074,10.954934329437277,12.46451379684299,8.85,8.66,20.03,1.21,1.11,9,2014,-0.20763636363636806,553.2666666666667,82.99
2014-12-31,317.9000000000001,11.41000000000001,0.020547669491525446,0.01021906779661018,65.92999999999998,15.0,33.869999999999976,6.4,302.9100000000001,6.910000000000011,96.69,192.12,24.77,317.73,751.05,1296.15,0.0,183.25,76.77,270.36,206.09,476.45,570.66,818.63,22.67,-114.75,82.28,18.869999999999997,77.87379491673963,4.46,0.58,0.17,0.07,0.4,3.5196949152542403,5.057144067796615,5.574461864406784,5.724338983050853,5.966076271186445,7.57,7.4,18.37,1.18,1.08,12,2014,5.674588235294124,555.2941176470588,94.4
2015-03-31,310.43,22.97,0.04,0.02,75.37,30.4,48.69,6.05,280.03,25.78,76.99,194.55,24.95,302.45,775.45,1305.85,0.0,180.27,71.48,262.4,200.75,463.15,570.66,841.59,26.85,-33.5,-13.04,18.29,37.8125,4.1,0.55,0.04,0.02,0.5,7.04,9.96,10.92,11.16,11.64,7.51,7.4,20.13,1.15,1.06,3,2015,11.485,574.25,22.97
2015-06-30,329.96999999999997,26.5,0.048211036992116436,-0.0008944815039417838,77.28,35.37,53.67,6.1,294.6,27.85,65.88,215.69,24.22,312.09,814.64,1355.09,0.0,201.88,70.34,281.27,216.02,497.29,570.66,856.68,41.07,-51.7,-0.4900000000000002,18.300000000000004,31.632798113207546,4.06,0.58,0.09,0.02,0.22,7.820901556498888,11.270669092379219,12.363452597533858,12.749140893470791,13.11340206185567,7.87,7.72,22.37,1.11,1.02,6,2015,-0.49166666666666714,549.6666666666666,49.47
2015-09-30,356.26,26.760000000000005,0.04563557654466747,0.001252350343259434,84.96000000000001,35.010000000000005,54.790000000000006,5.25,321.25,29.46999999999999,83.46,232.41,25.32,347.61,857.72,1433.58,0.0,234.11,76.3,316.72,232.27,548.99,570.66,883.44,47.730000000000004,-45.16000000000001,15.01,19.779999999999994,28.757169282511207,3.39,0.62,0.13,0.02,0.15,7.470192837465567,10.741912632821725,12.118000787091699,12.637544273907912,12.665627705627708,7.79,7.65,24.34,1.1,1.02,9,2015,0.7343589743589742,586.3846153846154,76.23
2015-12-31,372.05000000000007,25.25999999999999,0.04480047295300028,-0.0007999272379999513,94.84999999999997,32.97999999999999,52.25,5.4,339.07000000000005,26.290000000000006,133.19,185.55,29.7,353.91,874.86,1445.56,0.0,236.91,75.14,321.5,214.18,535.68,570.66,908.7,108.85999999999999,-37.69999999999999,-21.43,19.270000000000003,30.13361045130642,3.39,0.59,0.18,0.02,0.11,6.988873780668044,9.71672480047295,11.120472953000291,11.697901271061184,11.847236180904519,7.55,7.42,21.96,1.1,1.01,12,2015,-0.45102564102563925,563.8333333333334,101.49
2016-03-31,374.79,40.27,0.07,0.1,101.47,54.61,76.07,6.7,320.17,48.19,140.16,191.14,26.32,364.93,884.96,1464.08,0.0,227.27,73.48,317.23,196.63,513.86,570.66,948.97,65.12,-34.91,-23.24,21.46,23.9275,4.03,0.54,0.07,0.1,1.43,11.0,15.76,16.96,18.0,19.04,10.93,10.74,16.5,1.15,1.07,3,2016,57.528571428571425,575.2857142857142,40.27
2016-06-30,399.46,38.18,0.0681351179094965,-0.0026641172721478734,101.77000000000001,50.870000000000005,72.58000000000001,9.85,348.60999999999996,46.25,170.33,259.09,33.86,469.54,936.32,1708.13,0.0,292.67,93.48,408.63,368.13,776.76,570.66,930.09,42.89999999999999,-85.67,72.95,21.71,36.14288894709272,6.04,0.84,0.14,0.1,0.71,8.935434034416826,13.412884639898023,16.41082982791587,17.092181007010833,15.807347355003184,10.28,10.13,16.48,1.15,1.07,6,2016,-1.4928571428571473,560.3571428571428,78.45
2016-09-30,501.49,53.05,0.092787072243346,0.001990765888104313,132.07999999999998,72.11999999999999,96.26999999999998,8.95,429.3600000000001,67.17000000000002,177.93,266.58,35.89,485.32,952.89,1745.87,0.0,294.24,97.96,407.02,354.32,761.34,570.66,983.14,74.55,-47.08,-19.87,24.14999999999999,24.112464655984923,5.19,0.77,0.23,0.1,0.43,12.151072243346007,18.02489733840304,21.591148288973386,22.736866920152092,21.41364258555133,10.44,10.31,15.76,1.19,1.1,9,2016,1.1381987577639876,571.7391304347826,131.5
2016-12-31,466.80999999999995,21.569999999999993,0.03804729862154569,-0.0008490005993279704,93.32,27.24000000000001,54.53,11.6,439.55999999999995,19.289999999999992,177.59,238.3,39.8,460.51,985.29,1752.97,0.0,298.78,98.96,407.79,338.98,746.77,570.67,1004.71,60.79000000000002,-39.81999999999999,-21.32,27.290000000000006,76.2156606397775,6.59,0.74,0.27,0.1,0.37,4.920783955053242,7.220531782844449,8.590234533220093,9.018618932514533,8.584597896387272,8.91,8.78,13.7,1.13,1.03,12,2016,-0.48132045088567565,566.9259259259259,153.07
2017-03-31,441.06,23.71,0.04,0.11,100.05,34.45,60.75,10.2,406.61,31.77,151.26,229.53,43.25,430.97,1014.63,1732.28,0.0,283.84,94.02,388.92,318.96,707.89,570.66,1022.84,56.02,-54.07,-28.28,26.3,63.75,5.69,0.69,0.04,0.11,2.75,5.48,8.64,9.28,9.6,10.24,5.41,5.38,7.92,1.11,1.0,3,2017,65.2025,592.75,23.71
2017-06-30,470.14000000000004,20.689999999999998,0.03727927927927927,-0.007481981981981988,95.45,28.599999999999994,55.879999999999995,7.95,441.53999999999996,25.8,72.99,259.09,38.83,378.52,1031.53,1700.89,34.26,282.33,93.36,415.02,303.73,718.75,570.66,980.75,11.809999999999995,-32.98,-57.099999999999994,27.279999999999998,53.3164813919768,4.63,0.73,0.08,0.11,1.38,4.864945945945945,6.8966666666666665,8.443756756756757,8.667432432432433,9.133423423423423,4.9,4.87,7.31,0.91,0.82,6,2017,-4.152500000000003,555.0,44.4
2017-09-30,539.23,50.4,0.09037974683544304,0.0005221518987341738,134.16000000000003,65.41000000000001,93.32,7.8,473.81000000000006,63.13,86.79,271.55,41.03,407.72,1065.54,1766.74,33.56,319.4,85.09,450.06,284.0,734.06,570.66,1031.15,97.83999999999999,-54.55,-29.49000000000001,27.909999999999997,21.57452380952381,4.32,0.71,0.17,0.11,0.65,11.41974683544304,15.545316455696202,19.543291139240505,20.01113924050633,20.755443037974683,6.57,6.54,9.98,0.91,0.81,9,2017,0.29117647058823337,557.6470588235294,94.8
