,revenue,net_profit,eps,dps,gross_profit,ebit,ebitda,close_price,expense,operating_profit,cash,account_receivable,inventory,current_asset,property_plant_equipment,total_asset,short_term_loan,account_payable,current_portion_long_term_debt,current_liability,non_current_liability,total_liability,paid_in_capital,total_equity,cash_flow_operation,cash_flow_investment,cash_flow_financing,depreciation,P/E,P/BV,D/E,EPS,DPS,DPR%,ROA%,ROAA%,ROE%,ROAE%,ROCE%,NPM%,NPMA%,CurrentRatio,QuickRatio,month,year,dividend,number_of_shares,return_old
2012-06-30,,,,,,,,,,,151.39,21.36,0.0,316.81,26.87,5356.12,5.85,682.47,728.1,1614.39,2487.09,4101.48,380.6,1254.64,,,,,,0.0,3.27,0.46,0.0,0.0,,,,,,8.83,8.75,0.2,0.2,6,2012,,377.6086956521739,173.7
2012-09-30,95.5,14.939999999999998,0.03959923664122137,0.0,56.31999999999999,54.39000000000004,74.52000000000004,,41.100000000000136,42.629999999999995,108.55,16.43,0.0,1487.09,27.42,6271.42,6.31,837.86,713.8,2426.78,2559.0,4985.78,380.6,1285.64,1.2999999999999545,-759.44,715.29,20.130000000000003,0.0,0.0,3.88,0.5,0.0,0.0,0.9535496183206106,0.0,4.64736641221374,0.0,2.7561068702290075,9.2,9.06,0.61,0.61,9,2012,0.0,377.28,188.64
2012-12-31,132.32999999999993,24.650000000000006,0.06125228562051668,0.0,76.91000000000003,67.85999999999996,97.25,36.5,64.47000000000003,53.94999999999999,1095.4,20.69,0.0,3430.53,26.23,8297.51,4.32,645.4,986.08,2385.89,2869.63,5255.53,510.0,3041.98,-1713.47,345.5,2238.31,29.39,148.9785223123732,6.12,1.73,0.53,0.0,0.0,1.1880632003375688,0.0,3.240592620376015,0.0,3.143513526185007,9.83,9.64,1.44,1.44,12,2012,0.0,402.4339622641509,213.29
2013-03-31,2164.49,121.91,0.2,0.1,180.4,181.49,213.11,53.25,1983.0,159.9,97.91,18.48,0.0,2177.38,30.23,7215.31,200.0,748.31,89.58,2655.1,1576.44,4231.54,510.0,2983.77,-36.6,463.32,-1307.55,31.62,66.5625,9.1,1.42,0.2,0.1,0.5,6.76,0.0,16.36,0.0,15.92,5.69,5.63,0.82,0.82,3,2013,60.955,609.55,121.91
2013-06-30,125.42000000000007,22.189999999999998,0.03695766828591256,0.01847883414295628,72.22999999999999,60.620000000000005,86.32,46.75,64.79999999999995,41.71000000000001,83.63,17.93,0.0,1851.8,30.22,8678.33,0.0,1217.83,132.14,3050.13,2690.29,5740.42,612.0,2937.91,-94.16,-939.56,1019.4499999999999,25.7,316.23748310049575,9.74,1.95,0.24,0.12,0.51,1.022495489243581,2.1250659264399725,3.018209576682859,4.2316530187369885,2.6486328938237333,6.41,6.29,0.61,0.61,6,2013,11.094999999999999,600.4166666666666,144.1
2013-09-30,157.78999999999996,29.849999999999994,0.03260419660822075,0.10130209830411036,95.14999999999998,79.20999999999998,112.90999999999997,41.0,78.58000000000015,61.360000000000014,183.17,59.51,0.0,3609.39,36.53,12005.88,798.49,1423.74,78.93,3973.04,5111.33,9084.37,917.99,2921.51,338.41999999999996,-3298.54,3063.98,33.699999999999996,314.37747487437184,12.88,3.11,0.19,0.18,0.94,0.9952860017246334,2.4161425697039376,4.084104627766599,5.676562230526012,2.7456165564817474,7.28,7.11,0.91,0.91,9,2013,92.74473684210524,915.5263157894736,173.95
2013-12-31,4721.27,1289.51,1.4010091837153047,0.0009560687829203771,1596.91,1573.8700000000001,1620.2900000000002,28.0,3147.3999999999996,1549.96,319.82,48.25,0.0,3331.82,43.44,11048.86,198.69,1123.15,91.15,2529.75,4365.31,6895.06,917.99,4153.79,5.990000000000009,2022.1000000000001,-1891.44,46.42,4.9963805243852315,6.19,1.66,1.59,0.18,0.11,46.7003061238435,69.0459620351769,124.16994601834008,143.37875117871346,78.42126877400133,20.65,20.41,1.32,1.32,12,2013,0.8799801390268271,920.4150943396227,1463.46
2014-03-31,148.66,31.72,0.030000000000000002,0.0,78.8,80.89,110.32,31.25,67.77,50.93,77.21,32.79,0.0,3280.49,48.61,11580.13,198.67,1210.94,177.09,2718.43,4688.05,7406.48,917.99,4173.65,-58.44,-671.25,487.08,29.43,260.4175,6.87,1.77,0.03,0.0,0.0,1.08,3.44,3.04,3.56,3.64,27.35,21.34,1.21,1.21,3,2014,0.0,1057.3333333333333,31.72
2014-06-30,152.47,27.990000000000002,0.02812594205325741,0.71,84.7,79.39999999999999,110.91,32.75,73.07000000000001,50.50000000000001,483.54,36.91,0.0,3663.49,47.83,13255.39,792.58,1015.72,126.55,2836.48,6874.6,9711.08,963.89,3544.3,66.92999999999999,-1700.9,2040.31,31.509999999999998,291.0995828867453,8.91,2.74,0.06,0.71,11.83,0.8437782615977224,2.7375916931837216,3.15010550996483,3.450115558532909,2.887596717467761,25.15,19.83,1.29,1.29,6,2014,706.5683333333334,995.1666666666667,59.71
2014-09-30,179.92000000000002,5.240000000000002,0.005647421093148579,-0.05150551706440866,85.94999999999999,85.67000000000002,134.45000000000002,39.25,94.25,51.44,98.27,93.77,0.0,3941.82,58.76,16628.02,1546.03,629.62,702.94,3771.62,9272.06,13043.68,963.89,3584.34,-22.22,-4019.11,3656.0499999999997,48.78,1737.505462786259,10.55,3.64,0.07,0.71,10.14,0.12585681293302545,0.5550608160123174,0.5841046959199386,0.6454195535026945,0.6163756735950733,17.0,13.5,1.05,1.05,9,2014,-47.78976190476203,927.8571428571428,64.95
2014-12-31,4576.639999999999,913.67,0.9523036520815026,0.023365613969525613,1369.33,1251.54,1320.87,31.5,3325.1,1182.5700000000002,370.94,103.85,0.0,5682.18,66.84,15952.03,250.0,597.44,393.17,2931.07,8540.9,11471.96,963.89,4480.07,17.740000000000002,1791.7800000000007,-1536.8599999999997,69.33000000000001,8.268791139032693,6.78,2.56,1.02,0.71,0.7,22.89263289121416,41.415872555230834,81.56200690768632,84.66166193210849,42.947027446812854,20.02,19.35,1.94,1.94,12,2014,22.417703081232503,959.4313725490196,978.62
2015-03-31,548.2,-4.55,0.0,,-93.09,213.02,334.43,31.5,335.18,-174.94,4093.86,317.23,15585.87,29074.69,1814.11,82117.79,250.0,2277.26,2751.12,17968.45,47612.63,65581.09,1314.4,13433.25,-76.76,-30348.42,30262.23,121.41,0.0,3.08,4.88,0.0,0.0,0.0,-0.04,1.8,-0.12,-0.2,1.32,-2.86,-0.83,1.62,0.75,3,2015,,-inf,-4.55
2015-06-30,2023.0800000000002,226.08,0.03061616936758001,,983.0300000000001,1044.89,1261.37,4.0,978.2,656.63,2911.82,369.53,16274.91,32210.81,2001.18,82288.36,1036.08,3307.62,7849.48,15231.11,50105.32,65336.43,1314.4,13773.91,70.93,-5868.6600000000035,8501.670000000002,216.48,32.66166279635527,3.82,4.74,0.03,0.0,0.0,1.1021820972328804,10.736070058231391,6.57227102424051,10.450319144133978,7.674453121473389,12.34,8.62,2.11,1.05,6,2015,,7384.333333333334,221.53
2015-09-30,1335.6499999999996,-52.74000000000001,-0.0031245926891403522,0.0,601.04,676.1599999999999,837.99,3.16,659.4799999999998,407.33,1048.62,364.68,16649.34,28147.24,2029.46,79258.99,1741.96,2599.75,9380.78,17361.32,45203.38,62564.7,1314.4,13473.38,-851.0699999999999,1586.1699999999983,-2597.6699999999983,161.83000000000004,-252.83295411452403,3.08,4.64,0.01,0.0,0.0,-0.26246578588778957,-5.036843414894248,-1.5622963445701763,-2.4746774097991593,-3.89949167604716,5.9,4.32,1.62,0.66,9,2015,0.0,16879.0,168.79
2015-12-31,9195.22,1784.94,0.1461770050109278,0.0,2515.4,2604.17,2879.09,2.86,6591.05,1984.0500000000002,2554.72,345.83,15425.27,26232.63,3842.14,79095.08,1693.19,3381.07,14889.07,20902.01,36534.34,57436.35,1432.23,18655.77,1857.13,2167.3700000000026,-2511.8600000000006,274.91999999999996,4.892698410030589,2.2,3.08,0.16,0.0,0.0,9.026430059424793,34.89975994635902,38.26183106161036,61.72324036586427,28.50451597713092,17.08,14.91,1.26,0.52,12,2015,0.0,12210.8125,1953.73
2016-03-31,1723.46,119.92,0.01,0.0,492.47,765.41,920.59,3.12,958.05,212.29,1122.97,385.52,15474.98,26033.97,3802.49,78198.29,2483.42,2926.58,20950.28,28964.35,29719.15,58683.51,1432.24,18931.44,-909.42,550.87,-1039.11,155.18,78.0,2.36,3.1,0.01,0.0,0.0,0.6,3.8000000000000003,2.52,2.96,6.2,10.25,6.96,0.9,0.36,3,2016,0.0,11992.0,119.92
2016-06-30,1984.0900000000001,334.5,0.02208309493420184,0.0,595.5999999999999,948.63,1105.21,3.12,1035.46,333.82000000000005,1489.34,548.64,15487.97,26731.44,3857.9,78901.78,2339.17,2798.77,19785.21,27145.43,31985.54,59130.97,1432.24,19132.63,291.37,-850.61,905.1299999999999,156.57999999999998,35.321136023916296,2.34,3.09,0.03,0.0,0.0,1.7077593415782755,6.271598961313322,7.007702125786716,8.126578935786275,9.746005897627745,17.89,12.26,0.98,0.41,6,2016,0.0,15147.333333333334,454.42
2016-09-30,1628.4799999999996,42.56,0.002569117469515876,0.0,678.4300000000001,720.9900000000002,856.1299999999999,3.12,907.49,392.66999999999996,2557.3,469.94,15413.16,27765.21,3850.89,80519.15,6654.62,2045.99,11875.09,22925.12,37761.48,60686.6,1432.24,19156.38,-275.9000000000001,-834.8599999999999,2179.87,135.14,303.6062030075188,2.33,3.17,0.03,0.0,0.0,0.21238037747997907,1.0447744376031227,0.8872018994728157,1.0447744376031227,1.4489822528069543,12.94,9.31,1.21,0.54,9,2016,0.0,16566.0,496.98
2016-12-31,13988.940000000002,2401.18,0.16570375686642558,0.0,4639.44,3980.02,4144.030000000001,2.96,10008.92,3971.88,2635.4,442.79,14648.45,22059.46,3831.91,74783.64,3648.92,2451.62,8342.36,15413.74,37407.63,52821.37,1432.24,21429.4,-687.3899999999999,11302.15,-10537.08,164.01,4.465800981184251,1.98,2.46,0.2,0.0,0.0,12.858611532834626,27.639386645319785,44.80629585668148,47.921526485770286,35.82515223452121,16.26,15.0,1.43,0.48,12,2016,0.0,14490.8,2898.16
2017-03-31,1365.13,80.78,0.01,0.0,451.56,519.7,644.23,3.14,845.43,125.15,2698.93,520.13,14921.61,21923.79,3870.56,73627.96,2849.33,2257.77,10004.53,16495.44,35096.65,51592.09,1432.24,21489.01,-475.72,1852.98,-1312.92,124.53,78.5,2.09,2.4,0.01,0.0,0.0,0.44,2.72,1.5199999999999998,1.6,3.64,8.32,5.92,1.33,0.42,3,2017,0.0,8078.0,80.78
2017-06-30,3407.7,972.3600000000001,0.06463072336061683,0.15,1314.67,1691.55,1833.3600000000001,3.16,1716.15,847.11,3631.25,464.06,14261.88,22413.36,3925.38,74564.23,297.27,2887.88,6822.92,10445.8,37533.46,47979.26,1432.24,20395.93,746.6600000000001,-278.29999999999995,465.7500000000001,141.80999999999997,12.222515220700153,2.22,2.35,0.07,0.15,2.19,5.207389710769698,10.636370473061511,19.056830430901876,19.684671743547867,12.741485462521604,29.8,22.07,2.15,0.78,6,2017,2256.7285714285713,15044.857142857143,1053.14
2017-09-30,2149.51,505.8499999999999,0.03569201855047177,-0.009231388820417614,558.21,1146.23,1267.8799999999997,3.56,1003.2800000000002,246.6300000000001,1757.71,493.95,14019.46,20546.19,4266.16,74147.48,3084.14,2776.11,3235.89,9506.88,37217.43,46724.31,1432.24,21056.9,212.64,-810.2600000000001,-1285.48,121.65000000000003,24.932745082534353,2.42,2.22,0.11,0.15,1.4,2.72557232567239,5.632849473056273,9.604397719036042,10.058659773314773,6.736057319161764,32.59,22.52,2.16,0.69,9,2017,-130.83311688311687,14172.636363636364,1558.99
