,revenue,net_profit,eps,dps,gross_profit,ebit,ebitda,close_price,allowance_doubtful_accounts,expense,operating_profit,cash,account_receivable,inventory,current_asset,property_plant_equipment,total_asset,short_term_loan,account_payable,current_portion_long_term_debt,current_liability,non_current_liability,total_liability,paid_in_capital,total_equity,cash_flow_operation,cash_flow_investment,cash_flow_financing,depreciation,P/E,P/BV,D/E,EPS,ROA%,ROAA%,ROE%,ROAE%,ROCE%,NPM%,NPMA%,CurrentRatio,QuickRatio,month,year,dividend,number_of_shares,return_old
2000-03-31,47.09,-0.51,-0.07,0.0,10.05,0.62,4.41,9.5,0.0,46.47,0.42,5.36,34.59,86.47,154.26,107.89,319.78,79.2,26.38,0.0,111.57,0.0,111.57,70.0,180.53,-20.94,-6.14,10.13,3.79,-33.9275,3.68,0.62,-0.07,-0.64,0.0,-1.12,0.0,1.2,-1.09,-1.08,1.38,0.61,3,2000,0.0,7.285714285714286,-0.51
2000-06-30,79.11,2.12,0.3028571428571429,0.0,12.71,4.36,8.18,9.5,0.0,74.75,2.02,4.34,58.25,69.92,158.85,119.57,336.03,75.41,30.58,0.0,114.52,0.0,114.52,70.0,188.89,4.550000000000001,-3.29,-2.280000000000001,3.8200000000000003,7.841155660377358,3.52,0.61,0.23,2.528198757763975,0.0,4.477018633540373,0.0,11.850931677018632,1.3,1.28,1.39,0.78,6,2000,0.0,7.0,1.61
2000-09-30,47.93999999999998,-2.0100000000000002,-0.30150000000000005,0.0,8.66,-1.5200000000000005,1.75,10.0,0.0,49.44999999999999,-1.73,1.88,36.36,74.2,138.06,116.75,312.42,53.48,29.26,1.57,90.72,3.18,93.9,70.0,186.74,-4.759999999999998,-0.7599999999999998,3.0600000000000005,3.2700000000000005,-8.292039800995022,3.75,0.5,-0.06,-2.6130000000000004,0.0,-4.221,0.0,31.356,-0.23,-0.23,1.52,0.7,9,2000,0.0,6.666666666666667,-0.4
2000-12-31,40.53,-4.89,-0.6932892249527409,0.0,8.75,-4.43,-1.0700000000000003,9.0,0.0,44.97,0.99,4.8,29.57,90.14,148.15,113.22,312.45,53.28,35.27,1.6,97.13,2.77,99.9,70.0,181.71,-1.6700000000000017,2.869999999999999,1.7300000000000004,3.3599999999999994,-3.2453987730061353,3.47,0.55,-0.75,-6.248846880907372,0.0,-10.75984877126654,0.0,-1.6638941398865785,-2.51,-2.46,1.53,0.6,12,2000,0.0,7.053333333333334,-5.29
2001-03-31,33.04,-1.37,-0.2,0.0,6.39,-1.02,2.22,5.0,0.0,34.06,-1.23,6.73,25.73,78.96,130.41,109.73,298.24,48.66,31.31,1.65,85.7,2.33,88.02,70.0,180.2,10.48,-3.54,-5.01,3.24,-6.249999999999999,1.94,0.49,-0.2,-1.84,-1.32,-3.04,-3.04,-1.92,-4.19,-4.15,1.52,0.6,3,2001,0.0,6.8500000000000005,-1.37
2001-06-30,46.96,-1.0099999999999998,-0.14428571428571427,0.0,6.44,-0.3799999999999999,2.85,9.0,0.0,47.33,-1.6600000000000001,3.31,40.58,95.87,159.57,106.38,324.3,67.23,39.36,1.68,113.9,1.9,115.8,70.0,179.31,-21.34,-0.29000000000000004,18.2,3.2299999999999995,-15.593712871287131,3.51,0.65,-0.34,-1.239159663865546,-0.7129411764705881,-2.257647058823529,-2.1897478991596637,-1.137310924369748,-3.04,-2.98,1.4,0.56,6,2001,0.0,6.999999999999999,-2.38
2001-09-30,42.31999999999999,0.8599999999999999,0.12447368421052629,0.0,8.97,1.88,-4.59,10.5,0.0,40.45,1.37,2.96,34.38,107.04,164.55,103.2,322.46,69.25,34.94,1.57,112.73,1.59,114.32,70.0,179.77,-5.280000000000001,3.23,1.7100000000000009,-6.47,21.090000000000003,4.09,0.64,-0.22,1.0636842105263156,-0.33947368421052626,1.9236842105263157,1.8784210526315785,-0.5205263157894736,-1.27,-1.24,1.46,0.51,9,2001,0.0,6.909090909090909,-1.52
2001-12-31,54.31999999999999,-1.4500000000000002,-0.20505050505050507,0.0,8.55,-2.64,9.73,10.5,0.0,56.97,-2.7899999999999996,19.44,48.04,89.93,158.45,100.08,313.25,75.85,23.71,1.75,108.65,1.0,109.65,70.0,178.19,-7.509999999999998,0.06999999999999995,6.08,12.37,-12.801724137931032,4.12,0.62,-0.42,-1.8552188552188553,-1.3474747474747475,-3.2612794612794618,-3.2222222222222223,-2.0700336700336703,-1.71,-1.68,1.46,0.63,12,2001,0.0,7.071428571428572,-2.97
2002-03-31,36.24,-1.0,-0.14,0.0,6.31,-0.24,2.04,8.9,0.0,36.48,-0.56,19.53,26.03,85.39,132.62,98.22,285.55,70.74,5.91,1.78,82.96,0.55,83.51,70.0,177.15,6.14,-0.49,-5.56,2.28,-15.8925,3.52,0.47,-0.14,-1.4,-0.32,-2.24,-2.24,-0.48,-2.78,-2.76,1.6,0.57,3,2002,0.0,7.142857142857142,-1.0
2002-06-30,35.12,-2.04,-0.29526315789473684,0.0,5.03,-1.27,1.1099999999999999,5.3,0.0,36.38,-2.12,18.96,27.34,74.54,122.47,103.49,277.16,63.28,7.41,1.81,77.52,0.08,77.61,70.0,175.06,10.899999999999999,-4.16,-7.320000000000001,2.3800000000000003,-4.489215686274511,2.12,0.44,-0.44,-2.9526315789473685,-1.342105263157895,-4.670526315789473,-4.616842105263157,-2.04,-4.33,-4.26,1.58,0.62,6,2002,0.0,6.909090909090909,-3.04
2002-09-30,53.239999999999995,-2.91,-0.41571428571428576,0.0,4.390000000000001,-1.93,0.43000000000000016,7.9,0.0,55.19000000000001,-3.9099999999999997,31.44,33.7,71.5,138.61,101.12,290.93,51.36,35.52,1.45,94.35,0.0,94.35,70.0,172.12,25.58,-0.08000000000000007,-13.01,2.3599999999999994,-4.748754295532645,3.21,0.55,-0.85,-4.010420168067227,-2.191058823529412,-6.768806722689075,-6.612302521008403,-3.423529411764706,-4.9,-4.78,1.47,0.71,9,2002,0.0,7.0,-5.95
2002-12-31,43.629999999999995,-2.79,-0.3990274599542334,0.0,4.039999999999999,-2.36,0.0,6.5,0.0,45.97999999999999,-2.1799999999999997,21.61,31.64,60.46,115.11,98.73,265.08,53.24,10.8,1.0,71.82,0.0,71.82,70.0,169.29,-11.339999999999996,-0.05999999999999961,1.5700000000000003,2.360000000000001,-4.0724014336917564,2.69,0.42,-1.25,-4.213729977116705,-2.566544622425629,-6.588741418764302,-6.422745995423341,-3.830663615560641,-5.3,-5.2,1.6,0.76,12,2002,0.0,6.992,-8.74
2003-03-31,43.03,-4.88,-0.7,0.0,2.97,-4.57,-2.22,6.5,0.0,47.6,-4.66,31.95,30.86,71.56,136.57,97.5,285.3,48.99,43.28,0.0,96.92,0.55,97.47,70.0,164.36,16.24,-1.2,-4.71,2.35,-2.3225,2.77,0.59,-0.7,-6.839999999999999,-6.4,-11.88,-11.440000000000001,-9.72,-11.36,-11.34,1.41,0.67,3,2003,0.0,6.9714285714285715,-4.88
2003-06-30,48.06,0.6499999999999995,0.0921985815602836,0.0,7.67,1.1100000000000003,3.5100000000000002,7.9,0.0,46.949999999999996,-0.3099999999999996,16.46,41.65,65.24,124.8,96.19,272.2,61.77,17.24,0.08,84.26,0.0,84.26,70.0,164.98,-27.33,-0.6799999999999999,12.530000000000001,2.4,21.426576923076944,3.35,0.51,-0.6,0.9527186761229306,0.7744680851063823,1.5735224586288403,1.5304964539007078,1.1309692671394789,-4.72,-4.64,1.48,0.71,6,2003,0.0,7.050000000000001,-4.23
2003-09-30,44.84,2.4200000000000004,0.34762430939226524,0.0,8.509999999999998,2.74,5.18,7.25,0.0,42.10000000000001,0.6499999999999995,19.51,37.37,62.56,121.18,94.2,266.6,49.47,21.24,0.0,76.79,0.0,76.79,70.0,167.35,15.59,0.04999999999999982,-12.600000000000001,2.4400000000000004,5.213099173553719,3.03,0.46,-0.26,3.636685082872929,1.390497237569061,5.775911602209946,5.722430939226521,2.032265193370166,-1.37,-1.33,1.58,0.76,9,2003,0.0,6.961538461538462,-1.81
2003-12-31,38.20999999999998,-1.2999999999999998,-0.18392282958199357,0.0,6.280000000000001,-1.1400000000000001,1.3100000000000005,10.5,0.0,39.34,-1.0099999999999998,13.15,33.54,78.79,142.99,91.63,285.84,1.26,43.32,0.0,97.86,0.0,97.86,70.0,166.01,9.9,0.040000000000000036,-1.21,2.45,-14.270115384615387,4.43,0.59,-0.44,-1.822508038585209,-1.1369774919614148,-3.126688102893891,-3.1099678456591637,-1.6553054662379418,-1.83,-1.79,1.46,0.66,12,2003,0.0,7.0681818181818175,-3.11
2004-03-31,44.82,0.75,0.11,0.0,8.86,1.61,3.95,10.2,0.0,43.21,1.24,15.0,37.66,84.38,138.69,89.22,279.37,68.73,17.85,0.0,91.19,0.0,91.19,70.0,166.72,-33.5,-0.02,20.29,2.34,23.1825,4.28,0.55,0.11,1.08,2.28,1.7999999999999998,1.7999999999999998,3.4400000000000004,1.69,1.67,1.52,0.6,3,2004,0.0,6.818181818181818,0.75
2004-06-30,47.07,-0.17000000000000004,-0.023448275862068973,0.0,8.620000000000001,0.30999999999999983,2.63,8.2,0.0,46.74999999999999,0.56,13.79,43.87,59.04,118.49,86.85,256.8,53.42,9.07,0.0,69.32,0.0,69.32,70.0,166.51,13.95,-0.030000000000000002,-15.129999999999999,2.3200000000000003,-87.42647058823526,3.45,0.42,0.08,-0.2696551724137932,-0.8558620689655174,-0.410344827586207,-0.410344827586207,-1.1958620689655177,0.63,0.63,1.71,0.86,6,2004,0.0,7.249999999999999,0.58
2004-09-30,47.83999999999999,0.84,0.11830985915492957,0.0,9.3,1.5899999999999999,3.9000000000000004,8.3,0.0,46.260000000000005,1.24,35.32,41.36,81.75,161.28,84.5,295.28,47.15,52.9,0.0,107.48,0.0,107.48,70.0,167.31,25.580000000000002,2.21,-6.2700000000000005,2.3099999999999996,17.538690476190478,3.47,0.64,0.2,1.1357746478873239,2.9577464788732395,2.011267605633803,2.011267605633803,4.424788732394367,1.02,1.02,1.5,0.74,9,2004,0.0,7.1,1.42
2004-12-31,55.91,4.88,0.6971428571428572,0.0,12.089999999999996,5.65,7.93,7.5,0.0,50.25999999999999,4.04,10.04,45.21,61.03,127.72,91.2,264.26,47.01,12.08,0.0,68.15,0.0,68.15,70.0,171.92,-16.13,0.1299999999999999,-0.1399999999999999,2.2800000000000002,2.688473360655738,3.05,0.4,0.9,7.374222222222222,10.317714285714287,11.340190476190477,11.557079365079366,14.469587301587302,3.26,3.22,1.87,0.98,12,2004,0.0,7.0,6.3
2005-03-31,52.16,2.64,0.38,0.0,11.91,3.2,5.47,8.0,0.0,48.96,3.15,34.64,43.72,117.78,201.11,88.72,335.17,68.67,62.66,0.0,136.91,0.0,136.91,70.0,174.44,-5.69,-0.03,21.18,2.27,5.2625,3.21,0.78,0.38,3.16,4.16,6.04,6.200000000000001,6.44,5.07,5.06,1.47,0.61,3,2005,0.0,6.947368421052632,2.64
2005-06-30,68.55,0.73,0.10397626112759643,0.0,13.75,1.2599999999999998,3.490000000000001,8.0,0.0,67.28999999999999,1.2399999999999998,17.04,54.92,125.4,219.44,86.27,351.04,102.85,42.78,0.0,153.03,0.0,153.03,70.0,175.05,-30.13,-0.010000000000000002,31.700000000000003,2.23,19.23900684931507,3.2,0.87,0.48,0.8318100890207714,1.2737091988130562,1.6722848664688428,1.7069436201780415,1.9495548961424332,2.79,2.79,1.43,0.61,6,2005,0.0,7.020833333333334,3.37
2005-09-30,64.23,2.13,0.3059454545454545,0.0,11.330000000000002,3.8199999999999994,6.039999999999999,8.4,0.0,60.41,3.8,20.35,55.87,91.14,167.96,83.88,297.18,82.31,6.92,0.0,97.4,0.0,97.4,70.0,177.06,2.6899999999999977,-0.07999999999999999,-17.57,2.2199999999999998,6.862089201877935,3.32,0.55,0.79,2.865818181818182,4.337454545454545,4.817672727272726,4.941599999999999,6.413236363636363,2.98,2.97,1.72,0.79,9,2005,0.0,6.962025316455696,5.5
2005-12-31,69.86000000000001,5.050000000000001,0.7227962085308057,0.0,14.509999999999998,6.74,8.93,8.2,0.0,63.110000000000014,7.18,10.77,68.53,74.89,154.63,81.62,281.34,44.31,22.61,0.0,76.84,0.0,76.84,70.0,181.98,28.630000000000003,-0.18,-38.03,2.1900000000000004,2.8359653465346533,3.15,0.42,1.51,7.180094786729858,10.549952606635072,11.10521327014218,11.411563981042654,14.053838862559243,4.14,4.14,2.01,1.04,12,2005,0.0,6.986754966887418,10.55
2006-03-31,89.44,3.7,0.53,0.0,10.9,5.36,7.49,14.0,0.0,84.08,3.55,14.61,86.87,107.53,213.76,79.7,338.55,65.77,57.4,0.0,130.64,0.0,130.64,70.0,185.56,-17.69,-0.45,21.98,2.13,6.605,5.28,0.7,0.53,4.36,6.36,7.96,8.24,10.32,4.22,4.14,1.64,0.81,3,2006,0.0,6.981132075471698,3.7
2006-06-30,57.5,-0.6300000000000003,-0.09029315960912057,0.0,7.9,0.4399999999999995,2.619999999999999,10.1,0.0,57.05999999999999,0.3400000000000003,16.5,73.73,86.11,177.46,42.37,300.69,78.93,8.21,0.0,93.69,0.0,93.69,70.0,184.81,-9.899999999999999,-0.8500000000000001,12.639999999999997,2.1799999999999997,-27.958928571428554,3.83,0.51,0.44,-0.837263843648209,-1.4611074918566784,-1.3626058631921831,-1.4036482084690562,-2.298371335504887,2.12,2.09,1.89,0.98,6,2006,0.0,6.977272727272727,3.07
2006-09-30,44.599999999999994,-0.77,-0.11047826086956523,0.0,6.09,-0.040000000000000036,2.17,8.8,0.0,44.650000000000006,-1.8600000000000003,11.26,41.42,74.33,127.77,40.79,249.0,24.94,11.35,0.0,43.07,0.0,43.07,70.0,183.92,49.230000000000004,-0.47,-54.0,2.21,-19.91590909090909,3.35,0.23,0.33,-1.2320000000000002,-2.8255652173913046,-1.6739130434782612,-1.7006956521739132,-3.7495652173913046,1.22,1.2,2.97,1.24,9,2006,0.0,6.969696969696969,2.3
2006-12-31,68.64000000000001,-0.3599999999999999,-0.051958762886597926,0.0,6.969999999999999,-0.05999999999999961,2.08,7.55,0.0,68.70000000000002,-1.0299999999999998,21.33,56.64,98.81,179.34,38.89,298.27,20.02,65.21,0.0,92.99,0.0,92.99,70.0,183.44,15.049999999999997,-0.07000000000000006,-4.91,2.1400000000000006,-36.32111111111112,2.88,0.51,0.28,-0.4824742268041236,-1.4622680412371127,-0.78680412371134,-0.78680412371134,-2.0635051546391745,0.76,0.75,1.93,0.87,12,2006,0.0,6.928571428571428,1.94
2007-03-31,56.47,-2.97,-0.42,0.0,4.96,-1.99,-0.61,7.25,0.0,58.45,-3.36,29.96,56.57,80.76,167.86,36.35,286.17,70.17,8.75,0.0,84.14,0.0,84.14,70.0,180.35,-42.49,0.0,51.13,1.38,-4.315,2.81,0.47,-0.42,-4.16,-2.56,-6.6,-6.4799999999999995,-3.96,-5.39,-5.26,2.0,1.04,3,2007,0.0,7.071428571428572,-2.97
2007-06-30,43.769999999999996,-2.5399999999999996,-0.3641742286751361,0.0,5.1499999999999995,-1.6900000000000002,-0.30000000000000004,7.8,0.05,45.47,-2.3300000000000005,10.76,45.69,125.15,182.13,35.37,298.9,27.37,65.78,0.0,99.69,0.0,99.69,70.0,177.68,24.650000000000002,-0.09,-43.77,1.3900000000000001,-5.352726377952756,3.07,0.56,-0.79,-3.3928130671506347,-2.2680217785843917,-5.7161524500907435,-5.605517241379309,-3.4112522686025404,-5.61,-5.5,1.83,0.57,6,2007,0.0,6.9746835443037964,-5.51
2007-09-30,38.55,-4.23,-0.6036652977412731,0.0,3.7200000000000006,-3.7399999999999998,-2.36,7.6,0.0,42.290000000000006,-4.489999999999999,17.38,33.58,117.12,171.73,34.55,287.11,78.69,7.14,0.0,92.44,0.0,92.44,70.0,173.32,-45.0,-0.24000000000000002,51.86,1.3800000000000003,-3.148806146572104,3.07,0.53,-1.39,-5.88899383983573,-4.811950718685831,-9.762874743326488,-9.467556468172486,-6.618603696098563,-7.16,-7.02,1.86,0.59,9,2007,0.0,7.007194244604317,-9.74
2007-12-31,46.73000000000002,-3.619999999999999,-0.5175299401197604,0.0,4.540000000000001,-2.42,-1.0399999999999996,5.4,0.0,49.150000000000006,-3.08,11.6,36.96,109.32,159.78,33.5,273.28,56.15,18.87,0.0,82.52,0.0,82.52,70.0,169.59,17.110000000000007,0.23,-23.119999999999997,1.38,-2.611104972375691,2.23,0.49,-1.91,-5.299940119760477,-3.728383233532934,-8.540598802395209,-8.204610778443113,-5.592574850299401,-7.36,-7.2,1.94,0.61,12,2007,0.0,6.994764397905759,-13.36
2008-03-31,41.25,0.19,0.02,0.0,6.84,1.14,2.42,5.95,0.0,40.11,-0.58,10.71,35.19,131.36,181.72,34.1,295.12,62.55,36.07,0.0,104.45,0.0,104.45,70.0,169.66,-6.31,-1.58,7.01,1.28,74.375,2.45,0.62,0.02,0.24,1.56,0.44,0.44,2.4,0.48,0.46,1.74,0.48,3,2008,0.0,9.5,0.19
2008-06-30,42.120000000000005,-12.67,-1.827403846153846,0.0,3.8499999999999996,-11.43,-10.1,6.5,0.0,53.55,-10.03,10.81,44.16,132.24,191.55,33.66,304.06,103.19,18.22,0.0,126.35,0.0,126.35,70.0,156.87,-38.19,-0.5699999999999998,38.85,1.3299999999999998,-0.8889660615627466,2.9,0.81,-1.8,-16.649679487179483,-13.847660256410258,-32.32474358974359,-30.29429487179487,-23.51259615384615,-15.03,-14.97,1.52,0.47,6,2008,0.0,6.933333333333334,-12.48
2008-09-30,54.79999999999998,-2.1500000000000004,-0.310082023239918,0.0,7.9,-0.5,0.75,9.0,0.0,55.31,-0.17999999999999972,11.04,44.44,118.73,176.1,33.41,287.85,94.87,12.19,0.0,112.59,0.0,112.59,70.0,154.59,7.659999999999997,-0.18999999999999995,-7.240000000000002,1.25,-7.263965116279068,4.08,0.73,-2.11,-2.986192754613808,-2.2043745727956257,-5.5609022556391,-5.243472317156528,-3.621052631578948,-10.62,-10.59,1.56,0.51,9,2008,0.0,6.9336492890995265,-14.63
2008-12-31,28.03,-28.129999999999995,-4.01951122544434,0.0,-10.45,-26.25,-25.0,6.3,0.0,54.27000000000001,-11.120000000000001,10.4,34.29,110.94,158.04,32.57,268.43,116.12,0.96,0.0,121.59,0.0,121.59,70.0,126.34,-21.029999999999994,-0.6699999999999999,21.060000000000002,1.2500000000000004,-0.3914219694276574,3.49,0.96,-6.11,-41.918699719363886,-35.99797942001871,-89.07394761459307,-76.04836295603366,-66.36469597754909,-25.8,-25.73,1.3,0.39,12,2008,0.0,6.99836333878887,-42.76
2009-03-31,19.04,-8.36,-1.19,0.0,2.21,-7.55,-6.37,4.8,0.0,26.59,-0.34,11.1,22.73,100.83,135.99,32.3,244.03,102.86,0.94,0.0,106.64,0.0,106.64,70.0,117.86,15.05,-0.68,-13.67,1.18,-1.0075,2.85,0.9,-1.19,-13.72,-11.2,-28.36,-23.280000000000005,-22.0,-44.12,-43.91,1.28,0.33,3,2009,0.0,7.025210084033613,-8.36
2009-06-30,16.96,-9.36,-1.3363882618510157,0.0,-2.41,-7.97,-6.86,6.0,0.0,24.930000000000003,-14.0,10.95,19.4,87.33,118.29,31.99,225.59,94.17,0.9,0.0,97.87,0.0,97.87,70.0,108.38,8.79,-0.66,-8.28,1.11,-1.1216987179487181,3.88,0.9,-2.53,-16.586004514672688,-12.381399548532732,-34.545372460496615,-28.2279006772009,-25.67133182844244,-49.87,-49.22,1.21,0.32,6,2009,0.0,7.003952569169961,-17.72
2009-09-30,25.799999999999997,-18.43,-2.6306721991701245,0.0,-8.930000000000001,-17.16,-15.969999999999999,7.0,0.0,42.96,-16.87,10.84,22.0,57.19,90.43,31.34,196.65,81.54,2.53,0.0,87.68,0.0,87.68,70.0,89.82,12.779999999999998,-0.26,-12.629999999999999,1.19,-0.6669017905588714,5.46,0.98,-5.16,-37.48198063623789,-27.50989764868603,-82.08105117565698,-60.321925311203316,-61.15803042876901,-58.67,-58.5,1.03,0.38,9,2009,0.0,7.005813953488372,-36.15
2009-12-31,27.42,-7.940000000000005,-1.134542980267635,0.0,0.5100000000000016,-6.920000000000002,-5.790000000000003,5.0,0.0,34.33999999999999,9.830000000000002,10.5,22.7,37.76,71.38,30.46,153.41,69.83,3.23,0.0,75.56,0.0,75.56,70.0,67.89,11.440000000000005,-0.06999999999999984,-11.719999999999999,1.1300000000000003,-1.0966971032745587,5.16,1.11,-6.3,-20.702708097074176,-13.520870945792705,-46.77918802449537,-32.70365162168294,-36.643937400771165,-49.56,-49.42,0.94,0.44,12,2009,0.0,6.998412698412699,-44.09
2010-03-31,25.38,0.59,0.08,0.0,7.77,1.48,2.46,5.0,0.0,23.9,0.98,10.77,20.38,46.1,77.56,29.68,158.65,68.18,9.95,0.0,80.28,0.0,80.28,70.0,68.48,1.62,-0.01,-1.35,0.98,15.625,5.11,1.17,0.08,1.48,2.96,3.44,2.52,7.56,2.37,2.32,0.97,0.39,3,2010,0.0,7.374999999999999,0.59
2010-06-30,22.06,-7.93,-1.1344005449591281,0.0,0.16000000000000014,-7.039999999999999,-6.04,5.0,0.0,29.1,-7.02,0.68,18.56,44.85,64.5,29.16,144.88,76.5,5.15,0.0,84.32,0.0,84.32,70.0,60.56,-7.82,-10.3,8.03,1.0,-1.1014627994955863,5.78,1.39,-1.05,-21.910136239782016,-12.964577656675749,-52.376893732970025,-37.554059945504086,-39.67160762942779,-15.63,-15.47,0.76,0.23,6,2010,0.0,6.99047619047619,-7.34
2010-09-30,31.019999999999996,-3.91,-0.5595644444444445,0.0,1.790000000000001,-2.8899999999999997,-2.0,5.5,0.0,33.91,-4.249999999999999,1.63,22.98,38.62,63.68,29.12,143.83,75.13,9.15,0.0,87.19,0.0,87.19,70.0,56.64,2.68,-0.6699999999999999,-1.0499999999999998,0.8900000000000001,-2.4600383631713556,6.8,1.54,-1.61,-10.871537777777778,-6.895502222222222,-27.60981333333333,-21.353813333333335,-20.742115555555557,-14.68,-14.34,0.73,0.29,9,2010,0.0,6.987577639751552,-11.25
2010-12-31,28.52000000000001,-1.9000000000000004,-0.2716349809885932,0.0,7.779999999999999,-0.8500000000000014,-0.009999999999999787,7.9,0.0,29.370000000000005,13.919999999999998,0.29,24.9,47.98,73.64,28.84,153.32,72.32,22.97,0.0,98.58,0.0,98.58,70.0,54.74,1.78,-0.34999999999999964,-2.77,0.8399999999999999,-7.267105263157894,10.1,1.8,-1.88,-4.958783269961978,-3.5023574144486695,-13.882281368821294,-12.396958174904944,-9.819315589353613,-12.52,-12.29,0.75,0.26,12,2010,0.0,6.994680851063831,-13.15
2011-03-31,39.06,2.79,0.4,0.0,10.99,3.9,4.68,5.6,0.0,35.16,3.87,0.8,31.91,39.1,72.19,28.5,151.34,77.31,12.86,0.0,93.6,11.72,105.32,70.0,46.02,-4.15,-0.26,4.92,0.78,3.5,8.52,2.29,0.4,7.36,10.08,24.24,19.48,27.0,7.15,7.14,0.77,0.35,3,2011,0.0,6.975,2.79
2011-06-30,33.099999999999994,-0.10000000000000009,-0.014126394052044623,0.0,9.99,1.1099999999999999,1.8600000000000003,8.8,0.0,31.99000000000001,9.169999999999998,4.82,26.87,49.94,82.35,28.04,160.86,78.84,21.14,0.0,103.47,11.46,114.94,70.0,45.92,2.3800000000000003,0.21000000000000002,1.4400000000000004,0.75,-155.75099999999986,13.41,2.5,0.38,-0.24832713754646862,-0.48773234200743537,-0.8713754646840157,-0.7509293680297404,-1.2981412639405217,3.75,3.73,0.8,0.31,6,2011,0.0,7.078947368421052,2.69
2011-09-30,40.18000000000001,6.540000000000001,0.9352979414951248,0.0,12.209999999999997,7.8100000000000005,8.54,8.4,0.0,32.36,8.970000000000002,1.41,30.86,51.06,84.25,37.8,162.42,67.74,21.6,0.0,98.28,11.68,109.97,70.0,52.46,0.89,0.49,-4.800000000000001,0.7299999999999998,2.243990825688073,11.21,2.1,1.32,16.09846153846154,23.722556879739976,49.85421451787649,47.95527627302276,56.65638136511376,8.44,8.22,0.86,0.34,9,2011,0.0,6.992424242424242,9.23
2011-12-31,15.25,-11.5,-1.6211453744493391,0.0,-0.9099999999999966,-10.13,-9.43,9.0,0.0,25.39,-5.700000000000003,1.22,12.45,91.48,108.33,27.54,186.16,100.47,32.36,0.0,133.15,12.05,145.2,70.0,40.96,-25.64,-0.15000000000000002,25.610000000000003,0.7000000000000002,-1.388154347826087,15.38,3.54,-0.32,-24.72246696035242,32.017621145374456,-112.26431718061673,-96.05286343612336,102.74008810572688,-1.82,-1.78,0.81,0.13,12,2011,0.0,7.09375,-2.27
2012-03-31,33.93,-1.0,-0.14,0.0,5.74,0.74,1.41,8.65,0.0,33.19,2.88,1.54,29.65,78.61,111.57,27.2,188.88,127.03,9.2,0.0,136.63,12.29,148.91,70.0,39.96,-27.02,-0.16,27.49,0.67,-15.4475,15.15,3.73,-0.14,-2.12,1.76,-10.0,-9.32,5.68,-3.18,-2.95,0.82,0.24,3,2012,0.0,7.142857142857142,-1.0
2012-06-30,28.630000000000003,-10.7,-1.5272649572649573,0.0,-0.3600000000000003,-8.89,-8.33,8.0,0.0,37.519999999999996,-3.66,1.78,23.18,58.33,83.6,36.29,160.46,100.87,12.56,0.0,118.57,12.63,131.2,70.0,29.26,22.57,0.010000000000000009,-22.33,0.5599999999999999,-1.3094158878504674,19.14,4.48,-1.67,-26.667692307692306,-18.546666666666667,-146.28820512820513,-113.87726495726494,-71.18700854700855,-19.31,-18.7,0.71,0.21,6,2012,0.0,7.005988023952096,-11.7
2012-09-30,39.599999999999994,-12.129999999999999,-1.7306756189676877,0.0,-2.94,-10.290000000000001,-9.700000000000001,7.1,0.0,49.88000000000001,-6.38,1.04,32.5,59.8,93.72,37.11,171.4,98.64,18.77,0.0,141.3,12.97,154.27,70.0,17.13,-16.41,-1.52,17.19,0.5900000000000001,-1.026477741137675,29.01,9.01,-3.4,-28.301636592530425,-22.498783046579945,-283.2403357112883,-139.4517331095258,-124.730809903483,-23.94,-23.33,0.66,0.24,9,2012,0.0,7.008823529411765,-23.83
2012-12-31,42.71000000000001,-2.66,-0.3795696489241223,0.0,-5.63,-0.8999999999999986,-0.2799999999999976,6.8,0.0,43.609999999999985,-9.71,1.9,25.57,48.87,76.34,37.05,147.29,92.48,19.19,0.0,120.42,12.4,132.82,70.0,14.47,3.6999999999999993,18.700000000000003,-21.540000000000003,0.6199999999999999,-4.481390977443608,32.9,9.18,-3.78,-7.2218648546621385,-4.659267648169121,-73.53208003020008,-38.390758776896945,-28.911559078897703,-20.44,-18.29,0.63,0.23,12,2012,0.0,7.007936507936508,-26.49
2013-03-31,36.63,-15.58,-2.23,0.0,-6.64,-13.93,-13.29,7.65,0.0,50.56,-10.0,3.13,23.62,38.67,65.42,27.6,136.29,106.63,18.23,0.0,124.86,12.55,137.41,70.0,-1.11,-3.69,-0.56,5.48,0.64,-0.8575000000000002,-482.43,-123.79,-2.23,-45.72,-34.28,5614.4,-320.84,-487.48,-43.45,-42.53,0.52,0.21,3,2013,0.0,6.986547085201794,-15.58
2013-06-30,26.08,-13.499999999999998,-1.9265818431911967,0.0,-0.54,-11.61,-10.940000000000001,6.3,0.0,37.69,-6.149999999999999,2.94,22.36,35.17,60.46,36.92,131.27,121.83,11.36,0.0,133.19,12.7,145.89,70.0,-14.61,-13.139999999999999,-0.56,13.489999999999998,0.67,-0.8185481481481482,-30.18,-9.99,-4.15,-41.13136176066024,-32.515130674002755,369.6066024759284,-737.2077028885832,2470.1286107290234,-46.38,-46.37,0.45,0.19,6,2013,0.0,7.007228915662649,-29.08
2013-09-30,23.580000000000005,-11.100000000000001,-1.5857142857142859,0.0,0.2999999999999998,-9.21,-8.529999999999998,16.1,0.0,32.790000000000006,-4.66,1.04,24.55,55.74,81.33,36.99,152.21,101.69,31.71,0.0,165.25,12.67,177.92,70.0,-25.71,-13.270000000000003,-0.8899999999999997,12.280000000000001,0.6799999999999999,-2.5338738738738735,-43.84,-6.92,-5.74,-29.172722747635643,-23.735988053758092,172.69367844698857,1034.9686411149828,294.47874564459937,-46.65,-46.56,0.49,0.15,9,2013,0.0,7.0,-40.18
2013-12-31,33.50999999999999,-1.2700000000000031,-0.18138480096501852,0.0,-2.4699999999999998,3.969999999999999,4.659999999999997,19.0,0.0,29.540000000000006,-10.02,1.88,16.89,50.91,69.68,28.84,131.95,121.26,22.67,0.0,146.11,12.82,158.92,70.0,-26.98,-9.280000000000001,22.979999999999997,-12.879999999999999,0.6900000000000002,-26.191830708661357,-49.3,-5.89,-5.92,-3.8495247285886705,-2.7023884197828774,18.828477683956617,81.21504463208704,26.640279855247353,-40.65,-34.6,0.48,0.13,12,2013,0.0,7.0016891891891895,-41.45
2014-03-31,18.07,-10.27,-1.47,0.0,-0.99,-8.33,-7.57,16.0,0.0,26.4,-4.19,0.7,18.28,43.15,62.13,28.76,124.31,100.84,20.77,0.0,161.56,0.0,161.56,70.0,-37.25,-4.9,-0.67,4.4,0.76,-2.72,-30.07,-4.34,-1.47,-33.04,-25.559999999999995,110.28,214.2,89.44,-57.54,-56.83,0.38,0.12,3,2014,0.0,6.986394557823129,-10.27
2014-06-30,31.589999999999996,1.8899999999999988,0.27064439140811436,0.0,-2.33,4.01,4.7700000000000005,13.2,0.0,27.58,-5.45,1.41,16.43,35.3,53.14,24.68,114.73,123.68,8.12,0.0,137.34,12.76,150.09,70.0,-35.36,-1.1399999999999997,-0.17999999999999994,2.0199999999999996,0.76,12.193121693121702,-26.13,-4.24,-1.2,6.585680190930782,3.166539379474938,-21.38090692124103,-30.258042959427186,-17.240047732696887,-23.53,-16.87,0.39,0.13,6,2014,0.0,6.983333333333334,-8.38
2014-09-30,21.620000000000005,-14.12,-2.0144533333333334,0.0,-4.390000000000001,-11.919999999999998,-11.129999999999999,13.2,0.0,33.54,-7.460000000000001,0.56,18.3,27.2,46.07,24.33,107.27,131.76,8.31,0.0,144.11,12.64,156.75,70.0,-49.48,-8.5,-0.31999999999999995,7.98,0.79,-1.6373052407932014,-18.67,-3.17,-3.21,-52.66446222222222,-31.42798222222222,114.13980444444444,150.2368,110.65059555555554,-39.25,-31.57,0.32,0.13,9,2014,0.0,7.009345794392523,-22.5
2014-12-31,27.189999999999998,-9.190000000000001,-1.3136857052698014,0.0,1.3499999999999996,-6.940000000000001,-6.960000000000001,13.2,0.0,34.13000000000001,-2.419999999999998,0.86,21.92,16.22,39.0,27.85,100.29,124.88,7.75,0.0,146.61,12.36,158.97,70.0,-58.67,-2.9800000000000004,0.22999999999999998,3.049999999999999,-0.020000000000000018,-2.5086479869423286,-15.75,-2.71,-4.53,-36.65560113600505,-23.153348059324713,62.65091827074787,85.83906595140424,58.045768381192815,-37.48,-32.18,0.27,0.16,12,2014,0.0,6.995584988962472,-31.69
2015-03-31,18.48,-8.17,-1.23,0.0,0.58,-6.03,-5.45,13.2,0.0,24.5,-2.25,0.4,11.97,10.59,24.26,23.04,84.29,117.66,16.92,0.0,138.64,12.9,151.54,70.0,-67.25,16.68,0.0,-17.15,0.58,-2.6825,-13.74,-2.25,-1.23,-38.76,-23.12,48.6,62.559999999999995,44.36,-46.0,-44.21,0.17,0.1,3,2015,0.0,6.642276422764228,-8.17
2015-06-30,17.23,-10.22,-1.4615878194671017,0.0,-0.07999999999999996,-7.95,-7.38,13.2,0.0,25.189999999999998,-3.01,0.45,13.74,9.29,23.92,22.48,83.38,130.25,13.41,0.0,147.68,13.17,160.85,70.0,-77.47,-13.05,0.8,12.309999999999999,0.57,-2.258263209393346,-11.93,-2.08,-2.63,-49.03821642196846,-31.365785753126698,52.772767808591624,72.46808047852093,48.32687330070691,-52.35,-51.5,0.16,0.1,6,2015,0.0,6.992395437262358,-18.39
2015-09-30,40.13999999999999,15.9,2.298795180722891,0.0,-0.73,17.830000000000002,18.4,13.2,0.0,22.310000000000002,-3.83,0.53,9.94,12.03,22.5,21.91,81.68,110.04,15.76,0.0,129.81,13.44,143.25,70.0,-61.57,-6.449999999999999,27.259999999999998,-20.73,0.5700000000000001,1.435665094339623,-15.01,-2.33,-0.36,77.90361445783132,-104.21204819277108,-103.19036144578314,-114.4289156626506,204.33734939759034,-5.14,-3.28,0.17,0.08,9,2015,0.0,6.916666666666668,-2.49
2015-12-31,10.469999999999999,-8.54,-1.2233182230281052,0.0,-1.9700000000000002,-6.54,-5.83,13.2,0.0,17.019999999999996,-20.21,0.65,8.97,10.8,20.42,23.04,80.72,124.03,9.18,0.0,137.23,13.61,150.84,70.0,-70.12,-14.57,0.0,14.69,0.7100000000000002,-2.696150468384075,-13.18,-2.15,-1.58,-42.305131459655485,-9.198114233907525,48.71593834995466,53.05174977334541,14.741758839528558,-18.71,-12.78,0.15,0.07,12,2015,0.0,6.981012658227847,-11.03
2016-03-31,6.38,-9.63,-1.38,0.0,-2.09,-7.47,-6.84,13.2,0.0,13.85,-7.77,0.27,5.45,5.98,11.7,227.38,340.77,104.51,8.26,0.0,137.43,67.57,205.0,70.0,135.76,-1.6,-0.01,1.23,0.63,-2.3925,6.81,1.51,-1.38,-11.32,-14.04,-28.36,-112.44,-14.68,-158.65,-150.94,0.09,0.04,3,2016,0.0,6.978260869565219,-9.63
2016-06-30,6.81,-7.380000000000001,-1.0542857142857145,0.0,-2.4400000000000004,-5.3,-4.699999999999999,13.2,0.0,12.110000000000001,-8.18,0.16,3.43,2.59,6.19,195.47,322.6,118.82,20.13,0.0,139.6,63.92,203.51,70.0,119.09,7.040000000000001,3.2899999999999996,-10.440000000000001,0.6,-3.128871951219512,7.76,1.71,-2.43,-9.145820105820105,-10.915978835978835,-24.78222222222222,-141.85566137566138,-12.113439153439154,-170.1,-128.96,0.04,0.03,6,2016,0.0,7.0,-17.01
2016-09-30,4.9,-9.299999999999997,-1.3290763968072972,0.0,-1.7199999999999998,-7.41,-6.870000000000001,13.2,0.0,12.32,-7.470000000000002,0.16,5.98,7.33,13.46,195.47,329.87,102.67,53.38,0.0,156.05,36.55,192.6,70.0,137.27,16.68,-0.5299999999999998,-16.15,0.54,-2.4824758064516135,6.73,1.4,-3.76,-11.283010262257696,-13.870467502850625,-27.104675028506264,-98.28095781071835,-16.415507411630553,-177.05,-145.44,0.09,0.04,9,2016,0.0,6.997340425531915,-26.31
2016-12-31,15.790000000000003,-4.400000000000002,-0.6289807880169328,0.0,8.14,-0.7600000000000016,-0.19000000000000128,13.2,0.0,16.549999999999997,-10.350000000000001,0.14,7.99,8.08,16.21,196.83,342.42,120.27,52.21,0.0,172.48,37.08,209.55,70.0,132.86,-16.43,-1.06,17.48,0.5699999999999998,-5.252107954545452,6.95,1.58,-4.39,-5.140735916639534,-5.673721914685773,-13.244415499837192,-56.106805600781534,-7.060631716053407,-145.82,-90.64,0.09,0.05,12,2016,0.0,6.995444191343965,-30.71
2017-03-31,12.92,-3.22,-0.46,0.0,1.23,-1.54,-0.97,13.2,0.0,14.46,-4.8,0.22,7.94,15.45,23.62,56.52,193.29,7.15,15.49,0.0,29.64,34.0,63.64,70.0,129.64,-3.13,112.33,-109.11,0.57,-7.175,7.13,0.49,-0.46,-6.68,-2.32,-9.92,-9.72,-3.7599999999999993,-33.33,-24.92,0.8,0.28,3,2017,0.0,7.0,-3.22
2017-06-30,8.56,-5.789999999999999,-0.8289789123196447,0.0,0.5900000000000001,-5.5,-4.930000000000001,13.2,0.0,14.07,-6.1000000000000005,0.18,9.32,17.04,26.54,54.84,194.53,22.05,10.54,0.0,36.6,34.07,70.68,70.0,123.85,-12.420000000000002,0.3200000000000074,12.049999999999997,0.57,-3.979805699481866,7.46,0.57,-1.29,-11.901309655937846,-6.991698113207547,-18.68736958934517,-19.072941176470586,-11.464328523862374,-51.14,-41.95,0.73,0.26,6,2017,0.0,6.984496124031008,-9.01
2017-09-30,14.580000000000002,-4.73,-0.6747307132459971,0.0,1.0399999999999998,-4.37,-3.7799999999999994,13.2,0.0,18.939999999999998,-4.73,0.52,8.12,9.14,17.79,54.25,185.19,21.98,6.84,0.0,31.92,34.15,66.07,70.0,119.12,-0.019999999999999574,0.0,0.37000000000000455,0.5900000000000001,-4.887431289640592,7.76,0.55,-1.96,-10.217350800582242,-6.100116448326055,-15.876826783114995,-14.761455604075692,-10.244890829694326,-43.15,-38.1,0.56,0.27,9,2017,0.0,7.010204081632653,-13.74
