,revenue,net_profit,eps,dps,gross_profit,ebit,ebitda,close_price,allowance_doubtful_accounts,expense,operating_profit,cash,account_receivable,inventory,current_asset,property_plant_equipment,total_asset,short_term_loan,account_payable,current_portion_long_term_debt,current_liability,non_current_liability,total_liability,paid_in_capital,total_equity,cash_flow_operation,cash_flow_investment,cash_flow_financing,depreciation,P/E,P/BV,D/E,EPS,DPS,DPR%,ROA%,ROAA%,ROE%,ROAE%,ROCE%,NPM%,NPMA%,TIE,CurrentRatio,QuickRatio,month,year,dividend,number_of_shares,return_old
2002-03-31,238.05,28.4,1.69,0.0,73.95,40.68,50.38,,0.0,197.37,35.74,54.67,153.65,253.75,516.2,434.0,960.75,50.91,72.43,0.0,196.62,78.18,274.8,84.1,685.95,6.13,-115.07,98.76,9.7,0.0,0.0,0.4,1.69,0.0,0.0,11.84,0.0,16.56,0.0,21.28,12.18,11.93,0.0,2.63,1.33,3,2002,0.0,16.80473372781065,28.4
2002-06-30,265.17,24.96,1.4828185907046476,0.0,72.61999999999999,36.61000000000001,46.60999999999999,,0.0,228.55,32.63999999999999,80.76,162.71,257.93,556.68,555.65,1122.92,91.93,82.06,0.0,258.64,170.19,428.82,84.1,694.1,33.97,-124.09,116.21,10.0,0.0,0.0,0.62,3.17,0.0,0.0,8.887556221889056,0.0,14.38848575712144,0.0,16.727316341829084,10.8,10.6,0.0,2.15,1.16,6,2002,0.0,16.83280757097792,53.36
2002-09-30,254.36,17.090000000000003,0.9557785663591201,0.0,63.110000000000014,24.299999999999997,34.64,4.6,0.0,230.07,19.47,75.93,157.6,233.13,526.46,633.29,1170.33,23.1,62.13,8.75,182.09,161.44,343.52,107.62,826.8,28.9,-80.22,46.78999999999999,10.34,1.2057709186658863,0.6,0.42,3.94,0.0,0.0,5.8414080908445705,0.0,8.267242015613911,0.0,9.975029098651527,9.47,9.3,0.0,2.89,1.61,9,2002,0.0,17.88071065989848,70.45
2002-12-31,257.26,16.310000000000002,0.8685131396957124,0.0,53.71999999999997,24.0,35.84,5.4,0.0,233.26,21.86,213.78,157.1,223.91,652.97,666.31,1329.92,21.98,76.32,38.1,194.72,292.09,486.81,107.62,843.11,42.540000000000006,-63.860000000000014,158.88,11.840000000000003,1.5559350091968114,0.69,0.58,4.62,0.0,0.0,4.902775472568004,0.0,7.737662517289073,0.0,8.316671277086215,8.69,8.55,0.0,3.35,2.2,12,2002,0.0,18.77922077922078,86.76
2003-03-31,251.38,9.92,0.46,1.6,47.1,16.57,34.03,5.2,0.0,234.8,10.0,209.34,175.08,264.4,711.03,671.31,1392.93,46.12,106.7,57.15,266.87,273.04,539.91,107.62,853.03,-3.77,-17.39,16.72,17.46,2.825,0.66,0.63,0.46,1.6,3.48,2.84,5.64,4.64,5.16,5.88,4.05,3.95,0.0,2.66,1.67,3,2003,34.504347826086956,21.565217391304348,9.92
2003-06-30,258.66,13.069999999999999,0.6083036102653328,-0.005900486033625357,57.49999999999999,20.490000000000002,38.42999999999999,5.5,0.0,238.19,14.100000000000001,96.52,162.74,282.08,616.61,700.26,1327.37,16.54,96.88,76.2,241.72,253.99,495.7,107.62,831.66,-17.8,-32.03,-62.99,17.939999999999998,2.260302218821729,0.71,0.6,1.07,1.6,1.5,3.9340756850804697,6.867577207481514,6.2763288386254885,6.844836885602436,7.75444976076555,4.62,4.51,0.0,2.55,1.38,6,2003,-0.12677773262901582,21.485981308411212,22.99
2003-09-30,269.96,5.940000000000001,0.27513307984790886,0.00767563341743372,55.66,12.57,31.190000000000012,6.95,-0.77,257.38,7.169999999999998,89.43,151.0,294.6,602.42,691.7,1304.64,51.21,69.73,76.2,232.1,234.94,467.03,107.62,837.61,4.0,-26.700000000000003,15.620000000000005,18.620000000000005,6.319305555555554,0.89,0.56,1.34,1.6,1.19,1.823269961977187,3.293384030418252,2.833460076045628,2.85809885931559,3.8025855513307993,3.79,3.71,0.0,2.6,1.33,9,2003,0.16571348863161006,21.589552238805968,28.93
2003-12-31,263.5,-9.280000000000001,-0.42976081424936396,0.0002855949261326845,47.20000000000002,-9.39,8.759999999999991,6.35,0.0,272.89,-12.66,66.7,135.81,285.92,529.9,688.02,1232.15,0.28,66.9,76.2,187.94,215.89,403.83,107.62,828.32,42.769999999999996,5.5,-71.00999999999999,18.15,-3.6949622844827585,0.83,0.49,0.91,1.6,1.76,-3.0036030534351155,-5.931643765903309,-4.477068702290077,-4.439287531806617,-7.27287531806616,1.92,1.88,0.0,2.82,1.3,12,2003,0.006166967360996978,21.59340659340659,19.65
2004-03-31,282.7,-16.32,-0.76,1.0,45.85,-13.84,4.79,4.98,0.0,296.53,-16.98,61.14,156.34,327.46,588.61,672.04,1274.97,55.0,90.08,76.2,266.13,196.84,462.96,107.62,812.0,-37.46,-2.86,34.76,18.63,-1.6375,0.66,0.57,-0.76,1.0,-1.32,-5.12,-4.16,-8.04,-7.84,-5.48,-5.84,-5.77,0.0,2.21,0.98,3,2004,21.473684210526315,21.473684210526315,-16.32
2004-06-30,266.71,11.29,0.11222664015904572,0.7865438945275715,60.43,15.6,33.82,4.86,0.0,251.12,9.88,32.08,176.35,375.64,631.12,656.5,1301.95,86.0,122.55,76.59,321.42,178.76,500.18,107.62,801.77,-17.28,-3.0800000000000005,-8.7,18.220000000000002,10.826306465899028,0.65,0.62,-0.05,1.0,-20.0,3.5014711729622268,-1.1671570576540755,5.656222664015903,5.566441351888667,-1.6160636182902584,-0.93,-0.92,0.0,1.96,0.79,6,2004,79.12631578947368,100.6,-5.03
2004-09-30,334.1,2.62,0.021742738589211618,0.1651452282157677,50.99000000000001,6.1000000000000005,24.810000000000002,5.0,0.0,328.0,-0.41000000000000014,56.77,190.22,389.82,687.11,652.35,1353.7,100.0,175.07,77.83,387.72,161.6,549.32,107.62,804.38,41.17,-11.059999999999999,-5.419999999999998,18.71,57.49045801526717,0.67,0.68,-0.02,1.0,-50.0,0.7827385892116183,-2.565643153526971,1.3045643153526971,1.2610788381742737,-3.5223236514522824,-0.28,-0.27,0.0,1.77,0.77,9,2004,19.900000000000006,120.5,-2.41
2004-12-31,340.27,6.47,0.06374384236453202,-0.18719211822660115,60.23999999999998,10.010000000000002,27.659999999999997,4.26,0.0,330.2600000000001,2.6399999999999997,62.25,198.54,482.27,749.22,652.36,1463.52,200.0,185.57,77.83,510.5,142.17,652.67,107.62,810.86,-57.690000000000005,-17.4,80.57,17.64999999999999,16.707496136012367,0.57,0.8,0.04,1.0,25.0,1.7848275862068967,8.47793103448276,3.1871921182266014,3.1871921182266014,11.98384236453202,0.34,0.33,0.0,1.47,0.52,12,2004,-19.000000000000014,101.49999999999999,4.06
2005-03-31,326.56,5.77,0.05,0.0,45.06,8.86,27.19,4.3,0.0,317.7,-3.09,43.76,217.72,548.01,867.41,650.01,1530.95,263.42,203.71,77.83,591.59,122.74,714.32,107.62,816.62,-46.66,-15.81,43.99,18.33,21.5,0.57,0.87,0.05,0.0,0.0,1.5199999999999998,2.52,2.84,2.84,3.7600000000000002,1.83,1.77,0.0,1.47,0.54,3,2005,0.0,115.39999999999999,5.77
2005-06-30,348.64000000000004,-5.72,-0.0,,52.78999999999999,-0.08999999999999986,18.77,4.0,0.0,348.72999999999996,-0.31000000000000005,37.48,245.12,584.97,926.01,678.44,1609.24,386.54,202.93,77.83,705.73,103.37,809.1,107.62,800.14,-52.14,-47.14,92.98999999999998,18.86,-0.0,0.54,1.01,0.0,0.1,0.0,-0.0,-274.55999999999995,-4.576,-4.576,-443.87199999999996,0.01,0.01,0.0,1.31,0.48,6,2005,inf,inf,0.05
2005-09-30,338.3399999999999,-122.55,-1.1404653061224488,-inf,-79.00999999999999,-117.88,-98.21000000000001,3.4,0.0,456.22000000000014,-136.22,22.69,215.2,424.35,728.52,682.94,1416.44,404.57,208.81,77.95,743.58,83.3,826.89,107.62,589.56,11.86,-24.83,-1.8199999999999932,19.67,-0.7446960424316605,0.62,1.4,-1.14,0.1,-0.09,-34.61412244897959,-31.53286530612245,-83.15392653061224,-70.34870204081632,-64.90648163265305,-12.46,-12.09,0.0,0.98,0.41,9,2005,-inf,107.4561403508772,-122.5
2005-12-31,362.53999999999996,-88.69,-0.8231090487238979,0.0002727235722717346,-35.83,-80.00000000000001,-60.480000000000004,3.0,0.0,442.53999999999996,-78.75,71.34,176.3,326.66,641.4,682.28,1328.68,377.92,163.73,77.95,669.73,158.09,827.82,107.62,500.86,18.840000000000003,-18.22,48.03999999999999,19.519999999999996,-0.9108149171270719,0.64,1.65,-1.96,0.1,-0.05,-26.6922505800464,-22.761484918793506,-70.83777262180975,-54.09002320185615,-48.21067285382831,-15.78,-15.35,0.0,0.96,0.47,12,2005,0.029385964912279405,107.75,-211.19
2006-03-31,358.17,-27.72,-0.26,0.0,24.99,-19.87,-0.39,3.0,0.0,378.04,-34.1,70.78,201.13,333.67,612.84,682.85,1365.93,416.0,206.48,103.2,781.15,111.64,892.78,107.62,473.14,0.85,-20.04,18.63,19.48,-2.885,0.68,1.89,-0.26,0.0,0.0,-8.12,-5.48,-23.44,-17.2,-13.6,-8.06,-7.74,0.0,0.78,0.36,3,2006,0.0,106.61538461538461,-27.72
2006-06-30,363.34999999999997,-80.55,-0.7514131338320864,0.0,35.75,-72.22999999999999,-52.42,2.9,0.0,435.59,-20.879999999999995,52.66,208.76,337.07,605.64,609.47,1274.37,418.49,215.42,112.2,798.59,83.19,881.78,107.62,392.59,-8.28,7.029999999999999,-16.869999999999997,19.81,-0.9644162011173184,0.79,2.25,-1.01,0.0,0.0,-25.295095594347462,-19.01596009975062,-82.07514546965918,-54.012468827930164,-57.613300083125516,-15.23,-15.01,0.0,0.76,0.34,6,2006,0.0,107.1980198019802,-108.27
2006-09-30,411.72,-44.709999999999994,-0.4150098052032945,0.0,47.24,-34.08000000000001,-15.310000000000002,2.34,0.0,445.7900000000001,-46.46,36.27,234.22,266.8,545.65,587.92,1188.23,428.86,200.06,112.2,784.88,55.46,840.34,107.62,347.89,-0.4500000000000002,2.8100000000000005,-18.75,18.770000000000003,-1.4114124356967122,0.72,2.42,-1.42,0.0,0.0,-15.045566740750424,-11.328014119492742,-51.40276375996862,-38.15752124460714,-36.567624526081836,-13.78,-13.5,0.0,0.7,0.36,9,2006,0.0,107.73239436619718,-152.98
2006-12-31,417.52,-34.140000000000015,-0.3174625908507911,0.0,35.760000000000005,-24.389999999999986,-7.929999999999993,2.4,0.0,441.90999999999985,-39.06999999999999,24.28,212.79,293.77,535.21,573.26,1166.3,430.17,233.27,100.15,812.58,39.98,852.55,107.62,313.75,16.69,-1.790000000000001,-26.890000000000004,16.459999999999994,-1.8909314586994719,0.82,2.72,-1.74,0.0,0.0,-11.705976913210778,-8.80867464728517,-43.525215904232596,-33.52696879008124,-31.0675459598119,-12.44,-12.07,0.0,0.66,0.3,12,2006,0.0,107.54022988505747,-187.12
2007-03-31,398.94,-71.29,-0.66,0.0,10.99,-61.45,-45.51,2.06,0.0,460.39,-72.89,26.6,200.59,333.93,567.06,561.77,1189.14,424.63,275.41,81.1,916.08,30.61,946.68,107.62,242.46,-13.93,-0.76,17.02,15.94,-0.78,0.91,3.9,-0.66,0.0,0.0,-24.0,-19.24,-117.6,-79.68,-90.0,-18.49,-17.87,0.0,0.62,0.25,3,2007,0.0,108.01515151515152,-71.29
2007-06-30,450.75000000000006,-51.44,-0.47780982644830106,0.0,18.810000000000002,-40.25999999999999,-24.220000000000006,2.02,0.0,491.01,-49.31999999999999,6.86,211.08,317.04,541.01,553.84,1152.42,447.5,290.4,62.04,939.93,21.48,961.41,107.62,191.01,-8.990000000000002,-5.430000000000001,-5.32,16.04,-1.0557547628304822,1.14,5.03,-1.14,0.0,0.0,-17.854998777804937,-14.04928542328689,-107.71677666422227,-70.51467122952823,-80.25528558624622,-14.82,-14.44,0.0,0.58,0.24,6,2007,0.0,107.65789473684212,-122.73
2007-09-30,540.8399999999999,-4.909999999999997,-0.04577640238169849,0.0,60.900000000000006,4.25,20.440000000000005,1.8,0.0,536.59,-9.510000000000005,72.61,251.06,434.74,770.05,550.61,1385.49,429.34,407.56,17.53,1120.79,61.57,1182.36,107.62,203.13,4.370000000000001,-8.52,69.89,16.19,-9.813462321792267,0.95,5.82,-1.19,0.0,0.0,-1.4171450955813216,-1.1647978690065803,-9.669207145095575,-7.128809150736441,-5.665502977123155,-9.43,-9.18,0.0,0.69,0.3,9,2007,0.0,107.26050420168067,-127.64
2007-12-31,589.02,-36.97000000000001,-0.3436249316566431,0.0,48.86,-26.440000000000012,-11.090000000000003,1.7,0.0,615.45,-46.81999999999999,59.45,228.76,531.3,828.86,531.97,1422.53,430.18,503.54,17.44,1199.11,57.26,1256.37,107.62,166.16,-6.91,-2.6899999999999977,-3.5600000000000023,15.350000000000001,-1.2355768190424667,1.1,7.56,-1.53,0.0,0.0,-10.394092703966956,-8.59736103517405,-89.00110321365653,-61.62789623959663,-49.82336917562725,-8.6,-8.32,0.0,0.69,0.25,12,2007,0.0,107.58823529411765,-164.61
2008-03-31,508.11,16.75,0.16,0.0,96.47,27.2,41.98,1.76,0.0,480.9,12.83,10.75,261.51,576.81,859.29,520.54,1440.82,468.78,445.79,17.34,1204.96,52.95,1257.91,107.62,182.91,-100.62,-17.31,69.23,14.78,2.75,1.04,6.88,0.16,0.0,0.0,4.64,8.28,36.64,31.52,46.12,3.41,3.3,0.0,0.71,0.23,3,2008,0.0,104.6875,16.75
2008-06-30,496.05999999999995,2.120000000000001,0.02022257551669317,0.0,86.85,14.320000000000004,29.690000000000005,1.99,0.0,481.75,5.8199999999999985,23.33,225.06,517.47,775.22,509.38,1343.11,465.53,331.48,17.24,1109.42,48.67,1158.09,107.62,185.03,22.80000000000001,-2.6000000000000014,-7.6200000000000045,15.37,24.61110849056603,1.16,6.26,0.18,0.0,0.0,0.6291467938526765,1.4964705882352947,4.583783783783785,4.5118812930577645,7.985670376258614,1.93,1.88,0.0,0.7,0.23,6,2008,0.0,104.83333333333334,18.87
2008-09-30,469.5300000000001,-17.580000000000002,-0.13627906976744186,0.0,67.29000000000002,-7.150000000000006,8.230000000000004,1.7,0.0,476.67999999999995,-13.849999999999998,33.61,221.45,392.32,657.44,496.6,1213.84,466.91,237.62,17.18,1001.97,44.42,1046.39,107.62,167.45,16.959999999999994,-3.75,-2.9399999999999977,15.380000000000003,-3.1186006825938564,1.09,6.25,0.01,0.0,0.0,-5.996279069767443,-143.91069767441863,-41.973953488372096,-38.15813953488372,-884.1786046511628,0.09,0.09,0.0,0.66,0.26,9,2008,0.0,129.0,1.29
2008-12-31,392.1399999999999,-32.61,-0.3019444444444444,0.0,64.49000000000001,-20.739999999999995,-5.3300000000000125,1.74,0.0,412.8800000000001,-15.059999999999999,53.78,142.77,355.02,589.05,483.47,1132.35,450.0,192.02,17.11,957.34,40.17,997.51,107.62,134.84,44.69,-3.280000000000001,-21.230000000000004,15.409999999999997,-1.4406623735050599,1.39,7.4,-0.29,0.0,0.0,-11.536360153256705,4.456283524904214,-96.74716475095785,-86.66846743295018,32.44340996168582,-1.72,-1.68,0.0,0.62,0.24,12,2008,0.0,108.00000000000001,-31.32
2009-03-31,332.71,-10.74,-0.1,0.0,43.28,-0.38,14.78,1.13,0.0,333.08,-17.47,41.3,151.94,278.95,492.81,469.78,1024.08,340.0,127.02,37.04,784.06,115.92,899.97,107.62,124.11,22.64,-3.66,-31.45,15.16,-2.825,0.98,7.25,-0.1,0.0,0.0,-4.2,-0.11999999999999998,-34.6,-28.0,-0.64,-3.45,-3.23,0.0,0.63,0.27,3,2009,0.0,107.39999999999999,-10.74
2009-06-30,356.03000000000003,2.210000000000001,0.020726846424384535,0.0,73.49,11.49,26.810000000000002,1.12,0.0,344.54,1.799999999999999,85.85,156.18,227.12,488.95,452.19,1001.2,300.0,154.52,37.0,768.21,106.67,874.88,107.62,126.31,102.02,-0.5300000000000002,-56.959999999999994,15.32,13.509049773755649,0.95,6.93,-0.08,0.0,0.0,0.8808909730363427,-0.9845252051582654,6.995310668229781,5.679155920281363,-4.943352872215711,-1.3,-1.24,0.65,0.64,0.34,6,2009,0.0,106.62499999999999,-8.53
2009-09-30,432.1600000000001,25.060000000000002,0.22740471869328494,0.0,92.13000000000001,33.03,48.379999999999995,1.2,0.0,399.14,21.15,160.2,168.87,222.9,572.8,438.51,1074.18,280.0,233.95,37.0,825.38,97.42,922.8,107.62,151.38,132.79,-0.9299999999999997,-57.5,15.349999999999998,1.3192338387869114,0.85,6.1,0.15,0.0,0.0,9.338753781004236,23.407525710828796,66.22025408348458,62.88498487598306,107.57759225650331,1.53,1.47,1.61,0.69,0.42,9,2009,0.0,110.20000000000002,16.53
2009-12-31,495.8299999999999,27.589999999999996,0.2563893925657298,0.0,89.29999999999998,36.16,51.129999999999995,1.48,0.0,459.6700000000001,12.190000000000001,101.26,216.44,287.22,629.81,427.36,1136.52,260.0,300.15,37.0,869.4,88.17,957.56,107.62,178.96,-52.22999999999999,-4.8,-1.9000000000000057,14.969999999999999,1.4432149329467199,0.89,5.35,0.41,0.0,0.0,9.705276518585674,17.709628286491387,61.658522212148675,70.33824116047144,75.19087941976427,2.88,2.73,0.0,0.72,0.39,12,2009,0.0,107.60975609756098,44.12
2010-03-31,454.39,10.69,0.1,0.0,71.08,18.22,32.97,3.3,0.0,436.17,-5.47,81.31,191.66,286.49,582.12,418.14,1010.22,220.0,241.67,37.0,741.66,78.92,820.57,107.62,189.65,36.02,-3.06,-52.91,14.75,8.25,1.87,4.33,0.1,0.0,0.0,4.24,7.16,22.56,27.24,27.12,2.48,2.35,0.0,0.78,0.4,3,2010,0.0,106.89999999999999,10.69
2010-06-30,459.34000000000003,4.780000000000001,0.04325791855203621,0.0,80.82000000000001,11.93,26.9,3.48,0.0,447.42,-8.490000000000002,91.35,203.92,275.46,592.86,404.6,1007.45,200.0,241.59,37.0,743.35,69.67,813.02,107.62,194.43,42.24,-2.9599999999999995,-29.25,14.969999999999999,20.114236401673637,1.93,4.18,0.14,0.0,0.0,1.903348416289593,3.7078215901745324,9.838086619263091,11.926826115061411,14.114440853264385,1.78,1.69,0.0,0.8,0.43,6,2010,0.0,110.5,15.47
2010-09-30,493.26,20.54,0.18823104693140796,0.0,97.85,26.79,41.79,3.2,0.0,466.4699999999999,1.9800000000000004,111.89,208.19,275.89,615.83,384.9,1011.74,160.0,259.23,37.0,736.35,60.42,796.77,107.62,214.97,68.71,6.739999999999999,-54.890000000000015,15.0,4.251424050632911,1.6,3.71,0.33,0.0,0.0,8.122454873646209,12.457472924187726,38.21660649819495,44.85602888086643,47.183249097472924,2.69,2.56,0.0,0.84,0.46,9,2010,0.0,109.12121212121211,36.01
2010-12-31,465.8399999999999,12.170000000000002,0.11366749688667499,0.0,92.07999999999998,17.150000000000006,32.03999999999999,3.72,0.0,448.68000000000006,42.91,87.63,245.71,279.49,630.23,372.32,1015.11,140.0,276.02,37.0,736.8,51.17,787.97,107.62,227.14,9.180000000000007,-4.19,-29.25,14.89,8.185057518488085,1.76,3.47,0.45,0.0,0.0,4.799294312992944,6.961502698215028,21.430112079701125,23.976264009962645,26.896255707762563,2.66,2.57,0.0,0.86,0.48,12,2010,0.0,107.06666666666666,48.18
2011-03-31,496.33,21.48,0.2,0.0,96.06,25.76,40.41,3.46,0.0,470.57,9.77,81.86,216.9,308.01,636.13,363.1,1012.27,145.0,268.13,37.0,720.54,76.25,796.78,107.62,215.49,4.4,-2.14,-8.03,14.65,4.325,1.73,3.7,0.2,0.0,0.0,8.48,10.2,39.88,42.4,35.32,4.47,4.33,0.0,0.88,0.46,3,2011,0.0,107.39999999999999,21.48
2011-06-30,512.3600000000001,6.32,0.05910791366906475,0.0,90.99000000000001,9.940000000000001,24.840000000000003,5.95,0.0,502.42,3.01,97.52,207.51,338.88,661.97,353.2,1028.53,130.0,288.63,34.28,735.85,70.87,806.72,107.62,221.81,41.79,-1.8699999999999997,-24.25,14.9,25.160759493670884,2.89,3.64,0.26,0.0,0.0,2.4552517985611515,3.1918273381294964,11.394187050359712,12.14894964028777,11.094100719424459,2.85,2.76,0.0,0.9,0.44,6,2011,0.0,106.92307692307692,27.8
2011-09-30,539.23,3.169999999999998,0.029683564740071017,0.0,83.87,7.019999999999996,22.060000000000002,4.06,0.0,532.21,-4.919999999999999,82.39,214.35,340.48,663.98,347.56,1025.38,140.0,279.61,30.42,733.75,66.66,800.41,107.62,224.98,5.3700000000000045,-11.94,-8.57,15.040000000000003,34.194006309148286,1.94,3.56,0.29,0.0,0.0,1.236474007103648,1.7155053277365184,5.637830158217627,5.764752986761379,5.998127219890213,2.07,2.0,0.0,0.9,0.44,9,2011,0.0,106.79310344827587,30.97
2011-12-31,427.01,59.71000000000001,0.5531142479047199,0.0,48.5,63.7,51.19999999999999,4.9,0.0,363.30999999999995,16.17,80.67,195.86,342.34,650.56,408.81,1073.49,160.0,354.64,26.17,727.4,61.4,788.8,107.62,284.69,-0.010000000000005116,-12.830000000000002,11.130000000000003,-12.5,2.2134667559872714,1.85,2.77,0.84,0.0,0.0,22.256263784737538,26.83921041023379,83.88899426554919,93.31827525363917,80.99172915747685,4.85,4.59,0.0,0.89,0.42,12,2011,0.0,107.95238095238096,90.68
2012-03-31,518.83,26.45,0.25,0.0,84.06,29.83,37.99,5.75,0.0,489.0,10.81,90.45,215.34,368.36,696.73,421.18,1130.81,150.0,402.45,21.92,761.95,57.72,819.67,107.62,311.14,51.93,-22.9,-19.25,8.16,5.75,1.99,2.63,0.25,0.0,0.0,9.36,11.12,34.0,40.2,32.36,5.35,5.1,0.0,0.91,0.43,3,2012,0.0,105.8,26.45
2012-06-30,494.93999999999994,25.220000000000002,0.23428682020514804,0.0,88.78999999999999,28.39,37.07999999999999,12.2,0.0,466.55999999999995,14.56,117.42,222.55,331.07,698.59,421.61,1133.39,140.0,403.92,20.0,742.98,54.04,797.03,107.62,336.36,56.65,-8.64,-21.04,8.690000000000001,13.019938540840602,3.9,2.37,0.48,0.0,0.0,8.902899167795626,10.523383007547901,29.98871298625895,36.138742016644095,29.110137410489646,5.32,5.1,0.0,0.94,0.49,6,2012,0.0,107.64583333333334,51.67
2012-09-30,512.29,16.72,0.15646731978359407,0.0,73.42000000000002,19.019999999999996,26.580000000000013,11.4,0.0,493.25,-6.600000000000001,249.05,188.8,339.93,792.74,234.74,1042.87,80.0,413.35,20.0,639.47,50.32,689.78,107.62,353.09,56.58999999999999,197.76999999999998,-122.74000000000001,7.559999999999999,18.212109748803826,3.47,1.95,0.64,0.0,0.0,6.415160111127357,7.305067992396548,18.942324901301358,23.137604912998977,18.727182336598915,4.7,4.48,0.0,1.24,0.71,9,2012,0.0,106.859375,68.39
2012-12-31,456.03999999999996,-14.990000000000002,-0.1403558052434457,0.0,39.54999999999998,-13.249999999999993,-5.6200000000000045,10.6,0.0,469.29999999999995,-25.79,173.27,181.61,310.5,679.48,250.29,945.06,70.0,338.4,20.0,560.77,46.2,606.97,107.62,338.09,-42.499999999999986,-18.269999999999982,-15.0,7.629999999999999,-18.88058705803869,3.37,1.8,0.5,0.0,0.0,-6.3440823970037465,-7.118846441947566,-17.729745318352062,-19.25681647940075,-18.695393258426968,2.82,2.69,0.0,1.21,0.66,12,2012,0.0,106.8,53.4
2013-03-31,444.88,-4.57,-0.04,0.05,48.89,-5.33,2.2,9.25,0.0,450.21,-15.31,134.64,187.52,274.92,610.45,263.5,894.25,70.0,352.36,20.0,516.26,39.89,556.16,107.62,338.09,2.21,-15.79,-25.05,7.53,-57.81249999999999,2.94,1.65,-0.04,0.05,-1.25,-2.04,-2.12,-5.4,-5.64,-5.64,-1.06,-1.03,0.0,1.18,0.65,3,2013,5.7125,114.25,-4.57
2013-06-30,458.47,4.53,-0.0,,66.96,6.26,13.760000000000002,7.0,0.0,452.21,-25.989999999999995,158.86,180.65,265.79,627.66,259.18,906.4,70.0,368.79,15.0,528.55,40.65,569.2,107.62,337.21,30.86,3.7399999999999984,-10.379999999999999,7.499999999999999,-0.0,2.23,1.69,0.0,0.05,0.0,0.0,-40.77,4.53,4.53,-113.25,-0.0,-0.0,0.0,1.19,0.68,6,2013,-inf,-inf,-0.04
2013-09-30,458.09000000000003,9.76,0.09037037037037035,inf,60.56999999999999,9.780000000000001,17.299999999999997,7.05,0.0,448.31000000000006,-11.07,156.96,173.85,285.39,632.72,272.67,925.39,70.0,380.35,10.0,536.55,41.88,578.43,107.62,346.96,18.58,-15.48,-5.0,7.520000000000001,19.502243852459017,2.19,1.67,0.09,0.05,0.56,4.217283950617284,4.3779423868312755,11.246090534979423,11.165761316872427,11.045267489711932,0.75,0.71,0.0,1.18,0.65,9,2013,inf,108.00000000000001,9.72
2013-12-31,400.6099999999999,5.709999999999999,0.05180816591056383,0.0010045366169799017,115.85,8.669999999999998,16.32,7.0,0.0,391.94000000000005,81.53999999999999,109.15,194.38,311.47,632.76,273.08,925.01,70.0,380.17,5.0,529.4,42.93,572.34,107.62,352.67,-27.369999999999997,-15.439999999999998,-5.0,7.649999999999999,33.778458844133105,2.14,1.62,0.14,0.05,0.36,2.4719896305897597,3.0640829552819175,6.48342190537913,6.616642903434865,7.253143227478936,0.89,0.88,0.0,1.2,0.61,12,2013,0.11071428571428488,110.21428571428571,15.43
2014-03-31,399.48,-8.46,-0.08,0.03,58.1,-9.02,-1.61,6.95,0.0,408.5,-10.36,38.35,190.7,367.38,613.52,288.3,922.87,100.0,399.93,0.0,537.34,41.33,578.67,107.62,344.21,-37.87,-20.81,-12.11,7.41,-21.72,2.17,1.68,-0.08,0.03,-0.38,-3.68,-3.96,-9.84,-9.92,-9.36,-2.12,-2.12,0.0,1.14,0.46,3,2014,3.1725000000000003,105.75000000000001,-8.46
2014-06-30,451.92999999999995,-14.23,-0.1317011899515205,0.0006379462318201832,63.339999999999996,-12.29,-4.81,7.05,0.0,464.22,-16.03,53.75,211.15,293.22,565.44,305.22,891.16,150.0,333.94,0.0,521.93,42.47,564.4,107.62,326.76,-7.190000000000005,-24.180000000000003,46.769999999999996,7.48,-13.381997540407589,2.32,1.73,-0.21,0.03,-0.14,-6.396914940502423,-5.9453680035257825,-17.409643014543853,-17.13369766416924,-14.474587924195678,-2.68,-2.66,0.0,1.08,0.52,6,2014,0.06892857142857123,108.04761904761905,-22.69
2014-09-30,405.9,3.5100000000000016,0.032940563086548504,-0.00042008044093549843,71.84,4.82,12.67,7.05,0.0,401.06999999999994,17.130000000000003,44.06,195.87,300.0,548.95,313.09,883.76,140.0,369.75,0.0,509.75,43.74,553.5,107.62,330.26,53.42,-16.0,-47.12,7.849999999999998,53.510014245014226,2.3,1.68,-0.18,0.03,-0.17,1.5884671532846721,1.3322627737226285,4.252992700729928,4.143190823774767,3.2281751824817535,-1.54,-1.53,0.0,1.08,0.49,9,2014,-0.04476190476190478,106.55555555555556,-19.18
2014-12-31,422.49,11.71,0.10973226238286482,4.462293618919278e-05,81.78,13.139999999999999,23.03,5.8,0.0,409.3600000000001,16.72,53.09,198.23,277.86,536.21,313.58,871.6,130.0,354.88,0.0,484.88,44.75,529.63,107.62,341.97,29.660000000000004,-10.630000000000003,-10.0,9.890000000000004,13.214436379163107,1.83,1.55,-0.07,0.03,-0.43,5.392556894243642,2.320053547523427,13.669504685408302,13.481392235609103,5.455261044176708,-0.45,-0.44,0.0,1.11,0.53,12,2014,0.004761904761903857,106.7142857142857,-7.47
2015-03-31,479.8,25.17,0.23,0.0,99.78,25.97,35.02,5.6,0.0,453.83,24.31,47.5,237.08,253.57,544.9,313.71,882.17,140.0,243.58,0.0,472.32,53.38,525.7,107.62,356.47,-5.15,-9.09,8.65,9.05,6.0875,1.69,1.47,0.23,0.0,0.0,11.4,11.52,28.240000000000002,28.72,25.359999999999996,5.26,5.25,19.24,1.15,0.62,3,2015,0.0,109.43478260869566,25.17
2015-06-30,415.93,16.03,0.1478495145631068,0.0,81.47,16.9,26.379999999999995,8.1,0.0,399.03000000000003,13.559999999999999,75.61,203.98,293.44,582.64,321.55,928.19,120.0,270.62,0.0,500.59,55.1,555.69,107.62,372.5,66.64,-17.06,-21.47,9.48,13.69906425452277,2.34,1.49,0.38,0.0,0.0,6.910019417475729,7.330223300970873,17.212796116504855,18.33333980582524,15.609796116504855,4.63,4.6,15.2,1.16,0.58,6,2015,0.0,108.42105263157896,41.2
2015-09-30,409.77,3.1799999999999997,0.029378098242451547,0.0,71.25,4.109999999999999,13.479999999999997,6.65,0.0,405.65999999999997,3.8800000000000026,47.81,184.37,303.81,545.65,322.07,891.28,100.0,239.0,0.0,459.32,56.28,515.6,107.62,375.69,7.490000000000002,-14.230000000000004,-21.07,9.369999999999997,56.59147798742139,1.9,1.37,0.41,0.0,0.0,1.4273456511942315,1.5161964849031093,3.3849301487156374,3.602757999098693,3.118377647589004,3.41,3.4,12.08,1.19,0.53,9,2015,0.0,108.24390243902441,44.38
2015-12-31,457.0899999999999,-0.44000000000000483,-0.004105598543468411,0.0,77.94999999999999,4.080000000000005,13.710000000000008,6.55,0.0,453.01,0.7700000000000031,32.51,219.7,291.97,552.86,317.52,894.89,90.0,259.7,0.0,461.41,58.23,519.64,107.62,375.25,0.9799999999999898,-5.469999999999999,-10.810000000000002,9.630000000000003,-398.9552272727229,1.88,1.38,0.41,0.0,0.0,-0.19666818388712098,-0.23151570323168214,-0.4690395994538059,-0.4906690942193955,-0.4718434228493452,2.51,2.49,10.86,1.2,0.57,12,2015,0.0,107.17073170731707,43.94
2016-03-31,503.63,22.65,0.21,0.08000000000000002,103.14,27.13,36.61,6.65,0.0,476.5,25.18,78.22,234.53,267.06,587.29,316.7,930.1,90.0,271.77,0.67,475.88,56.32,532.2,107.62,397.89,53.89,-7.33,-0.85,9.48,7.9175,1.8,1.34,0.21,0.08,0.38,9.76,11.960000000000003,22.76,24.04,23.88,4.51,4.5,31.92,1.23,0.67,3,2016,8.62857142857143,107.85714285714286,22.65
2016-06-30,516.79,28.61,0.2679047990635973,-0.0007981717852962476,110.05999999999999,40.19,47.05,9.45,0.0,476.61,53.4,115.12,245.88,220.62,590.69,318.66,929.28,70.0,372.47,0.67,453.15,58.23,511.38,107.62,417.9,73.67999999999999,-7.279999999999999,-29.5,6.859999999999999,8.819550856343936,2.43,1.22,0.48,0.08,0.17,12.323620756925477,16.185914943425672,27.393265704252826,28.956043698790484,31.568115489660556,5.02,5.02,38.69,1.3,0.82,6,2016,-0.08523809523809511,106.79166666666667,51.26
2016-09-30,520.7400000000001,39.77,0.37135559705591564,0.0002259328426525956,124.09000000000003,48.43000000000001,58.099999999999994,18.1,0.0,472.30000000000007,32.19,120.89,264.43,270.12,674.57,329.3,1025.17,20.0,336.01,0.89,507.62,59.88,567.51,107.62,457.66,71.04000000000002,-14.8,-50.46999999999999,9.670000000000002,12.182730072919284,4.26,1.24,0.85,0.08,0.09,15.518295067560148,21.11047347028452,34.75888388443371,38.18409315610239,39.075346589036585,5.93,5.91,52.38,1.33,0.8,9,2016,0.024196078431371504,107.09411764705882,91.03
2016-12-31,548.4599999999998,22.700000000000003,0.21157126527741144,0.00014788379081519558,116.59999999999997,27.650000000000006,37.84,28.25,0.0,520.81,28.10000000000001,149.83,263.43,275.87,701.5,339.26,1065.52,20.0,355.91,0.98,520.66,64.6,585.26,107.62,480.26,53.52999999999997,-23.51,-1.0800000000000125,10.190000000000001,33.38000550660793,6.33,1.22,1.06,0.08,0.08,8.518737360415019,11.680330607579357,18.905688912336235,21.22898091972215,21.01341774377913,5.46,5.44,56.68,1.35,0.82,12,2016,0.01586681465038886,107.29245283018868,113.73
2017-03-31,612.89,38.89,0.36,0.0,126.25,48.48,58.22,24.0,0.0,564.41,34.42,179.44,307.87,288.91,797.84,350.5,1172.19,0.0,455.76,1.06,589.28,63.76,653.04,107.62,519.14,70.93,-20.89,-20.43,9.74,16.6675,4.98,1.26,0.36,0.0,0.0,13.279999999999998,18.44,29.96,33.92,33.28,6.49,6.35,484.8,1.35,0.86,3,2017,0.0,108.02777777777779,38.89
2017-06-30,538.18,24.240000000000002,0.22654205607476635,0.19,117.22999999999999,30.92000000000001,40.900000000000006,26.75,0.0,507.2600000000001,30.61,137.7,296.2,286.86,736.98,356.33,1117.47,0.0,380.74,1.3,527.27,67.27,594.53,107.62,522.94,-8.140000000000008,-12.759999999999998,-20.79,9.979999999999999,29.520567244224424,5.51,1.14,0.59,0.19,0.32,8.677712656423253,11.918415967052116,18.5380516394741,20.611487406938064,20.65756375732615,5.55,5.48,794.0,1.4,0.85,6,2017,20.330000000000002,107.00000000000001,63.13
2017-09-30,591.6400000000001,25.4,0.2352648819609172,0.0016954704619902903,124.10999999999999,32.33999999999999,42.46000000000001,23.8,0.0,559.3,31.060000000000002,129.8,326.99,287.68,782.77,355.27,1160.66,0.0,394.34,1.32,543.39,68.93,612.32,107.62,548.34,22.839999999999996,-30.230000000000004,-0.5300000000000011,10.120000000000001,25.286816929133863,4.67,1.12,0.82,0.19,0.23,8.756444143228283,11.72881509092963,18.534282164238107,20.198350841522647,20.772167626793177,5.13,5.08,1117.4,1.44,0.91,9,2017,0.18304878048780537,107.96341463414635,88.53
