,revenue,net_profit,eps,dps,gross_profit,ebit,ebitda,close_price,allowance_doubtful_accounts,expense,operating_profit,cash,account_receivable,inventory,current_asset,property_plant_equipment,total_asset,short_term_loan,account_payable,current_portion_long_term_debt,current_liability,non_current_liability,total_liability,paid_in_capital,total_equity,cash_flow_operation,cash_flow_investment,cash_flow_financing,depreciation,P/E,P/BV,D/E,EPS,DPS,DPR%,ROA%,ROAA%,ROE%,ROAE%,ROCE%,NPM%,NPMA%,TIE,CurrentRatio,QuickRatio,month,year,dividend,number_of_shares,return_old
1999-10-31,,,,,,,,11.2,0.0,,,143.02,124.06,639.33,988.43,540.41,1541.06,71.46,200.94,0.0,395.32,0.0,395.32,188.3,1145.74,,,,,,1.84,0.35,1.01,13.0,12.87,,,,,,8.0,7.34,0.0,2.5,0.88,10,1999,,18.801980198019802,18.99
2000-01-31,466.31,99.59,5.282687637038286,-12.965406651982452,115.66999999999999,101.14,124.16,13.4,0.0,365.1600000000001,88.78,31.98,209.1,1061.6,1399.92,586.02,1999.07,260.59,350.61,0.0,752.98,0.0,752.98,188.3,1246.09,-259.94,-41.65,190.55,23.02,0.6340380560297217,2.02,0.6,6.29,0.0,0.0,19.92135941980098,0.0,31.98167650531287,0.0,32.451995277449825,17.1,16.35,0.0,1.86,0.45,1,2000,-244.4257425742574,18.85214626391097,118.58
2000-04-30,1764.0699999999997,243.56,12.933282156072238,0.0,429.19,247.35999999999996,270.36,12.4,0.0,1516.7299999999998,227.73000000000002,208.24,442.99,806.05,1583.66,598.67,2194.28,137.25,337.71,0.0,705.79,0.0,705.79,188.3,1488.49,356.77,-57.800000000000004,-122.69999999999999,23.000000000000007,0.2378978485794055,1.57,0.47,19.23,0.0,0.0,44.38879991163638,0.0,65.45330314243111,0.0,66.47559065554758,14.85,14.55,0.0,2.24,1.1,4,2000,0.0,18.832033281331253,362.14
2000-07-31,1123.3400000000001,202.21000000000004,10.73843129263755,5.0,279.97,203.46000000000004,227.79000000000002,12.1,0.0,919.8700000000003,192.52999999999997,699.13,80.74,784.92,1659.01,599.53,2282.67,107.65,341.38,0.0,688.13,0.0,688.13,188.3,1594.54,639.33,-31.499999999999986,-116.95000000000002,24.33,0.2790910439641956,1.43,0.43,29.97,5.0,0.17,35.429298839372734,0.0,50.721799592451504,0.0,51.338085939576516,15.9,15.62,0.0,2.41,1.27,7,2000,94.15248581915249,18.830497163830497,564.35
2000-10-31,-3145.37,-536.7,-28.53341772151899,23.994424804551386,-790.61,-536.71,-596.38,13.3,0.0,-2608.6600000000003,-488.30999999999995,104.87,183.36,1141.3,1505.1,709.39,2238.77,113.1,407.9,0.0,1068.78,0.0,1068.78,188.3,1169.99,-873.03,29.849999999999994,89.93,-59.67,-0.11656069498788894,2.14,0.91,1.47,29.0,19.73,-96.27602169981918,-142.084773960217,-183.23500904159133,-185.56426763110312,-229.0437613019892,6.31,5.92,0.0,1.41,0.34,10,2000,451.323704657038,18.80952380952381,27.65
2001-01-31,661.4099999999999,156.95,8.332123510292524,-28.958107620079453,177.51999999999998,164.18,194.91000000000003,12.6,0.0,497.22,129.87,22.38,380.36,1420.56,1858.07,773.96,2643.32,650.46,408.7,0.0,1315.29,0.0,1315.29,188.3,1328.02,-287.84,-74.25,279.59000000000003,30.729999999999997,0.37931506849315066,1.79,0.99,9.8,0.0,0.0,23.73804983748646,29.11141928494041,47.272047670639225,48.76842903575298,50.87696641386782,17.11,16.36,0.0,1.41,0.33,1,2001,-545.4761904761905,18.83673469387755,184.6
2001-04-30,2026.4900000000002,373.98,19.85793762755559,0.0,533.01,379.28999999999996,406.94999999999993,12.7,0.0,1647.21,390.26,64.39,620.55,1060.88,1791.13,761.18,2562.77,39.93,586.49,0.0,861.55,0.0,861.55,188.3,1701.22,748.81,-89.44,-617.35,27.660000000000004,0.16056299802128457,1.41,0.51,29.66,0.0,0.0,58.3820688173583,65.07726019549571,87.92125317770059,93.78624082494898,91.0010412116438,18.03,17.7,0.0,2.08,0.85,4,2001,0.0,18.83277140930546,558.58
2001-07-31,1514.9699999999998,194.54999999999995,10.332877458074964,24.0,367.13,195.22000000000003,229.31000000000006,18.2,0.0,1319.75,173.82999999999993,184.94,150.33,870.92,1514.41,738.4,2262.89,34.48,442.99,0.0,819.38,0.0,819.38,188.3,1443.52,859.64,-9.03000000000003,-460.23,34.09,0.44518093035209466,2.37,0.57,40.0,24.0,0.6,34.387816180473486,35.15244911237103,53.90662169877709,51.23040643713567,55.35322454290759,16.35,16.13,0.0,1.85,0.79,7,2001,451.87800000000004,18.82825,753.13
2001-10-31,-4123.35,-719.35,-38.11830965068088,12.055014209591473,-1053.75,-737.88,-828.35,17.9,0.0,-3385.4700000000003,-697.6899999999999,285.5,47.78,765.23,1262.74,722.08,1994.47,14.93,338.01,0.0,743.58,0.0,743.58,188.3,1250.9,-785.88,257.57,729.98,-90.47,-0.11739765065684299,2.69,0.59,1.79,36.0,20.11,-143.95518058022498,-142.25156897572526,-229.98756660746005,-237.6538188277087,-241.06104203670813,6.39,6.18,0.0,1.7,0.67,10,2001,227.49630167597763,18.87150837988827,33.78
2002-01-31,869.46,176.43,9.36662765805623,-36.06782363685796,231.10999999999999,178.34,212.53000000000003,22.4,0.0,691.13,163.95999999999998,182.4,327.3,982.41,1649.18,720.41,2380.6,14.09,470.2,0.0,951.87,0.0,951.87,188.3,1428.73,-97.02,-31.42,-3.3400000000000034,34.190000000000005,0.5987106784560449,2.95,0.67,11.16,0.0,0.0,29.64420151277294,28.569892964178674,49.38462109319252,51.19751676894535,50.22392464678179,15.2,14.84,0.0,1.73,0.7,1,2002,-679.3743016759777,18.836021505376344,210.21
2002-04-30,1471.4,379.98,20.1775245260001,9.0,456.34000000000003,389.09999999999997,424.04,32.2,0.0,1082.29,375.99000000000007,321.25,434.61,858.39,1799.95,684.61,2496.12,14.93,411.07,0.0,856.29,0.0,856.29,188.3,1639.83,337.12,-13.11,-168.29,34.94,0.39995243170693195,3.7,0.52,31.34,9.0,0.29,60.88023992273675,61.36954811162506,92.68527220047781,90.9855700706552,94.66825801860416,20.77,20.44,0.0,2.1,1.1,4,2002,169.48659859604342,18.83184428844927,590.19
2002-07-31,717.8299999999999,158.3699999999999,8.409756732927216,-6.985972096671016e-05,190.44999999999993,172.62,208.05999999999995,30.0,0.0,545.1999999999998,178.39,185.14,133.59,602.29,1727.05,648.46,2389.53,4.84,231.92,0.0,591.11,0.0,591.11,188.3,1798.42,533.3100000000001,-2.8800000000000026,-14.759999999999991,35.44,0.886247395340027,3.14,0.33,39.75,9.0,0.23,26.513477075985875,28.2060067329272,35.221542160949,39.08050977877522,36.49093940365499,21.0,20.76,0.0,2.92,1.9,7,2002,-0.0013155771755180012,18.831698113207544,748.56
2002-10-31,-3403.3,-733.25,-38.79376224689745,0.03311043466472898,-914.78,-758.34,-858.6999999999999,34.0,0.0,-2644.95,-711.45,63.19,98.71,640.36,1666.55,615.19,2295.2,0.0,178.42,0.0,971.42,0.0,971.42,188.3,1323.78,-1028.24,57.67,425.56,-100.36,-0.21913187862257075,4.84,0.73,0.81,9.0,11.11,-128.3546701502286,-153.25930764206402,-222.22599608099281,-227.9732201175702,-247.1306335728282,7.92,7.58,0.0,1.72,1.06,10,2002,0.6258280922432107,18.901234567901234,15.31
2003-01-31,421.17999999999995,22.96,0.11998954794878496,25.11099497720872,37.88,24.540000000000003,59.11999999999999,26.0,0.0,396.64,21.290000000000003,127.42,256.38,819.56,1244.85,602.79,1862.42,0.0,313.05,0.0,515.14,0.0,515.14,188.3,1347.28,-228.58,-26.099999999999998,-489.44,34.58,54.171385017421606,3.63,0.38,0.2,26.0,130.0,4.919571465900182,4.70359027959237,6.8154063234909845,6.6234230467729285,7.4153540632349095,6.26,6.14,0.0,2.42,0.83,1,2003,4804.988888888888,191.35,38.27
2003-04-30,1249.67,152.06,0.8069174591498974,-0.40073031051331137,207.04999999999998,160.55,194.70999999999998,18.7,0.0,1089.12,158.95,96.71,463.27,932.34,1581.09,579.95,2175.72,18.48,462.04,0.0,676.18,0.0,676.18,188.3,1499.54,-72.49000000000001,23.409999999999997,18.369999999999948,34.16,5.792135176903854,2.35,0.45,1.01,26.0,25.74,27.962486208164766,27.64291493721431,40.55359428361267,38.76399516629013,43.07820732412126,10.24,10.16,0.0,2.34,0.96,4,2003,-75.51584158415699,188.44554455445547,190.33
2003-07-31,799.1099999999999,171.56999999999996,0.9102359767891682,0.006074650018185411,200.48000000000002,181.15,214.68000000000006,20.5,0.0,617.97,156.11,125.76,196.65,792.53,1516.68,553.21,2083.59,1.03,232.11,15.76,411.0,0.0,411.0,188.3,1672.59,357.51,-15.950000000000001,-17.66999999999996,33.53,5.631946144430845,2.31,0.25,1.92,26.0,13.54,32.93916441005803,32.50300967117988,41.03647195357833,39.5383752417795,43.463767891682785,13.71,13.54,0.0,3.69,1.76,7,2003,1.1450082508235937,188.48958333333331,361.9
2003-10-31,-2353.7799999999997,-356.9,-19.272599999999997,-238.63937499999994,-492.4,-376.1,-484.32000000000005,20.9,0.0,-1977.69,-387.07,64.54,186.1,798.58,1435.58,523.58,1977.19,0.0,136.47,0.0,532.48,0.0,532.48,188.3,1444.7,-99.50999999999999,-175.14000000000001,492.56,-108.22,-0.2711193611655926,2.72,0.37,0.27,26.0,96.3,-71.38,-97.0768,-99.93199999999999,-102.78719999999998,-142.76,1.76,1.57,0.0,2.7,1.2,10,2003,-4419.247685185184,18.51851851851852,5.0
2004-01-31,693.67,-34.58,-0.1870453008789723,-1.3543623068639978,-10.49,-36.43,-9.650000000000002,16.7,0.0,730.1000000000001,-52.89,158.06,359.59,906.45,1509.48,594.59,2128.87,168.01,379.94,13.79,716.14,0.0,716.14,188.3,1412.73,-11.219999999999999,96.83000000000001,-67.03,26.78,-22.321865240023136,2.23,0.51,-0.16,1.25,-7.81,-6.499824205544286,-6.827153482082488,-9.773116970926301,-10.006923597025018,-9.679594320486814,-3.08,-2.92,0.0,2.11,0.84,1,2004,-250.38773148148155,184.87499999999997,-29.58
2004-04-30,1329.69,176.45999999999998,0.9370833333333333,0.022786458333333346,233.63000000000002,196.73,221.70999999999998,8.5,0.0,1132.9599999999998,177.26,141.6,185.56,855.97,1419.78,651.4,2096.24,0.0,341.3,0.0,506.08,0.0,506.08,188.3,1590.16,406.19,-105.06,-168.17000000000002,24.980000000000004,2.2682080924855494,1.01,0.32,0.78,1.25,1.6,33.68694444444444,37.675555555555555,44.40333333333333,45.700833333333335,50.60249999999999,6.47,6.27,0.0,2.81,1.11,4,2004,4.290865384615387,188.3076923076923,146.88
2004-07-31,915.31,97.72,0.5193622240392478,-0.0010220768601798158,156.96999999999997,99.88999999999999,146.81,10.5,0.0,815.4200000000001,97.43,312.38,198.69,636.28,1469.4,621.27,2117.57,1.07,261.9,0.0,425.21,0.0,425.21,188.3,1692.36,292.98,-4.77000000000001,1.3599999999999852,46.92,5.056201391731477,1.17,0.25,1.3,1.25,0.96,18.45733442354865,20.34301880621423,23.091643499591168,23.235466884709727,25.248994276369586,7.68,7.51,0.0,3.46,1.96,7,2004,-0.1923076923076792,188.15384615384613,244.6
2004-10-31,-2846.29,-331.08,-1.7610638297872339,-0.0010229132569557404,-376.12,-353.84999999999997,-452.68,13.9,0.0,-2492.44,-230.41000000000003,92.91,155.41,718.73,1492.0,593.39,2111.37,0.66,328.3,0.0,882.94,0.0,882.94,188.3,1228.42,-598.76,204.92000000000002,234.53,-98.83000000000001,-1.973409447867585,2.13,0.72,-0.46,1.25,-2.72,-62.78575393154486,-64.77652173913043,-107.80773358001849,-99.07898242368177,-107.80773358001849,-21.26,-21.06,0.0,1.69,0.88,10,2004,-0.1923076923076792,188.0,-86.48
2005-01-31,890.35,11.299999999999997,0.060122372971534964,0.7496674647512638,39.15,11.61,42.61,9.05,0.0,878.7399999999999,-29.269999999999996,76.68,434.79,622.78,1203.26,563.44,1792.97,171.64,278.95,0.0,558.71,0.0,558.71,188.3,1234.26,-305.51,4.7700000000000005,-204.29999999999998,31.0,37.639898230088505,1.38,0.45,-0.4,2.0,-5.0,2.519127427507315,2.2966746475126354,3.661452513966479,3.414950784783186,3.643415802075019,-5.96,-5.78,0.0,2.15,1.04,1,2005,140.90000000000003,187.95000000000002,-75.18
2005-04-30,442.6299999999999,-140.70999999999998,-0.7495321691602204,-0.002339154198897605,-24.959999999999997,-140.65,-74.24,3.62,27.99,583.28,-76.1,46.6,210.43,319.66,763.78,538.03,1326.19,0.0,145.3,0.0,230.03,0.0,230.03,188.3,1096.16,313.87,-2.3200000000000003,-173.06,66.41,-1.2082536777769883,0.62,0.21,-1.15,2.0,-1.74,-42.443073787577006,-32.82299133818148,-51.35924776506553,-41.89558942053823,-51.25496502848672,-12.47,-12.38,0.0,3.32,1.93,4,2005,-0.43913043478261216,187.7304347826087,-215.89
2005-07-31,59.7800000000002,-157.48000000000002,-0.835124407424271,0.008912012911775216,1.8500000000000014,-157.47000000000003,-43.82000000000001,3.46,0.0,217.25,-36.55000000000001,92.13,47.42,402.95,713.23,499.47,1237.12,0.0,102.8,0.0,189.95,0.0,189.95,188.3,1047.16,-16.83,41.839999999999996,0.2599999999999909,113.65,-1.0372706057912116,0.62,0.18,-1.98,2.0,-1.01,-50.91728205265555,-37.52154913356724,-60.16269973484747,-45.99089160885985,-60.09521493424753,-21.41,-20.7,0.0,3.75,1.63,7,2005,1.6805445761967235,188.57070707070707,-373.37
2005-10-31,-1751.3400000000001,198.20000000000002,1.0522692241822231,-0.0022921456386092026,-50.72,197.80000000000004,-29.180000000000007,2.74,0.0,-1949.1399999999999,125.74000000000001,102.96,3.03,342.06,605.57,417.94,1047.5,0.0,57.66,0.0,178.06,0.0,178.06,188.3,869.44,1.4400000000000002,-36.879999999999995,377.40000000000003,-226.98,0.651805625630676,0.59,0.2,-0.93,2.0,-2.15,75.6728663583947,50.19211052120797,91.19666609579266,75.58234857566936,91.19666609579266,-366.85,-336.48,0.0,3.4,1.48,10,2005,-0.4317367220593269,188.3548387096774,-175.17
2006-01-31,57.239999999999995,-46.57000000000002,-0.2478244791196898,-2.0046785395275486,-9.670000000000002,-46.57000000000002,-39.51999999999998,2.84,0.0,103.81000000000003,-22.109999999999992,51.73,10.58,293.78,558.72,390.9,957.76,0.0,45.93,0.0,135.43,0.0,135.43,188.3,822.33,-57.089999999999996,10.92,-0.010000000000000002,7.050000000000001,-2.868764225896499,0.65,0.16,-1.18,0.0,0.0,-19.44792098854515,-13.542137638675934,-22.64863714259945,-18.112189050239028,-22.64863714259945,-219.11,-202.87,0.0,4.13,1.96,1,2006,-376.7096774193548,187.91525423728817,-221.74
2006-04-30,54.42,-97.44999999999999,-0.5190168864939377,0.0,-12.54,-97.39999999999998,-89.74000000000001,2.66,2.0,151.81,-28.30000000000001,70.06,6.68,199.65,468.2,357.26,833.21,0.0,24.34,0.0,111.96,0.0,111.96,188.3,721.26,14.339999999999996,-0.35999999999999943,0.0,7.659999999999997,-1.2774150846587995,0.69,0.16,-1.7,0.0,0.0,-46.784792756665304,-36.09915097590776,-54.03881700554528,-42.901325229487135,-54.03881700554528,-212.47,-194.96,0.0,4.18,2.4,4,2006,0.0,187.75882352941176,-319.19
2006-07-31,175.76000000000002,-65.94,-0.3509905746111702,0.0,-53.839999999999996,-65.78000000000003,-59.01999999999998,1.87,3.17,241.54999999999995,-62.42,62.57,65.34,36.33,406.95,334.19,756.3,14.91,18.19,0.0,101.88,0.0,101.88,188.3,654.41,40.92,-58.879999999999995,14.899999999999999,6.760000000000005,-1.3287393842887474,0.54,0.16,-2.05,0.0,0.0,-34.87305377405032,-26.449279983382233,-40.303990860229014,-31.003596707605226,-40.283445070495674,-136.24,-113.45,0.0,3.99,3.64,7,2006,0.0,187.86829268292684,-385.13
2006-10-31,-227.07000000000002,405.33,2.207242574257426,0.0,65.37,405.28000000000003,374.04999999999995,1.88,0.0,-632.3399999999999,115.59,38.37,45.94,31.75,420.86,320.28,755.91,0.0,17.66,0.0,83.86,0.0,83.86,188.3,672.06,24.34,1.1199999999999974,-17.86,-31.230000000000004,0.21292403720425332,0.53,0.12,0.11,0.0,0.0,214.30318811881187,181.39520792079205,241.5927326732673,210.2900198019802,243.19799999999998,46.79,17.97,0.0,5.02,4.64,10,2006,0.0,183.63636363636363,20.2
2007-01-31,130.83,15.059999999999999,0.0811514463981849,0.0,-56.32,15.219999999999999,22.14,2.04,0.0,115.6,-75.91,42.77,22.73,18.08,424.94,358.88,798.65,11.57,13.04,0.0,112.7,0.0,112.7,188.3,685.96,69.1,-61.82000000000001,-0.33999999999999986,6.919999999999999,6.286394422310757,0.56,0.16,0.19,0.0,0.0,7.534271128757799,6.919228587634713,8.781440726035166,7.995553034600113,8.866863301191152,42.56,14.5,0.0,3.77,3.61,1,2007,0.0,185.57894736842104,35.26
2007-04-30,70.70999999999998,0.2700000000000031,0.0014438502673796959,0.0,-10.260000000000005,0.4100000000000037,6.719999999999999,1.84,0.0,70.29999999999998,-19.53,21.38,56.17,9.59,445.64,342.67,802.94,7.64,25.2,0.0,83.93,34.44,118.37,188.3,684.57,-40.839999999999996,20.91000000000001,-3.9299999999999997,6.3100000000000005,318.45407407407043,0.51,0.17,0.19,0.0,0.0,0.13435406698564747,0.1337461300309613,0.15775963974106572,0.15350408105826238,0.15228820714889002,26.59,11.32,0.0,5.31,5.2,4,2007,0.0,187.0,35.53
2007-07-31,62.150000000000034,22.5,0.12019645011201104,0.0,5.25,22.53,25.040000000000006,2.18,0.0,39.620000000000005,9.180000000000007,35.92,68.96,21.65,485.75,338.13,826.08,0.0,33.11,0.0,86.15,33.47,119.62,188.3,706.46,10.29,9.159999999999997,-7.640000000000001,2.5100000000000016,4.532787777777778,0.58,0.17,0.31,0.0,0.0,10.887471997242804,11.476822333275893,12.733069102188525,13.229364122005856,12.26779252110977,33.06,15.43,0.0,5.64,5.39,7,2007,0.0,187.19354838709677,58.03
2007-10-31,-285.46000000000004,-30.42,-0.16526620789569,0.0,101.98,-30.900000000000002,-48.290000000000006,2.22,0.0,-254.55999999999997,119.5,24.72,79.17,28.31,540.09,302.5,844.59,0.0,27.96,0.0,75.26,33.66,108.93,188.3,735.66,-76.0,69.0,14.91,-17.39,-3.3582182774490463,0.57,0.15,0.15,0.0,0.0,-14.411213328504166,-15.204491126403479,-16.526620789568998,-17.27582759869613,-15.821484969214053,58.27,30.46,0.0,7.18,6.8,10,2007,0.0,184.06666666666666,27.61
2008-01-31,69.05,6.859999999999999,0.03582245430809399,0.0,3.07,6.870000000000001,11.86,2.6,0.0,62.18999999999999,-10.499999999999998,26.7,94.5,32.21,551.07,295.12,847.95,0.0,23.18,0.0,71.96,32.71,104.67,188.3,743.28,-5.780000000000001,12.57,0.0,4.989999999999999,18.139460641399417,0.66,0.14,0.18,0.0,0.0,3.2399419785320567,3.335468523353641,3.6936930664345806,3.8369828836669573,3.5344821583986077,35.37,21.59,0.0,7.66,7.21,1,2008,0.0,191.5,34.47
2008-04-30,62.370000000000005,5.509999999999998,0.028941970985492737,0.0,2.3499999999999996,5.509999999999998,11.43,2.84,0.0,56.85000000000001,-16.290000000000003,40.58,74.49,49.87,564.73,289.97,856.27,0.0,27.88,0.0,72.78,35.74,108.52,188.3,747.74,8.670000000000002,4.659999999999999,0.0,5.920000000000002,24.524936479128865,0.72,0.15,0.21,0.0,0.0,2.5744572286143064,2.657148574287143,2.9493246623311644,3.076118059029514,2.8170185092546265,28.77,18.0,0.0,7.76,7.07,4,2008,0.0,190.38095238095238,39.98
2008-07-31,94.25,-1.4099999999999966,-0.007311381903033428,0.0,-21.71,-1.3900000000000006,3.950000000000003,2.12,0.0,95.63999999999999,-43.41,15.58,75.48,52.53,570.84,284.5,856.84,0.0,23.1,0.0,70.69,33.21,103.89,188.3,752.94,-3.0600000000000005,370.38,0.0,5.34,-72.48971631205691,0.53,0.14,0.2,0.0,0.0,-0.6580243712730085,-0.6711848586984687,-0.7486855068706231,-0.7735442053409367,-0.7179777028778828,20.78,12.19,0.0,8.08,7.33,7,2008,0.0,192.85,38.57
2008-10-31,-248.19,-52.09,-0.26969674556213025,0.08,23.689999999999998,-52.1,-68.44,2.0,0.0,-196.08999999999997,71.67,15.43,73.16,74.49,578.76,161.66,870.6,0.0,41.9,0.0,121.2,3.3,124.5,188.3,746.1,19.15,-383.27,-0.02,-16.34,-1.8538414282971778,0.5,0.17,-0.07,0.08,-1.14,-23.887426035502962,-24.19565088757397,-27.894349112426042,-28.048461538461545,-27.74023668639054,-24.09,-19.85,0.0,4.78,4.16,10,2008,15.451428571428568,193.1428571428571,-13.52
2009-01-31,47.19,-82.53,-0.43821238938053103,-0.08204298356510745,-1.33,-82.51,-61.550000000000004,2.5,0.0,129.7,-22.080000000000002,14.89,45.81,47.22,505.19,115.5,740.78,0.0,12.89,13.07,90.53,3.3,93.82,188.3,646.96,-10.83,25.169999999999998,-15.07,20.959999999999997,-1.4256785411365565,0.73,0.15,-0.51,0.0,0.0,-44.57737011972931,-41.55284539302447,-51.0388547631442,-47.49878604893285,-50.72952837064029,-106.72,-83.3,0.0,5.58,5.06,1,2009,-15.451428571428568,188.33333333333331,-96.05
2009-04-30,25.789999999999992,4.810000000000002,0.025304690925032892,0.0,0.16000000000000014,4.819999999999993,-10.260000000000005,2.4,0.0,20.97,-8.46,19.14,41.78,38.47,442.94,114.09,740.25,0.0,8.01,0.0,85.18,3.3,88.48,188.3,651.77,18.0,-13.739999999999998,-0.019999999999999574,-15.079999999999998,23.7110187110187,0.69,0.14,-0.48,0.0,0.0,2.6000569925471297,2.4081630863656303,2.9522139412538375,2.7497764138535743,2.9353441473038155,-90.44,-64.66,0.0,5.2,4.75,4,2009,0.0,190.08333333333334,-91.24
2009-07-31,40.140000000000015,16.22,0.08648360437216743,0.0,2.4499999999999993,16.220000000000013,18.470000000000006,2.36,0.0,23.909999999999997,-4.769999999999996,342.54,40.36,34.88,528.5,137.02,754.19,0.0,6.78,0.0,82.91,3.3,86.2,188.3,667.99,12.049999999999999,-73.64,-0.009999999999999787,2.25,6.822102342786684,0.67,0.13,-0.4,0.0,0.0,8.605118635030657,8.051623567048788,9.712108770994401,9.13266862170088,9.660218608371101,-63.27,-41.39,-1249.33,6.37,5.95,7,2009,0.0,187.54999999999998,-75.02
2009-10-31,-146.45000000000002,80.39999999999999,0.44832713754646836,0.0,-9.84,80.39999999999999,69.33,2.08,0.0,-226.84,42.629999999999995,329.88,45.52,22.31,482.92,136.06,757.97,0.0,5.15,0.0,81.3,3.3,84.6,188.3,673.37,-14.729999999999999,45.300000000000004,15.059999999999999,-11.07,1.159811567164179,0.58,0.13,0.03,0.0,0.0,42.441635687732344,40.05055762081784,47.82156133828996,45.430483271375465,47.82156133828996,24.41,15.46,90.67,5.94,5.67,10,2009,0.0,179.33333333333334,5.38
2010-01-31,25.92,4.420000000000001,0.02255102040816327,0.0,2.33,4.46,6.569999999999999,2.6,0.0,21.449999999999996,-4.050000000000001,332.16,43.87,19.55,483.34,135.19,756.23,0.0,2.92,0.0,78.44,0.0,78.44,188.3,677.78,0.75,1.5799999999999983,-0.05,2.11,28.823529411764703,0.72,0.12,0.05,0.0,0.0,2.34530612244898,2.3813877551020415,2.6159183673469393,2.6700408163265306,2.6339591836734697,25.24,16.14,90.0,6.16,5.91,1,2010,0.0,196.0,9.8
2010-04-30,21.550000000000004,1.3499999999999996,0.007264573991031388,0.0,2.08,1.42,3.4300000000000015,2.4,0.0,20.14,-5.48,344.38,42.56,17.68,492.46,97.87,724.6,0.0,5.06,0.0,45.46,0.0,45.46,188.3,679.14,8.999999999999998,3.280000000000001,-0.06000000000000001,2.01,82.59259259259261,0.67,0.07,0.06,0.0,0.0,0.7458295964125559,0.7506726457399102,0.7942600896860983,0.8136322869955154,0.8087892376681612,21.03,13.55,66.59,10.83,10.44,4,2010,0.0,185.83333333333334,11.15
2010-07-31,21.69999999999999,1.9299999999999997,0.01032874617737003,0.0,1.4099999999999993,1.8399999999999999,3.8200000000000003,2.52,0.0,19.86,-7.009999999999998,361.58,38.26,19.93,503.5,73.5,725.08,0.0,3.04,0.0,44.01,0.0,44.01,188.3,681.07,5.260000000000002,11.84,0.1,1.9799999999999995,60.99481865284975,0.7,0.06,0.07,0.0,0.0,1.0623853211009173,1.0505810397553514,1.1332110091743115,1.1450152905198774,1.1391131498470946,20.02,12.58,188.0,11.44,10.99,7,2010,0.0,186.85714285714283,13.08
2010-10-31,-80.78,-9.99,-0.06466019417475728,0.0,-4.22,-10.01,-16.32,2.32,0.0,-70.77,20.52,360.71,44.21,17.7,506.92,72.78,726.53,0.0,1.23,0.0,42.37,0.0,42.37,188.3,684.16,-26.8,6.87,0.010000000000000009,-6.31,-8.96996996996997,0.64,0.06,0.02,0.0,0.0,-5.560776699029127,-5.431456310679612,-5.819417475728156,-5.94873786407767,-5.94873786407767,18.59,13.33,52.5,11.96,11.55,10,2010,0.0,154.5,3.09
2011-01-31,108.63,93.77,0.4937301259549866,0.0,1.8899999999999997,93.74,94.61999999999999,2.28,0.0,14.89,-3.93,504.62,37.12,19.5,654.42,49.94,820.87,0.0,1.7,0.0,42.93,0.0,42.93,188.3,777.94,2.8200000000000003,141.07000000000002,0.03,0.8800000000000001,1.154324944011944,0.55,0.06,0.51,0.0,0.0,45.69423910799092,47.59171174891596,48.21129465207515,51.54155275655585,48.21129465207515,358.21,73.48,3229.67,15.24,14.79,1,2011,0.0,189.92156862745097,96.86
2011-04-30,17.189999999999998,2.1400000000000006,0.01145656565656566,0.0,1.7100000000000009,2.1500000000000057,3.5799999999999983,3.14,0.0,15.04,-4.39,507.58,39.53,19.35,660.81,49.28,826.49,0.0,4.44,0.0,46.42,0.0,46.42,188.3,780.07,-1.0400000000000003,4.019999999999982,-0.010000000000000002,1.4300000000000002,68.46728971962615,0.76,0.06,0.53,0.0,0.0,1.035846464646465,1.1041535353535357,1.0972363636363638,1.1733252525252529,1.0981010101010102,267.78,66.44,2476.0,14.24,13.82,4,2011,0.0,186.79245283018867,99.0
2011-07-31,22.569999999999993,3.969999999999999,0.021205205399630958,0.0,5.75,3.989999999999995,6.180000000000007,4.3,0.0,18.580000000000005,-6.27,513.58,39.06,28.87,593.5,48.63,828.0,0.0,1.9,0.0,43.96,0.0,43.96,188.3,784.04,-0.48,6.5,-0.030000000000000006,2.1899999999999995,50.70688916876576,1.03,0.06,0.55,0.0,0.0,1.918492764882975,2.046495095658929,2.024904341070214,2.1683286394095362,2.026446537826551,211.26,60.02,1471.86,13.5,12.84,7,2011,0.0,187.2181818181818,102.97
2011-10-31,-146.04999999999998,-96.41,-0.44089939024390246,0.38,-10.15,-96.47,-101.5,3.36,0.0,-49.580000000000005,13.92,363.35,42.99,22.08,537.81,49.47,741.2,0.0,2.55,0.0,51.78,2.04,53.81,188.3,687.39,15.8,-150.5,-70.53,-5.029999999999999,-1.90519655637382,0.92,0.08,0.03,0.38,12.67,-52.320060975609756,-52.320060975609756,-55.84725609756097,-56.43512195121951,-55.84725609756097,42.51,25.71,0.0,10.39,9.96,10,2011,83.09333333333333,218.66666666666666,6.56
2012-01-31,23.02,-2.46,-0.012000000000000002,-0.4053333333333334,2.4000000000000004,-0.7799999999999994,0.8599999999999994,4.02,0.0,23.799999999999997,-10.440000000000001,330.46,50.57,19.53,535.4,44.52,733.08,0.0,24.36,0.0,46.89,2.1,48.98,188.3,684.1,-3.84,-28.14,-0.9200000000000017,1.6400000000000001,-83.74999999999999,1.11,0.07,0.02,0.0,0.0,-1.3440000000000003,-1.7760000000000002,-1.4400000000000002,-1.3440000000000003,-2.016,14.24,8.45,0.0,11.42,11.0,1,2012,-83.09333333333333,204.99999999999997,4.1
2012-04-30,23.880000000000003,0.45999999999999996,0.002017543859649123,0.0,2.2399999999999993,0.45999999999999996,5.880000000000001,3.92,0.0,23.410000000000004,-7.529999999999999,206.32,53.89,21.23,539.42,43.36,731.82,0.0,23.81,0.0,45.1,2.16,47.26,188.3,684.56,-4.890000000000001,-119.24000000000001,0.0,5.42,485.73913043478257,1.08,0.07,0.02,0.0,0.0,0.2501754385964912,0.32280701754385965,0.27035087719298245,0.2501754385964912,0.3671929824561404,10.21,6.3,0.0,11.96,11.49,4,2012,0.0,227.99999999999997,4.56
2012-07-31,25.129999999999995,-13.3,-0.07608695652173914,0.0,2.55,-9.98,-8.3,3.52,0.0,35.120000000000005,-20.29,157.83,47.48,24.39,545.83,50.9,733.27,0.0,26.15,0.0,50.33,2.22,52.55,188.3,680.72,6.3100000000000005,-54.81,0.0,1.6799999999999997,-11.565714285714286,0.97,0.08,-0.05,0.0,0.0,-7.243478260869565,-2.9217391304347826,-7.791304347826087,-7.243478260869565,-3.3478260869565224,-14.69,-8.96,0.0,10.85,10.36,7,2012,0.0,174.79999999999998,-8.74
2012-10-31,-76.09,12.25,0.06980056980056981,0.0,-8.219999999999999,8.350000000000001,-1.0200000000000005,3.5,0.0,-84.44,36.53,17.75,38.75,24.28,548.81,50.72,735.48,0.0,23.96,0.0,48.97,2.28,51.25,188.3,684.23,-2.880000000000001,50.04000000000002,71.52,-9.37,12.535714285714286,0.96,0.07,0.02,0.0,0.0,6.700854700854702,8.655270655270657,7.11965811965812,7.11965811965812,9.353276353276355,30.26,16.36,0.0,11.21,10.71,10,2012,0.0,175.49999999999997,3.51
2013-01-31,22.82,5.359999999999999,0.030214205186020294,0.0,2.1900000000000004,7.0200000000000005,7.8100000000000005,3.72,0.0,15.799999999999997,-3.8100000000000005,33.29,37.02,15.63,552.62,50.55,738.56,0.0,21.86,0.0,45.34,3.62,48.97,188.3,689.59,11.559999999999999,3.9799999999999898,0.0,0.79,30.780223880597017,1.02,0.07,0.05,0.0,0.0,2.900563697857948,3.8190755355129653,3.118105975197294,3.118105975197294,4.060789177001127,37.63,20.03,0.0,12.19,11.84,1,2013,0.0,177.39999999999998,8.87
2013-04-30,44.209999999999994,24.720000000000006,0.1324679964275082,0.0,0.8999999999999995,25.75,26.349999999999998,6.0,0.0,18.450000000000003,-6.59,193.14,41.04,7.79,558.56,50.34,741.74,0.0,22.41,0.0,23.19,4.24,27.43,188.3,714.31,8.510000000000002,151.73,0.0,0.6000000000000001,11.32235740291262,1.58,0.04,0.18,0.0,0.0,13.33511164036916,14.924727597499258,13.835546293539746,14.129919618934208,15.307412920512059,94.78,37.96,0.0,24.09,23.75,4,2013,0.0,186.61111111111114,33.59
2013-07-31,32.05000000000001,14.419999999999995,0.07508852322432824,0.0,1.3900000000000006,15.759999999999998,16.36,4.98,0.0,16.300000000000004,-6.699999999999999,520.17,31.79,14.86,574.89,49.72,756.45,0.0,20.53,0.0,22.37,4.85,27.21,188.3,729.24,12.45,314.59,0.0,0.5999999999999996,16.58042995839113,1.29,0.04,0.25,0.0,0.0,7.628993959591749,8.566098729431365,7.905319725057278,8.181645490522806,8.698254530306183,106.59,39.83,0.0,25.7,25.03,7,2013,0.0,192.04,48.01
2013-10-31,-79.89000000000001,-31.349999999999998,-0.1693577430972389,0.0,-1.21,-35.29,-37.089999999999996,5.1,0.0,-44.60000000000001,18.439999999999998,82.69,44.98,14.51,142.26,451.56,734.93,0.0,11.43,0.0,14.29,3.71,18.0,188.3,716.93,-48.78,-751.4,0.0,-1.7999999999999998,-7.528885167464115,1.34,0.03,0.09,0.0,0.0,-17.086314525810323,-18.2906362545018,-17.462665066026407,-17.91428571428571,-18.666986794717886,88.29,40.98,0.0,9.96,8.94,10,2013,0.0,185.11111111111111,16.66
2014-01-31,42.04,3.0700000000000003,0.015560060821084645,0.0,10.24,4.149999999999999,5.879999999999999,4.8,0.0,37.89,-5.33,53.32,45.86,16.42,115.68,502.6,764.67,0.0,31.28,0.0,34.11,10.56,44.67,188.3,720.0,17.8,-47.210000000000036,0.0,1.73,77.12052117263843,1.26,0.06,0.1,0.0,0.0,1.6057982767359351,1.8236391282311202,1.705382665990877,1.74272681196148,1.8734313228585908,38.36,23.86,0.0,3.39,2.91,1,2014,0.0,197.29999999999998,19.73
2014-04-30,32.519999999999996,2.599999999999998,0.013972234661889824,0.0,21.11,3.5199999999999996,4.559999999999999,4.62,0.0,29.0,10.870000000000001,58.61,36.69,13.24,108.64,512.51,767.88,0.0,31.91,0.0,33.83,11.45,45.28,188.3,722.6,4.5,0.7900000000000205,0.0,1.04,82.66394230769237,1.2,0.06,0.12,0.0,0.0,1.3553067622033128,1.5742051052395867,1.4391401701746516,1.4484549932825783,1.6207792207792198,24.46,19.38,0.0,3.21,2.82,4,2014,0.0,186.08333333333331,22.33
2014-07-31,27.12000000000002,-13.879999999999999,-0.06570414201183432,0.0,6.309999999999995,-12.41,-11.04,4.32,0.0,39.53,-15.879999999999999,47.27,21.2,7.51,75.99,525.63,747.25,0.0,24.22,0.0,26.41,12.12,38.53,188.3,708.72,15.609999999999998,-26.94999999999999,0.0,1.3699999999999997,-16.437319884726225,1.15,0.05,0.04,0.0,0.0,-7.424568047337277,-11.43252071005917,-7.818792899408284,-7.753088757396449,-11.958153846153847,7.35,5.94,0.0,2.88,2.59,7,2014,0.0,211.24999999999997,8.45
2014-10-31,-113.69000000000001,-18.71,-0.09117933723196882,0.0,-39.66,-21.92,-24.83,7.25,0.0,-91.77,0.28999999999999915,52.03,5.46,0.56,65.43,526.11,736.14,0.0,22.84,0.0,27.28,10.4,37.68,188.3,698.47,-22.549999999999997,500.11,0.0,-2.9099999999999997,-19.878407268840192,1.95,0.05,-0.05,0.0,0.0,-10.139142300194932,-8.753216374269005,-10.722690058479532,-10.576803118908382,-9.044990253411306,-43.7,-35.82,0.0,2.4,2.38,10,2014,0.0,205.2,-10.26
2015-01-31,39.11,-2.6799999999999997,-0.0041421947449768156,0.0,10.08,-1.9699999999999989,10.5,4.86,0.0,41.08,-3.42,64.11,5.23,0.69,75.56,514.57,734.94,0.0,26.03,0.0,28.49,10.67,39.16,188.3,695.78,12.5,-0.3600000000000003,0.0,12.469999999999999,-293.3227611940299,1.32,0.06,-0.02,0.0,0.0,-1.458052550231839,-1.192952086553323,-1.5408964451313756,-1.5160432766615146,-1.2675115919629056,-21.16,-19.1,0.0,2.65,2.63,1,2015,0.0,647.0,-12.94
2015-04-30,27.650000000000006,-2.0,-0.002677376171352075,0.0,7.119999999999999,-3.2200000000000006,4.82,1.16,0.0,30.870000000000005,-10.91,245.38,9.42,0.0,260.35,6.92,945.2,0.0,9.64,0.0,10.47,4.22,14.69,278.76,930.52,-22.950000000000003,-32.5,236.74,8.04,-108.315,1.39,0.02,-0.02,0.0,0.0,-0.8460508701472558,-0.8728246318607764,-0.8621151271753682,-0.9692101740294512,-0.8032128514056225,-18.42,-15.66,0.0,24.87,24.87,4,2015,0.0,747.0,-14.94
2015-07-31,18.03,-122.91,-0.1426594124047878,0.0,8.68,-121.43,-112.78999999999999,1.04,0.0,139.46,-113.17999999999999,66.99,17.84,0.0,229.3,37.13,828.85,0.0,9.27,0.62,10.47,10.77,21.24,300.0,807.61,-39.75,-138.77999999999997,0.0,8.64,-1.8225225774957285,1.55,0.03,-0.16,0.0,0.0,-59.310650707290534,-61.307882480957566,-60.8799042437432,-64.83870293797607,-59.02533188248096,-128.36,-121.53,0.0,21.9,21.9,7,2015,0.0,861.5625,-137.85
2015-10-31,-95.44000000000001,132.43,-0.0,,-21.98,131.04000000000002,108.49,1.04,0.0,-226.48000000000002,135.97,62.67,7.71,54.91,187.46,39.89,953.56,0.0,10.36,0.75,99.93,39.44,139.37,300.0,802.19,1.8699999999999974,84.58999999999999,-110.34,-22.549999999999997,-0.0,1.56,0.17,0.0,0.0,0.0,55.708560885608854,50.82184501845019,66.45933579335795,70.36870848708487,49.844501845018456,-32.13,-30.13,-1.97,1.88,1.33,10,2015,,-inf,-5.42
2015-12-31,15.140000000000004,-8.77,-0.006180408738548273,,5.569999999999999,-7.87,-1.7800000000000002,1.0,0.0,23.01,-9.65,48.95,7.43,62.31,251.83,79.88,1066.76,0.0,22.68,0.75,214.59,40.19,254.78,300.0,792.95,-5.560000000000002,-105.74,97.57999999999998,6.09,-40.45039908779932,1.51,0.32,-0.01,0.0,0.0,-3.287977448907682,0.0,-4.425172656800563,0.0,-3.5599154334038055,-46.94,-42.83,-2.7,1.17,0.88,12,2015,,1419.0,-14.19
2016-03-31,29.42,1.85,0.0,,9.5,5.57,14.63,0.79,0.0,23.85,-4.6,54.03,7.41,79.06,512.0,78.04,1361.28,4.9,17.6,0.75,510.91,36.76,547.67,300.0,794.8,-29.23,-261.22,295.53,9.06,0.0,1.19,0.69,0.0,0.0,0.0,0.56,0.0,0.92,0.0,2.64,9.61,6.29,3.74,1.0,0.85,3,2016,,inf,1.85
2016-06-30,67.13,2.4999999999999996,0.0,,33.45,19.14,42.83,0.78,0.0,47.99,16.35,33.9,27.18,90.52,309.62,606.71,1653.32,3.3,21.5,36.75,558.96,278.98,837.94,300.0,797.3,-37.53,46.45000000000002,-29.049999999999955,23.689999999999998,0.0,1.17,1.05,0.0,0.0,0.0,0.5977011494252873,0.0,1.2643678160919538,0.0,5.195402298850573,5.2,4.51,2.3,0.55,0.39,6,2016,,inf,4.35
2016-09-30,53.540000000000006,-0.9199999999999995,-0.0,,17.14,19.560000000000002,36.330000000000005,0.78,0.0,33.97999999999999,4.43,38.52,28.18,132.88,433.34,602.28,1788.21,12.69,21.49,37.2,92.89,865.84,958.73,300.0,796.38,-38.50999999999999,-69.54999999999998,112.68,16.770000000000003,-0.0,1.18,1.2,0.0,0.0,0.0,-0.20384839650145758,-0.0,-0.4613411078717198,-0.0,-2.800233236151602,2.81,2.29,1.7,4.67,3.23,9,2016,,inf,3.43
2016-12-31,45.97999999999999,-25.95,-0.023046181172291295,,10.439999999999998,-2.3300000000000054,14.709999999999994,0.69,0.0,48.31,-7.9,30.64,37.5,156.3,444.15,594.76,1789.65,22.22,23.23,37.65,109.8,877.15,986.95,300.0,770.43,-157.08000000000004,144.76,4.449999999999989,17.04,-7.484971098265896,1.07,1.28,-0.02,0.0,0.0,-5.807637655417406,13.551154529307283,-13.458969804618116,-13.274600355239786,11.523090586145647,-13.87,-11.49,1.09,4.05,2.62,12,2016,,1126.0,-22.52
2017-03-31,69.86,-1.13,0.0,,30.2,16.7,34.36,0.61,0.0,53.16,13.73,77.04,31.78,149.07,432.02,587.96,1748.76,10.44,22.59,38.32,83.7,861.58,945.28,300.0,769.3,54.28,46.25,-54.13,17.66,0.0,0.95,1.23,0.0,0.0,0.0,-0.24000000000000002,4.28,-0.6,-0.56,4.0,-1.69,-1.62,1.28,5.16,3.38,3,2017,,-inf,-1.13
2017-06-30,97.94000000000001,-0.25,0.0,,33.18000000000001,19.180000000000003,37.510000000000005,0.53,0.0,78.75999999999999,12.84,32.09,29.11,132.38,394.74,1015.76,1714.31,0.92,28.66,631.9,671.31,236.71,908.01,300.0,769.05,35.099999999999994,-31.83,-48.23,18.330000000000002,0.0,0.83,1.18,0.0,0.0,0.0,-0.05797101449275363,1.5434782608695652,-0.13043478260869565,-0.13043478260869565,2.4927536231884058,-0.87,-0.82,1.75,0.59,0.39,6,2017,,-inf,-1.38
2017-09-30,75.16,-19.11,-0.018653001464128842,,12.490000000000002,-3.3300000000000054,17.28,0.51,0.0,78.49000000000001,-6.09,26.1,40.73,115.79,370.76,1001.79,1667.26,0.0,22.14,635.34,665.68,214.23,879.91,300.0,749.94,29.680000000000007,3.67,-39.33,20.61,-6.835361067503925,0.82,1.17,-0.02,0.0,0.0,-4.588638360175695,7.013528550512445,-10.184538799414348,-9.886090775988286,12.124450951683748,-8.87,-8.43,0.87,0.56,0.38,9,2017,,1024.5,-20.49
