,revenue,net_profit,eps,dps,gross_profit,ebit,ebitda,close_price,expense,operating_profit,cash,account_receivable,inventory,current_asset,property_plant_equipment,total_asset,short_term_loan,account_payable,current_portion_long_term_debt,current_liability,non_current_liability,total_liability,paid_in_capital,total_equity,cash_flow_operation,cash_flow_investment,cash_flow_financing,depreciation,P/E,P/BV,D/E,EPS,DPS,DPR%,ROA%,ROAA%,ROE%,ROAE%,ROCE%,NPM%,NPMA%,TIE,CurrentRatio,QuickRatio,month,year,dividend,number_of_shares,return_old
2000-03-31,7980.49,1089.94,4.04,0.0,3039.75,2059.35,3347.45,39.2,5921.14,1820.45,2858.81,4090.63,1057.36,16785.62,1913.48,48826.22,20.0,2814.17,2082.06,11598.77,14611.47,26210.24,2700.0,22456.37,620.02,-3076.87,6198.91,1288.1,2.425,4.71,1.17,4.04,0.0,0.0,8.92,0.0,19.4,0.0,22.12,14.08,13.66,0.0,1.45,1.36,3,2000,0.0,269.7871287128713,1089.94
2000-06-30,9940.449999999999,2301.97,8.524030177687498,0.0,3493.1000000000004,3732.22,5068.759999999999,36.2,6208.22,2342.59,1042.05,4172.66,1178.75,17823.66,1851.6,50560.2,20.0,2034.22,308.0,11037.43,14605.06,25642.49,2700.0,24758.34,6772.6,-2495.26,-1803.6499999999996,1336.54,1.060906614769089,3.95,1.04,12.56,0.0,0.0,18.215363851045574,0.0,37.19083230392315,0.0,39.76975863156747,20.82,18.93,0.0,1.61,1.51,6,2000,0.0,270.05652866242036,3391.91
2000-09-30,9807.0,1940.2300000000005,7.186522203092944,0.0,3811.41,3155.460000000001,4469.540000000001,30.4,6651.559999999998,2533.17,1256.47,4555.32,1292.83,22715.83,1881.88,56785.14,2049.96,2848.5,2309.04,17056.81,12870.21,29927.02,2700.0,26698.56,3825.9900000000007,-1683.2699999999995,1988.8599999999997,1314.08,1.0580569829350126,3.07,1.12,19.75,0.0,0.0,13.667127794844099,0.0,29.066298409269077,0.0,32.7778187369424,20.93,19.23,0.0,1.33,1.26,9,2000,0.0,269.9817721518987,5332.14
2000-12-31,12001.7,1266.8099999999995,4.69178223808333,0.0,4201.84,2664.8999999999996,4148.119999999999,36.0,9336.800000000003,2146.37,1497.3,5445.31,1970.37,21987.43,2340.19,59169.96,2049.96,4602.48,2302.05,18045.88,12999.3,31045.18,2700.0,27965.37,2731.49,-4475.720000000001,99.73999999999978,1483.2199999999998,1.9143471594003845,3.48,1.11,24.44,0.0,0.0,8.561926670152067,0.0,18.122104880321864,0.0,21.685094992385142,17.85,16.61,0.0,1.22,1.11,12,2000,0.0,270.00613747954174,6598.95
2001-03-31,13244.4,2284.16,8.46,0.0,5241.35,4082.53,5566.74,40.2,9161.87,3733.82,4014.07,6461.1,2053.77,34661.48,2575.02,75122.63,729.96,4490.68,4846.4,22875.67,21846.61,44722.27,2700.0,30249.52,3097.56,-4906.59,10324.23,1484.21,1.1875,3.59,1.48,8.46,0.0,0.0,12.16,26.36,30.2,34.68,31.24,17.71,17.25,0.0,1.52,1.43,3,2001,0.0,269.99527186761225,2284.16
2001-06-30,14769.140000000001,2301.3500000000004,8.52182701596987,4.0,5968.92,4002.36,5565.1900000000005,43.8,10766.78,3725.0499999999997,4230.41,6872.68,3645.21,36055.36,3688.99,80564.22,729.96,6929.26,4898.73,27684.66,21261.63,48946.29,2700.0,31470.88,6812.790000000001,-7447.25,-1080.2099999999991,1562.83,1.2851821539531145,3.76,1.56,16.98,4.0,0.24,11.422660947201077,24.752444548152774,29.249239015943704,32.74228471860273,30.694637237733644,16.74,16.37,0.0,1.3,1.17,6,2001,1080.2143698468788,270.0535924617197,4585.51
2001-09-30,15638.25,1104.3099999999995,0.405638122119856,3.603212749615985,5758.73,3135.569999999999,5664.91,46.0,12502.689999999999,3208.13,1829.08,7176.7,2860.3,22743.32,4987.98,100505.54,1516.31,7374.03,14971.33,32694.74,24978.46,57673.2,2935.0,42599.19,743.289999999999,-6021.82,-7258.55,2529.34,28.350947243074874,3.17,1.35,2.09,4.0,1.91,4.394089514255283,11.078384694067646,10.371914471811053,12.747517636761792,12.848441954227019,13.38,13.03,0.0,0.7,0.61,9,2001,9809.393285655513,2722.401913875598,5689.82
2001-12-31,17086.229999999996,-1838.4999999999995,-0.6635426295400016,0.06977487169377698,7045.5,418.7300000000014,3495.040000000001,40.75,16667.49,3758.8099999999995,6535.54,7674.22,2238.47,31067.69,6233.12,113538.39,5456.76,10701.38,10256.03,32877.29,39639.6,72516.89,2935.0,40760.69,949.880000000001,-11016.220000000001,18806.649999999998,3076.3100000000004,-15.355004405765575,2.93,1.78,1.39,4.0,2.88,-6.473120904001743,-25.739725600573305,-18.044540573102203,-21.405216912642935,-27.553727033848126,6.5,6.34,0.0,0.94,0.88,12,2001,193.32759629617067,2770.7338129496407,3851.32
2002-03-31,20297.04,3208.08,1.09,0.0,9100.76,6255.09,6255.09,43.25,14041.95,5934.31,19316.11,8133.32,3768.78,39240.51,6519.17,126597.85,4450.45,9524.72,15232.37,40703.24,41671.93,82375.17,2935.0,43968.77,6894.09,-8958.72,6079.34,0.0,9.92,2.89,1.87,1.09,0.0,0.0,10.12,24.8,29.199999999999996,34.56,29.119999999999997,16.12,15.81,0.0,0.96,0.87,3,2002,0.0,2943.1926605504586,3208.08
2002-06-30,19130.0,1526.2700000000004,0.5190352846747707,0.4,8353.390000000001,4103.789999999999,4103.789999999999,39.25,15026.21,4040.8900000000003,12621.18,6376.1,4056.88,30928.76,0.0,125179.58,4470.45,8668.32,18009.14,39099.96,41499.74,80599.71,2935.0,44344.06,4276.65,-9875.87,-791.1300000000001,0.0,18.90613276156905,2.6,1.82,1.61,0.4,0.25,4.874418325641324,12.985553581801096,13.772166062923107,16.106212933137606,15.51302975065215,12.21,12.01,0.0,0.79,0.69,6,2002,1176.2360248447205,2940.590062111801,4734.35
2002-09-30,19812.549999999996,2929.1399999999994,0.9975944902387813,-0.0005976421767002545,8706.219999999998,5237.1,5237.1,32.0,14575.45,5221.949999999999,8550.24,6758.56,3040.93,27426.54,7344.53,125161.87,4470.45,7713.5,19123.8,38058.17,39597.19,77655.37,2935.0,47273.2,5565.340000000002,-6679.200000000001,-3248.4300000000003,0.0,8.018939637572803,1.99,1.64,2.61,0.4,0.15,9.356748322239605,21.129127747279632,24.78315201037647,26.0674115840172,27.382248766554138,13.14,12.94,0.0,0.72,0.64,9,2002,-1.7547987910807024,2936.2030651340997,7663.49
2002-12-31,22126.770000000004,3766.8099999999995,1.28193406122324,0.000296407850304962,9250.41,6703.830000000002,6703.830000000002,35.5,15422.940000000002,6411.24,4068.54,7238.68,1961.22,18381.61,9747.64,126085.37,30.0,7649.4,12975.5,29062.53,45781.59,74844.12,2935.0,50969.35,5301.869999999999,-11232.029999999999,1436.8799999999999,0.0,6.926194777543864,2.04,1.47,3.89,0.4,0.1,11.955930010585899,24.531406559757833,29.566869915925217,32.849148386306574,30.291871184483348,14.24,14.05,0.0,0.63,0.57,12,2002,0.8709590363343978,2938.3804627249356,11430.3
2003-03-31,22850.85,4607.06,1.57,0.0,10061.88,7199.47,7199.47,41.75,15651.38,7020.4,7470.09,6325.02,2254.11,20709.56,9437.08,128680.36,30.0,9106.45,4282.93,29301.48,43518.0,72819.48,2935.0,55563.94,14323.75,-4509.15,-6415.52,0.0,6.6475,2.21,1.31,1.57,0.0,0.0,14.32,22.560000000000002,33.16,37.04,28.96,20.32,20.16,0.0,0.71,0.63,3,2003,0.0,2934.4331210191085,4607.06
2003-06-30,22955.14,5125.12,1.7483645390857956,1.55,9907.47,7550.87,7550.87,61.5,15404.270000000002,7240.790000000001,7662.1,5811.34,3033.93,19910.11,9486.74,127860.38,30.0,7504.06,5254.33,28948.2,42369.89,71318.09,2935.12,56220.37,8261.46,-3499.0200000000004,-4552.1,0.0,8.791987972964536,3.21,1.27,3.32,1.55,0.47,16.030185713786633,24.561362079205274,36.4628797247893,40.781129490001206,31.407367804541224,21.48,21.25,0.0,0.69,0.58,6,2003,4543.638253012049,2931.3795180722896,9732.18
2003-09-30,21980.129999999997,4834.209999999999,1.6494151055958268,1.9997269318293764,23010.989999999998,7281.990000000002,7281.990000000002,60.5,14698.14,20176.619999999995,5632.37,5065.14,1412.73,14599.08,11560.88,123061.32,30.0,5807.8,14567.38,27596.81,39866.64,67463.46,2937.75,55251.56,8918.98,-3609.08,-7337.109999999999,0.0,9.167628542202348,3.22,1.22,4.97,3.55,0.71,15.71756527183468,23.56307293708324,34.99282268290221,37.72746664067075,30.6386323035426,21.72,21.49,0.0,0.53,0.48,9,2003,5860.926032702236,2930.8631790744466,14566.39
2003-12-31,22677.33,3962.630000000001,1.3515999011280686,0.0011427865200487432,14818.740000000005,6688.359999999997,6688.359999999997,85.0,15988.96,11040.800000000003,8636.84,5458.84,1026.84,17895.59,12120.17,124949.18,60.0,5714.02,17663.68,33577.0,31745.98,65322.97,2938.52,59270.26,8873.98,-4748.42,-1114.5200000000004,0.0,15.722848146306868,4.21,1.1,6.32,3.55,0.56,12.6862193251451,19.572535277095067,26.74114741092622,28.759992832864345,26.886572716743792,20.7,20.48,0.0,0.53,0.5,12,2003,3.350429475587589,2931.8069620253164,18529.02
2004-03-31,24290.75,5030.01,1.71,0.0,11122.6,8658.63,8658.63,83.5,15632.11,8447.98,17099.06,5666.15,1648.91,27283.94,11850.44,131826.73,60.0,5413.48,19036.81,36988.73,30082.61,67071.34,2940.79,64382.69,12721.81,-2803.64,-1456.93,0.0,12.2075,3.81,1.04,1.71,0.0,0.0,15.28,26.599999999999998,31.24,33.56,36.52,20.89,20.71,0.0,0.74,0.69,3,2004,0.0,2941.5263157894738,5030.01
2004-06-30,24313.809999999998,5043.959999999999,1.7173748581740862,2.1,11032.15,8389.110000000002,8389.110000000002,89.0,15924.71,8175.610000000001,14521.53,5578.63,1654.25,24669.05,11557.23,127421.09,60.0,5442.71,10036.06,34693.65,28964.14,63657.8,2942.63,63373.42,8101.359999999999,-1563.8399999999997,-9129.289999999999,0.0,12.95705762436657,4.13,1.0,3.43,2.1,0.61,15.84190685499361,26.757000705779344,31.84403527109967,33.74666630931004,36.810903665585656,20.91,20.73,0.0,0.71,0.66,6,2004,6167.736734693877,2937.01749271137,10073.97
2004-09-30,23976.930000000008,5269.1,1.792646582463614,2.151620356610376,10609.95,8106.829999999998,8106.829999999998,100.0,15870.099999999999,7969.549999999999,10364.8,5473.5,1443.74,20207.13,11229.53,122695.92,30.0,4869.15,19168.03,33322.19,26469.56,59791.74,2944.43,62384.04,7688.580000000002,-4160.75,-7674.460000000001,0.0,13.947980736748208,4.72,0.96,5.22,4.25,0.81,17.1709442764714,28.119138347149562,33.77868158067454,35.8391948938511,38.668966510613586,21.3,21.14,0.0,0.61,0.56,9,2004,6324.226387911487,2939.285440613027,15343.07
2004-12-31,24499.78,4914.98,1.6716422459219913,0.001337077618479237,30647.469999999998,7899.389999999999,7899.389999999999,107.0,16600.39,27791.82,9449.33,5761.0,1037.2,19117.89,11618.06,121167.6,0.0,4790.18,11090.78,27513.29,25567.14,53080.43,2945.19,67344.2,10420.330000000002,-4578.66,-6747.639999999999,0.0,16.0024820294284,4.68,0.79,6.89,4.25,0.62,16.22633286027036,26.066943817396048,29.1918715572328,31.05518250769447,34.2480434592668,21.01,20.87,0.0,0.69,0.66,12,2004,3.931289586216735,2940.210449927431,20258.05
2005-03-31,23901.5,5368.92,1.8200000000000003,2.6,10728.81,8524.46,8524.46,100.0,15377.05,8346.94,17703.94,5607.7,1051.3,27190.14,9701.98,128133.82,0.0,5086.85,4042.24,38165.99,24065.65,62231.64,2946.15,65139.14,13434.48,-3731.48,-1453.35,0.0,13.737500000000002,4.52,0.96,1.82,2.6,1.43,16.76,26.24,32.96,33.16,37.92,22.63,22.46,0.0,0.71,0.68,3,2005,7669.885714285714,2949.9560439560437,5368.92
2005-06-30,22427.309999999998,4169.280000000001,1.4162491036044538,-0.005358423422208611,9272.859999999999,6728.18,6728.18,98.0,15699.11,6620.23,13351.35,5360.22,1453.09,23010.76,9152.69,123254.36,0.0,5714.52,5010.59,30081.75,23060.07,53141.82,2947.66,69340.07,6133.119999999999,-2862.4599999999996,-7652.43,0.0,17.300981824199862,4.17,0.77,3.24,2.6,0.8,13.533046989998114,21.27870566773605,24.058750204441093,25.125308171353087,28.622219538277665,20.72,20.59,0.0,0.76,0.72,6,2005,-15.774603174601907,2943.888888888889,9538.2
2005-09-30,22365.180000000008,4415.259999999998,1.4998668717293056,2.999893168671664,22842.880000000005,6506.82,6506.82,108.0,15858.369999999999,20410.200000000004,7381.72,5098.05,1414.18,16595.18,8694.95,117120.47,1500.0,6304.5,4242.5,28726.81,22300.93,51027.74,2949.36,65200.12,7756.5,-5248.7,-8460.409999999998,0.0,17.997797343757792,4.89,0.78,4.74,5.6,1.18,15.074611343709728,22.972644491043788,27.086203421946948,27.681087328877563,31.161791039641773,20.44,20.31,0.0,0.58,0.53,9,2005,8830.989310829813,2943.767932489451,13953.46
2005-12-31,24445.039999999994,4955.049999999999,1.6823864492760137,0.0028194337438138596,14688.769999999997,7108.060000000001,7108.060000000001,108.0,17336.97,12088.93,11456.37,4526.26,1156.34,20346.58,8259.48,119013.89,0.0,4520.1,14240.94,36642.02,11290.75,47932.77,2950.64,70209.27,6266.720000000001,-4420.99,-2457.3700000000026,0.0,16.046313266263713,4.54,0.68,6.42,5.6,0.87,16.65614995576066,25.19910918417157,28.22845300872464,28.815453888222812,36.73996576144815,20.44,20.3,0.0,0.56,0.52,12,2005,8.303939429788443,2945.2507788161993,18908.51
2006-03-31,24977.9,5289.66,1.79,3.3,10565.42,8036.08,8036.08,91.5,16941.82,7748.7,20058.87,4151.83,1404.99,29294.13,8098.68,134301.79,0.0,3990.71,16494.56,41506.9,7535.16,49042.05,2952.68,84403.8,12683.68,-2486.49,-1422.12,0.0,12.780000000000001,3.2,0.58,1.79,3.3,1.84,15.76,24.480000000000004,25.08,28.28,34.64,21.43,21.18,0.0,0.71,0.67,3,2006,9751.887150837987,2955.117318435754,5289.66
2006-06-30,22775.14,4125.719999999999,1.3978242832471977,-0.0040110979241606585,8540.230000000001,6246.25,6246.25,90.0,16528.89,5981.150000000001,13817.41,3959.33,1584.08,22962.38,7762.11,128421.97,0.0,5793.94,16498.87,42265.52,6521.41,48786.92,2951.51,78855.7,7012.68,-2925.1900000000005,-10706.61,0.0,16.094637408743203,3.37,0.62,3.19,3.3,1.03,12.847714101820637,19.893800144019675,20.927927199964312,22.27755064585816,29.060723029766187,19.95,19.72,0.0,0.54,0.51,6,2006,-11.83887497591968,2951.529780564263,9415.38
2006-09-30,22162.999999999993,3653.3100000000013,1.238392164784688,2.9983367221910564,8027.369999999999,5664.6799999999985,5664.6799999999985,90.0,16498.32,5406.539999999999,13828.48,4285.55,1927.78,23234.74,7753.67,132367.6,0.0,6518.77,16499.27,40746.22,17169.96,57916.18,2952.72,73711.32,7959.540000000001,-6892.66,1859.5100000000002,0.0,18.17227259663154,3.61,0.79,4.43,6.3,1.42,11.03650624507889,17.879811029261546,19.8254565071174,21.044280398417904,24.342932214322943,18.91,18.69,0.0,0.57,0.52,9,2006,8845.221927298204,2950.0428893905196,13068.69
2006-12-31,22574.600000000006,3187.33,1.0783891136944959,0.011930342274339246,8339.560000000001,5159.690000000002,5159.690000000002,77.5,17414.910000000003,4915.41,12742.22,4898.18,2055.47,22892.9,7797.32,134300.77,1000.0,5759.71,6507.23,31038.66,25663.1,56701.76,2953.55,76937.95,7370.699999999997,-7614.860000000001,-527.8299999999999,0.0,17.96545398499685,2.98,0.74,5.5,6.3,1.15,9.489824200511563,15.544488897036297,16.571899616265235,17.324811288371937,19.065919530118688,17.78,17.58,0.0,0.74,0.67,12,2006,35.26179683972805,2955.64,16256.02
2007-03-31,23699.11,3983.79,1.35,3.3,9205.83,6268.83,6268.83,67.0,17430.29,6079.42,13248.34,5543.36,1530.77,25150.38,8368.97,137741.98,0.0,6670.82,3508.84,31205.09,24905.38,56110.48,2954.59,80986.65,9852.92,-4511.47,-4689.95,0.0,12.4075,2.44,0.69,1.35,3.3,2.44,11.56,18.44,19.68,19.28,23.52,16.95,16.81,0.0,0.81,0.76,3,2007,9738.153333333332,2950.9555555555553,3983.79
2007-06-30,22833.57,3663.4300000000003,1.240749409589367,0.001831890107342659,8950.38,5795.4400000000005,5795.4400000000005,85.0,17038.120000000003,5649.620000000001,8935.36,5120.3,1908.37,19842.45,8260.1,131125.9,3916.0,5113.12,2508.89,30661.82,24908.08,55569.9,2955.73,74913.33,8025.859999999999,-5196.4800000000005,-6848.840000000001,0.0,17.127511676216002,3.35,0.74,2.59,3.3,1.27,11.171535224565268,17.820802330781643,19.564558257772106,19.06634227863197,23.013745805665327,16.56,16.43,0.0,0.65,0.58,6,2007,5.408828828831247,2952.594594594595,7647.22
2007-09-30,22549.560000000005,3511.8,1.1895851069359138,2.9994713717716266,8423.310000000001,5593.139999999999,5593.139999999999,89.0,16956.42,5464.5,7470.31,5024.14,1298.29,16755.4,7966.22,126480.73,6936.59,4088.83,2515.83,32013.15,24159.82,56172.97,2957.26,69673.53,8933.68,-3699.3899999999994,-6532.110000000001,0.0,18.700049177060198,3.78,0.81,3.78,6.3,1.67,11.102794331401862,17.17030778688451,20.16629990805644,19.59983080951553,23.52734989273252,16.27,16.15,0.0,0.52,0.48,9,2007,8854.804504504502,2952.121693121693,11159.02
2007-12-31,40033.399999999994,5131.449999999999,1.7356337478292518,0.00938957971542141,11117.960000000003,7867.700000000001,7867.700000000001,97.0,32165.699999999997,7736.450000000001,8316.67,8054.19,1236.25,20585.62,8560.95,128941.65,3492.24,4218.18,1544.58,28156.56,25324.3,53480.85,2958.12,74884.3,7512.770000000004,-3768.9900000000016,-3331.8499999999985,0.0,13.96838476454024,3.83,0.71,5.51,6.3,1.14,15.913650987356409,24.43117123078708,27.40474338677766,27.039346808287295,31.915501148831183,15.02,14.93,0.0,0.73,0.69,12,2007,27.760556563825958,2956.5281306715065,16290.47
2008-03-31,28839.69,5123.73,1.73,0.0,10249.04,7718.57,12354.83,100.0,21121.12,7663.92,14717.52,5177.44,2051.41,26450.31,8265.11,132680.47,0.0,4155.58,3991.29,29699.89,22237.44,51937.34,2960.31,80236.21,14799.18,-3786.27,-4501.57,4636.26,14.450000000000001,3.69,0.65,1.73,0.0,0.0,15.440000000000001,22.84,25.56,25.44,29.999999999999996,17.89,17.77,0.0,0.89,0.82,3,2008,0.0,2961.6936416184967,5123.73
2008-06-30,30289.06,6332.59,2.139179361260859,3.3000000000000003,9939.099999999999,9309.119999999999,13996.22,92.5,20979.94,7326.85,12528.24,5417.29,1922.76,24162.31,8036.61,128951.69,0.0,4754.71,4020.54,25321.08,26271.87,51592.95,2961.39,76826.61,5928.560000000001,-2108.0899999999997,-6033.0,4687.1,10.809402156147799,3.57,0.67,3.87,3.3,0.85,19.63401832351052,28.942488722382055,32.96657806346192,33.38667530236586,36.32735597469345,20.1,19.38,0.0,0.95,0.88,6,2008,9768.95503875969,2960.2894056847545,11456.32
2008-09-30,27711.36,4532.530000000001,1.530795648217352,3.000678459720221,9460.32,6885.630000000001,11679.689999999999,80.5,20825.730000000003,6728.399999999998,13209.02,5306.06,2206.37,23533.77,8018.28,127227.37,0.0,4738.73,6906.81,28054.62,26144.05,54198.67,2961.74,72502.88,10522.989999999998,-2711.3,-7032.420000000002,4794.0599999999995,13.14904443544775,3.29,0.75,5.4,6.3,1.17,14.25340836895712,21.374442939923764,25.002995587550075,25.501921576598694,27.33887635445952,18.92,18.41,0.0,0.84,0.76,9,2008,8884.70329457364,2960.898148148148,15988.85
2008-12-31,26516.53,420.1900000000005,0.14186403348398216,0.0021747057313137546,9104.200000000004,2557.670000000002,7396.279999999999,79.5,23958.85,5828.09,16300.92,5790.42,1592.5,26958.32,8143.68,128081.29,0.0,4263.08,7037.68,24859.84,29785.81,54645.64,2961.74,72923.06,5470.759999999998,-3753.4400000000005,1440.0400000000009,4838.609999999999,140.0971727075845,3.23,0.75,5.54,6.3,1.14,1.3121142735955318,2.11003544387728,2.3046503634581943,2.273921691945418,2.6262771252919155,14.81,14.48,0.0,1.08,1.02,12,2008,6.4413056558405515,2961.9205776173285,16409.04
2009-03-31,26504.67,4567.27,1.54,0.0,9264.43,7037.11,11896.75,82.75,19467.56,6849.04,28759.94,5093.56,1265.75,38968.18,8234.42,137644.24,0.0,3825.64,3889.17,22553.04,37042.93,59595.97,2961.75,77534.75,12430.06,-2957.53,4288.79,4859.64,13.4325,3.16,0.77,1.54,0.0,0.0,13.28,20.84,23.56,23.159999999999997,24.44,17.37,17.23,0.0,1.73,1.67,3,2009,0.0,2965.7597402597403,4567.27
2009-06-30,25375.980000000003,4197.449999999999,1.4175526428682261,3.3,8728.91,6504.400000000001,11508.779999999999,90.5,18871.579999999998,6342.29,26272.01,5479.33,906.64,36161.7,8449.0,131698.05,0.0,3990.36,3923.08,22450.28,36752.34,59202.61,2962.46,71983.34,10231.180000000002,-2735.19,-9984.33,5004.38,15.958349140549624,3.72,0.82,2.96,3.3,1.11,12.757973785814036,19.903205350541715,23.33215025693918,22.565905585118518,23.753584826440544,17.02,16.89,13.41,1.61,1.57,6,2009,9771.478378378377,2961.0540540540537,8764.72
2009-09-30,25116.420000000006,4184.380000000001,1.4121244410808478,3.002368464718512,8672.84,6464.01,11608.230000000003,94.25,18652.4,6334.589999999998,21798.28,4825.47,740.12,30647.35,8340.3,123679.47,0.0,3274.75,498.28,18427.77,37231.19,55658.96,2963.39,67500.17,10479.679999999997,-2387.4699999999993,-12568.61,5144.219999999999,16.687782120648695,4.14,0.82,4.37,6.3,1.44,13.533128510861761,20.616370558571642,24.791347166984583,23.912404723108175,24.571611556015483,16.93,16.82,14.21,1.66,1.62,9,2009,8896.56052322345,2963.1807780320364,12949.1
2009-12-31,26214.559999999998,4106.269999999999,1.386784056868892,-0.004636256687866194,9469.93,6123.41,11225.89,86.5,20091.159999999996,6475.870000000003,24261.23,5772.88,629.39,33571.38,8167.49,125025.72,0.0,2728.77,497.44,16583.08,36631.62,53214.71,2965.44,71611.23,7772.580000000002,-4512.19,-796.4799999999996,5102.480000000001,15.596371975052788,3.58,0.74,5.76,6.3,1.09,13.135926760897004,19.88686859329348,22.939719607372922,22.72784982090684,23.199741618035837,16.65,16.52,13.77,2.02,1.99,12,2009,-13.727964101828547,2961.001736111111,17055.37
2010-03-31,27141.41,4972.2,1.68,0.0,10172.45,7686.04,12616.96,86.25,19455.38,7984.96,34701.84,5604.12,759.16,46098.88,7828.98,132653.07,0.0,3447.79,481.64,19764.14,35998.62,55762.77,2965.9,76660.98,13469.87,-2721.05,-305.8,4930.92,12.835,3.34,0.73,1.68,0.0,0.0,15.0,22.76,25.96,25.8,27.24,18.44,18.32,22.08,2.33,2.29,3,2010,0.0,2959.6428571428573,4972.2
2010-06-30,26662.99,4878.55,1.6442185620384235,8.3,10307.57,7567.919999999999,12437.940000000002,86.75,19095.06,7817.650000000001,18842.13,5188.83,1011.09,32998.59,7586.84,113497.13,0.0,2614.52,480.83,19913.8,36368.05,56281.85,2966.47,56952.12,11428.299999999997,-1966.7699999999995,-25323.65,4870.02,13.19039968330754,4.52,0.99,3.32,8.3,2.5,17.19496038372713,24.64346856838312,34.27106159429485,30.26946943126158,32.29007537497145,18.42,18.31,18.76,1.66,1.61,6,2010,24626.875,2967.093373493976,9850.75
2010-09-30,27792.489999999998,4892.030000000001,1.649172618732695,2.9979315468317385,10462.45,7607.959999999999,12419.839999999997,95.0,20184.53,7871.09,19053.71,5012.88,720.29,33843.03,7465.29,109907.73,0.0,2865.63,4443.45,24576.81,31970.41,56547.22,2968.18,53068.11,10856.39,-1490.8100000000004,-9153.8,4811.879999999999,14.397628683797931,5.31,1.07,4.97,11.3,2.27,17.799118565155286,25.975298308731464,36.872446960478285,32.465804631148266,35.55841807311783,18.17,18.07,19.19,1.38,1.35,9,2010,8892.926609657952,2966.3541247484914,14742.78
2010-12-31,30361.880000000005,5804.659999999998,1.9577277655999963,5.994833752772629,11634.559999999998,8906.870000000003,13660.93,85.0,21455.009999999995,9091.25,10451.4,5609.52,932.21,25902.94,7367.84,97457.42,0.0,3159.58,15882.67,35489.1,20488.64,55977.75,2970.08,41176.26,9469.620000000003,379.15999999999985,-18451.300000000003,4754.060000000001,10.858391740429244,6.13,1.36,6.93,17.3,2.5,23.820433650128667,32.27284559049691,56.38707965566512,41.177258169387514,57.93518184260422,18.46,18.35,18.92,0.73,0.7,12,2010,17774.67342641709,2964.998556998557,20547.44
2011-03-31,31319.08,6268.91,2.11,0.0,12366.34,9608.62,14129.47,90.0,21710.45,9845.9,27693.71,6251.89,1263.81,41757.25,7102.88,107984.47,0.0,2582.89,15735.57,50324.2,21728.86,72053.06,2970.69,35614.44,14130.46,3383.78,-271.88,4520.85,10.6625,7.51,2.02,2.11,0.0,0.0,23.24,31.96,70.4,44.68,66.64,20.13,20.02,26.48,0.83,0.8,3,2011,0.0,2971.047393364929,6268.91
2011-06-30,31306.879999999997,6116.27,2.059303611251512,3.9199999999999995,12174.46,9350.339999999998,13827.81,104.0,21956.55,9545.340000000002,25691.48,6413.92,1162.35,40642.57,7258.06,103430.8,0.0,2782.67,16243.48,39797.08,21484.1,61281.17,2973.1,41815.23,11858.720000000001,-1547.38,-12313.730000000001,4477.469999999999,12.625603071806838,7.39,1.47,4.17,3.92,0.94,23.644953694657648,34.52913872870641,58.50990212495903,49.54180774118745,58.84571182655399,19.89,19.78,22.65,1.02,0.99,6,2011,11642.663213429256,2970.0671462829737,12385.18
2011-09-30,31352.200000000004,6171.529999999999,2.0752788182819044,4.174962342365723,12416.289999999997,9490.630000000001,13913.5,128.0,21861.58,9596.329999999998,20010.47,6740.71,668.8,35800.62,7226.62,94872.37,0.0,2601.2,18021.12,42398.29,16509.17,58907.46,2973.1,35591.0,12610.220000000001,-1509.94,-16781.19,4422.870000000001,15.41749461235707,10.69,1.66,6.24,8.09,1.3,26.02080364461157,36.9692297179834,69.36220358026826,55.68664829056443,72.12924200464413,19.9,19.75,23.53,0.84,0.83,9,2011,12415.63548849382,2973.8317307692305,18556.71
2011-12-31,33345.8,3661.0,1.2325428678293129,-0.009667980650779872,13260.190000000002,9925.329999999998,14179.410000000003,140.5,23420.459999999992,10111.989999999998,18360.81,7037.32,1087.09,33177.86,7616.34,86672.32,0.0,3520.28,5469.18,29734.44,17474.32,47208.77,2973.1,39253.67,9617.04,-1907.41,-9359.320000000003,4254.08,28.49280208959301,10.64,1.2,7.48,8.09,1.08,16.893087541425288,27.471864562099334,37.305842951411286,36.41603927677515,44.42427234850037,17.57,17.45,21.96,1.12,1.08,12,2011,-28.716629730566638,2970.282085561497,22217.71
2012-03-31,35435.22,8925.93,3.0,0.0,14262.61,11949.34,15978.48,184.0,23485.88,11706.55,32055.27,7101.73,1484.32,46945.6,7912.98,98238.5,0.0,3517.21,5458.27,44984.39,17493.65,62478.04,2973.1,35515.59,15885.47,-1876.25,-313.67,4029.14,15.332499999999998,15.4,1.76,3.0,0.0,0.0,36.36,46.36,100.52,100.4,89.76,25.37,25.19,40.28,1.04,1.01,3,2012,0.0,2975.31,8925.93
2012-06-30,34829.72,8713.079999999998,2.9292213338503688,4.26,14291.470000000001,11637.45,15499.080000000002,184.5,23192.26,11351.420000000002,25683.24,9930.96,1151.61,46675.7,8420.56,96163.41,0.0,10340.11,9473.54,37048.03,14634.1,51682.12,2973.1,44230.13,13364.22,-7849.51,-11891.61,3861.6300000000006,15.744994912820728,12.4,1.17,5.93,4.26,0.72,36.237382302067964,46.68971340228278,78.7975357800693,81.01050569164595,78.83705309991886,25.32,25.1,38.11,1.26,1.23,6,2012,12671.53163575042,2974.537942664418,17639.01
2012-09-30,34091.69,8786.61,2.955955731596837,5.897094673963327,14219.979999999996,11703.14,15540.48,214.0,22388.559999999998,11374.029999999999,19283.42,10186.43,781.64,37942.81,8879.2,85864.9,0.0,12173.47,8463.64,37593.93,12518.65,50112.58,2973.1,35477.74,12674.810000000001,1886.8400000000001,-20955.450000000004,3837.34,18.09755620768419,17.93,1.41,8.89,10.16,1.14,40.93782561014652,51.93703996348997,99.07273000974054,98.91312835044175,97.23731092780417,25.56,25.32,40.33,1.01,0.99,9,2012,17529.17693567815,2972.5106861642294,26425.62
2012-12-31,38327.91,8457.610000000004,2.843995963103189,0.004566814975071806,14824.270000000004,11416.449999999997,15318.220000000001,209.0,26911.460000000006,11208.470000000001,19833.02,8065.06,1426.53,38103.41,11139.84,100967.9,0.0,14785.11,8461.95,36287.63,21138.42,57426.05,2973.1,43353.16,9208.150000000001,-8919.589999999998,259.0,3901.7699999999986,18.37455139809,14.33,1.32,11.73,10.16,0.87,33.50726701627116,48.27761945209778,78.03168463470844,81.91096301575287,70.03067297380434,24.64,24.45,42.38,1.05,1.01,12,2012,13.581010839119699,2973.847399829497,34883.23
2013-03-31,37929.97,9922.61,3.34,0.0,15340.53,12723.52,16614.47,240.0,25206.45,12318.88,33325.69,11779.17,1644.07,51532.87,14860.61,116169.5,0.0,12240.07,10943.75,55126.35,22439.53,77565.88,2973.1,38412.02,15684.16,-5758.44,3566.59,3890.95,17.965,18.58,2.02,3.34,0.0,0.0,34.16,47.48,103.32,107.36,83.36,26.47,26.16,54.25,0.93,0.9,3,2013,0.0,2970.84131736527,9922.61
2013-06-30,36093.31999999999,9194.59,3.092566573556797,5.0,15080.339999999998,11783.36,15825.379999999997,282.0,24309.95,11731.250000000002,21687.01,8432.37,1568.46,41310.94,19891.68,108563.02,0.0,7034.99,6970.17,38535.58,22239.68,60775.26,2973.1,47605.26,13722.259999999998,-6004.03,-19356.559999999998,4042.0200000000004,22.798199593456587,17.61,1.28,6.43,5.0,0.78,33.87875418994413,46.05663687150838,77.26125884543761,80.08929795158288,67.3342644320298,26.02,25.83,50.91,1.07,1.03,6,2013,14865.629860031106,2973.125972006221,19117.2
2013-09-30,33648.92000000001,8340.98,2.806837714662807,6.397540991184142,14945.759999999998,10997.98,15395.380000000005,255.0,22650.950000000004,10879.810000000001,10648.24,13191.0,1571.35,30739.16,26712.76,101631.2,5000.0,17263.74,2975.46,42243.82,22303.73,64547.55,2973.1,36922.82,14187.660000000003,-6925.120000000001,-18301.33,4397.400000000001,22.71453018710032,20.53,1.75,9.24,11.4,1.23,32.831495692722534,46.01512738280541,90.36559343700128,92.16391370440428,72.64970864055812,25.67,25.5,48.18,0.73,0.69,9,2013,19011.34546464422,2971.664502164502,27458.18
2013-12-31,35981.43000000001,8815.949999999997,2.9650494718963616,0.006229867924083249,16275.030000000006,11735.059999999998,15945.829999999994,199.5,24246.37999999999,11835.299999999996,11473.12,15115.61,2864.93,34964.88,35922.24,112025.71,4000.0,21254.38,5303.41,45491.24,20641.89,66133.12,2973.1,45748.11,7734.6500000000015,-9429.029999999999,2519.2400000000016,4210.769999999999,16.818437760536305,12.97,1.45,12.2,11.4,0.93,31.47813177049318,43.12445723715496,77.08156479562706,79.15223868911535,69.02246311627596,25.41,25.25,49.23,0.77,0.71,12,2013,18.523199914838187,2973.289344262295,36274.13
2014-03-31,36897.61,9480.55,3.1900000000000004,5.75,15986.07,12145.22,16431.12,226.0,24752.39,11981.79,13203.36,14796.65,2343.08,35671.26,42588.25,115870.14,0.0,19333.19,2772.06,57013.38,20579.3,77592.68,2973.1,38139.92,16276.33,-7859.3,-6686.78,4285.9,17.7125,17.62,2.03,3.19,5.75,1.8,32.72,41.88,99.44,99.08,82.56,25.83,25.69,75.39,0.63,0.58,3,2014,17088.76567398119,2971.9592476489024,9480.55
2014-06-30,36773.270000000004,8475.3,2.850926689630399,0.001670365321252239,16089.57,11065.789999999999,15687.830000000002,220.0,25707.480000000003,10945.27,23544.16,14753.91,2682.56,47002.21,49427.15,130442.68,0.0,20945.58,6430.54,41650.7,42042.62,83693.32,2973.1,46617.27,13719.890000000001,-7359.409999999999,3980.31,4622.040000000001,19.28993832076741,14.03,1.8,6.04,5.75,0.95,25.998185772324895,36.66556047193533,72.72695104937945,71.9528583720626,49.35312825625075,24.47,24.37,59.31,1.13,1.06,6,2014,4.965700190994539,2972.822847682119,17955.85
2014-09-30,35710.87999999999,8955.43,3.0116234344854655,6.041545488127717,16076.840000000004,11730.290000000005,16622.88,225.0,23980.6,11433.560000000001,12408.09,15378.16,1808.43,35335.32,55409.26,121249.6,3000.0,20250.18,6424.36,41306.33,42198.23,83504.56,2973.1,37619.72,14128.599999999999,-10158.630000000001,-15106.01,4892.59,18.676222716273813,17.78,2.22,9.05,11.79,1.3,29.537203982865183,41.73011919165495,95.22720022236031,96.10572904744778,58.182568097838534,24.72,24.6,70.52,0.86,0.81,9,2014,17965.273178313993,2973.6220994475134,26911.28
2014-12-31,40647.18000000001,9121.89,3.068209286055043,-0.0023328748520459763,17628.299999999996,12668.46,17789.679999999993,251.0,27978.709999999992,12559.779999999999,14258.07,16316.04,2519.5,39126.51,60702.59,126350.56,0.0,23092.06,6227.88,42906.12,36579.69,79485.81,2973.1,46750.4,18695.58,-10446.560000000001,-6399.450000000001,5121.219999999999,20.452092458361154,15.96,1.7,12.12,11.79,0.97,28.879646481283775,40.453782500956756,78.05200388419892,78.8924704543064,57.77954516907616,24.13,24.02,38.71,0.91,0.85,12,2014,-6.935715852516296,2973.0338283828382,36033.17
2015-03-31,40744.09,9896.86,3.33,5.96,17139.84,12725.25,18180.77,237.0,28018.84,12463.48,23417.78,15190.76,3672.75,48385.62,65869.79,138795.26,0.0,23025.26,3221.13,63847.69,35895.11,99742.8,2973.1,38938.25,16376.62,-7071.34,-144.63,5455.52,17.7925,18.1,2.56,3.33,5.96,1.79,28.52,39.96,101.68,102.72000000000001,67.92,24.39,24.29,122.56,0.76,0.7,3,2015,17713.29897897898,2972.03003003003,9896.86
2015-06-30,38296.29000000001,9848.68,3.3118990516339384,0.0033989032247073747,17565.74,12822.04,18322.26,240.0,25474.26,12690.010000000002,9170.34,15899.66,4703.75,37114.59,71856.44,130735.32,0.0,22606.06,3341.71,45757.9,36074.46,81832.36,2973.1,48791.98,13229.38,-8783.31,-18693.6,5500.219999999999,18.114199456170777,14.62,1.68,6.64,5.96,0.9,30.126310650405102,39.02454545178303,80.74250278290693,82.57801310067995,59.97330451332301,25.09,24.98,33.47,0.81,0.71,6,2015,10.107406563191034,2973.7259036144583,19745.54
2015-09-30,37073.48999999999,8615.529999999999,2.8980625977792793,6.498261006440438,16379.369999999995,11572.39,17523.47,226.0,25501.090000000004,11483.02,7736.82,15730.92,3399.47,33747.66,77428.01,130767.05,10500.0,22621.31,4375.33,56493.33,36079.33,92572.66,2973.1,38084.92,15004.57,-7454.250000000002,-8986.970000000001,5951.08,19.49600745107962,17.64,2.43,9.54,12.46,1.31,26.355965511879486,35.79745246565097,90.49003004470563,91.0489855142983,60.731726891827414,24.56,24.43,36.56,0.6,0.54,9,2015,19318.41040691066,2972.8584905660377,28361.07
2015-12-31,39901.380000000005,10791.340000000004,3.629966783653932,-4.338319413061986e-05,19372.479999999996,13993.900000000001,17582.259999999995,152.0,25907.479999999996,13729.529999999999,9864.91,16388.53,5059.25,38006.87,84291.1,181761.27,8500.0,27750.54,4355.63,57533.29,75735.0,133268.29,2973.1,48376.33,17018.83,-31446.85,16557.95,3588.3600000000006,10.46716189555699,9.34,2.75,13.17,12.46,0.95,23.74775535912094,36.58080421613894,89.22496941567586,90.75743830839534,45.35666924207221,25.21,25.1,31.7,0.66,0.57,12,2015,-0.12897164796595462,2972.8481397114656,39152.41
2016-03-31,37404.69,8072.74,2.72,0.0,17531.61,9578.18,13651.6,182.0,27826.51,9436.4,11819.03,16068.77,6200.86,40263.98,93609.05,193570.1,6500.0,32423.24,4267.81,81097.6,75193.11,156290.7,2973.1,37162.96,16626.37,-11805.71,-2864.79,4073.42,16.7275,14.56,4.21,2.72,0.0,0.0,16.68,23.04,86.88,84.88,34.08,21.67,21.58,67.4,0.5,0.42,3,2016,0.0,2967.9191176470586,8072.74
2016-06-30,36838.009999999995,9596.31,3.226097690594571,6.489999999999999,19058.83,12894.810000000001,17398.769999999997,158.0,23943.2,12599.289999999999,11429.26,15132.58,7175.04,39486.56,103177.89,270723.62,11190.0,31585.08,4649.0,62895.96,160943.12,223839.08,2973.1,46768.37,10216.260000000002,-19671.510000000002,9067.15,4503.959999999999,12.244204543204628,10.04,4.79,5.94,6.49,1.09,14.1861400131869,24.3315112017907,82.07540117889755,80.33743609305536,23.484253222442636,23.96,23.8,17.66,0.63,0.51,6,2016,19305.073148148145,2974.587542087542,17669.05
2016-09-30,37025.04000000001,6529.41,2.1963958615548265,5.786062145032124,16327.39,9228.529999999999,15490.259999999998,160.0,27796.510000000002,9067.04,10868.46,14246.11,4330.9,33782.16,112111.04,271502.68,20790.0,29951.42,4597.33,68778.92,166498.69,235277.61,2973.1,36091.5,14402.579999999998,-13142.57,-1821.2999999999993,6261.730000000001,18.21534118702915,13.18,6.52,8.14,12.28,1.51,9.6166521505914,17.00992568948603,72.36773588071307,70.42497787049258,16.88040848880466,21.83,21.75,24.36,0.49,0.43,9,2016,17200.711716716713,2972.7837837837833,24198.46
2016-12-31,41450.249999999985,6468.080000000002,2.17454935574734,0.006863155844880535,16240.160000000003,8399.560000000001,15227.760000000002,147.0,33050.69,8279.430000000004,11226.14,14116.31,3085.25,31899.34,118271.44,275670.35,9200.0,34292.06,12501.86,69328.03,163633.99,232962.02,2973.1,42568.88,20390.25,-10481.760000000002,-9551.970000000001,6828.200000000001,16.902421599609152,10.27,5.47,10.31,12.28,1.19,9.381566958646136,14.78946661736212,60.77770536878307,56.896841339127285,16.392432194828636,20.16,20.08,15.62,0.46,0.42,12,2016,20.414087608463888,2974.446168768186,30666.54
2017-03-31,39068.29,7692.55,2.59,0.0,15766.55,10653.18,17570.03,178.0,28415.12,10327.06,10081.64,14156.1,4442.01,31987.35,124189.62,279146.72,0.0,31687.66,14692.17,73700.43,167790.79,241491.22,2973.1,37516.22,13837.65,-11507.73,-3465.54,6916.85,17.1825,14.11,6.44,2.59,0.0,0.0,11.04,18.04,82.0,82.4,20.76,19.8,19.69,46.07,0.43,0.37,3,2017,0.0,2970.0965250965255,7692.55
2017-06-30,39253.13999999999,7215.169999999999,2.4247840514847336,4.29,16543.7,9981.619999999999,17313.28,177.5,29271.51,9843.03,9525.65,14875.87,4346.76,31977.08,129013.61,281350.42,9000.0,30801.02,14301.37,68340.24,168164.53,236504.76,2973.1,44740.03,16420.199999999997,-11289.36,-5684.81,7331.66,18.301042096028233,11.8,5.29,5.01,4.29,0.86,10.260563251791687,14.480945872339968,64.50603161315077,63.07342466856098,18.759407152804048,19.13,19.03,13.82,0.47,0.4,6,2017,12765.293173652695,2975.5928143712576,14907.72
2017-09-30,38702.95000000001,7468.960000000001,2.5133875445329696,3.504337837534219,16499.519999999997,10028.260000000002,17766.100000000006,191.0,28674.69000000001,9900.259999999998,9450.24,15467.0,2519.04,30259.89,130658.44,279730.93,12000.0,28276.41,17524.97,72380.11,165458.31,237838.42,2973.1,41787.48,16504.47,-10840.55,-5753.52,7737.839999999998,19.001854729440243,13.59,5.69,7.53,7.8,1.04,10.681062606249007,14.86002835094393,71.49636282057928,76.7300834976413,19.74661449330285,19.2,19.12,17.52,0.42,0.38,9,2017,10413.737902044515,2971.6706507304116,22376.68
