,revenue,net_profit,eps,dps,gross_profit,ebit,ebitda,close_price,expense,operating_profit,cash,account_receivable,inventory,current_asset,property_plant_equipment,total_asset,short_term_loan,account_payable,current_portion_long_term_debt,current_liability,non_current_liability,total_liability,paid_in_capital,total_equity,cash_flow_operation,cash_flow_investment,cash_flow_financing,depreciation,P/E,P/BV,D/E,EPS,DPS,DPR%,ROA%,ROAA%,ROE%,ROAE%,ROCE%,NPM%,NPMA%,TIE,CurrentRatio,QuickRatio,month,year,dividend,number_of_shares,return_old
2012-09-30,,,,,,,,,,,208.2,114.02,5832.59,6439.29,430.84,7464.56,257.71,775.77,1694.55,4609.64,3299.92,7909.55,200.0,-444.99,,,,,,0.0,-17.77,-0.16,0.0,0.0,,,,,,-8.32,-8.28,-0.11,1.4,0.13,9,2012,,1963.5625,-314.17
2012-12-31,1351.13,26.720000000000027,0.01301374152026441,0.0,484.47,97.58,230.63,3.84,1253.5500000000006,177.21,2058.53,21.12,6017.44,8530.93,420.89,9343.59,0.0,348.74,44.19,2014.97,2408.97,4423.94,333.3,4919.64,34.820000000000164,-246.8,2062.31,133.04999999999995,73.77202002245501,0.26,0.9,-0.14,0.0,0.0,1.1452092537832679,-0.0,2.1714357279526895,-0.0,-0.29002052530874967,-5.63,-5.59,0.13,4.23,1.25,12,2012,0.0,2053.2142857142853,-287.45
2013-03-31,1050.52,4.88,0.0,,400.59,24.83,109.42,4.6,1025.69,71.84,1894.07,41.35,7074.5,9441.0,419.67,10283.97,0.0,512.23,1682.04,3795.93,1416.18,5212.1,333.3,5071.87,-940.58,173.23,602.89,84.59,0.0,0.3,1.03,0.0,0.0,0.0,0.2,0.0,0.4,0.0,1.52,0.47,0.46,0.54,2.49,0.62,3,2013,,inf,4.88
2013-06-30,945.97,-96.17999999999999,-0.03160350492880613,,367.91,-94.0,-44.94,2.88,1039.9699999999998,-71.7,1269.49,44.78,8553.65,10297.93,428.84,11169.07,0.0,769.41,2544.99,5263.96,930.08,6194.05,333.3,4975.03,-1177.2000000000003,-12.169999999999987,564.8000000000001,49.06,-22.78228321896444,0.19,1.25,-0.03,0.0,0.0,-3.4553165388828035,0.0,-7.753393209200438,0.0,-4.930146768893756,-4.63,-4.57,-0.7,1.96,0.33,6,2013,,3043.3333333333335,-91.3
2013-09-30,1126.6200000000001,-96.14999999999999,-0.030776206988530272,0.0,411.8800000000001,-69.74999999999999,-38.84,2.4,1196.3700000000003,-47.67,1193.73,115.6,9206.12,11273.67,451.25,12557.58,0.0,1046.05,3876.13,6738.04,940.95,7678.99,333.3,4878.59,-680.6299999999997,-643.54,1248.4,30.909999999999997,-19.49557982319293,0.16,1.57,-0.06,0.0,0.0,-3.0571032275273406,-2.8519285142704716,-7.87870898906375,-17.357780741531077,-4.903675646839157,-6.07,-6.0,-0.93,1.67,0.31,9,2013,0.0,3124.1666666666665,-187.45
2013-12-31,6104.519999999999,998.99,0.2954353451462651,0.0,2251.63,1275.64,1296.9199999999998,1.9,4828.879999999999,1343.1,2308.81,351.31,7924.94,11201.79,509.65,12481.84,0.0,989.04,56.41,5016.48,1586.74,6603.22,333.3,5878.62,2260.0699999999997,-466.22,-678.7700000000002,21.28,1.6084737584960809,0.11,1.12,0.24,0.0,0.0,32.00549572417872,51.307271607068046,67.95012938364098,74.00655395913942,74.9913384429603,8.85,8.79,5.1,2.23,0.65,12,2013,0.0,3381.4166666666665,811.54
2014-03-31,1790.43,110.46,0.03,0.0,599.95,181.4,196.25,2.02,1609.03,177.96,1076.55,263.31,9559.91,11628.29,507.3,12911.24,574.0,783.7,2613.07,5331.62,1590.55,6922.17,333.3,5989.07,-1641.3,-53.79,462.83,14.85,16.8325,0.11,1.16,0.03,0.0,0.0,3.44,6.24,7.36,8.0,9.56,6.22,6.17,2.85,2.18,0.39,3,2014,0.0,3682.0,110.46
2014-06-30,2519.2799999999997,318.65000000000003,0.09653585327771436,0.05,900.3899999999999,431.89,447.64,2.66,2087.3900000000003,417.14,2441.42,675.17,10417.32,14828.83,480.07,16332.38,350.0,949.04,2616.51,5104.59,5086.78,10191.37,333.3,6141.01,-1175.57,-492.15000000000003,3032.59,15.750000000000002,6.8881143888278675,0.14,1.66,0.13,0.05,0.38,7.811978280627345,13.247689403649415,20.762634289576102,22.930978070890916,16.21802335065601,10.05,9.96,4.74,2.9,0.86,6,2014,165.0423076923077,3300.846153846154,429.11
2014-09-30,2023.6899999999996,225.39,0.06887394957983192,0.029566903684550744,734.6700000000003,353.77,369.21000000000004,4.12,1669.92,317.65,1578.75,118.47,10608.87,13448.24,487.83,16336.56,2008.82,1012.37,11.98,4215.15,5855.01,10070.16,333.3,6266.41,147.69000000000005,-1057.8899999999999,47.529999999999745,15.439999999999998,14.954856027330408,0.22,1.61,0.2,0.08,0.4,5.52369075630252,9.215334453781512,14.380880672268907,16.185378151260505,10.992282352941176,10.69,10.33,3.59,3.19,0.67,9,2014,96.75769230769231,3272.5,654.5
2014-12-31,4246.6,646.6700000000001,0.19382655609951047,0.001530622439804181,1691.5499999999997,855.8300000000002,872.08,3.28,3390.7700000000004,954.3599999999999,2477.26,27.58,10012.47,14244.29,490.72,17088.29,0.0,1063.91,661.98,3144.54,7030.65,10175.18,333.3,6913.11,1230.2499999999998,-48.330000000000155,-283.39999999999964,16.25,4.23045745898217,0.16,1.47,0.39,0.08,0.21,15.128411199151534,24.511604479045783,37.413495238900374,40.435201549374796,25.982698340724117,12.6,12.3,5.15,4.53,1.35,12,2014,5.106666666666683,3336.3333333333335,1301.17
2015-03-31,1393.51,73.56,0.02,0.0,546.08,160.53,176.04,3.76,1232.99,155.23,1949.0,27.12,11799.23,15000.66,517.53,18467.25,1823.14,840.63,522.35,4782.31,6698.28,11480.6,333.3,6986.65,-1129.09,-602.5,1203.33,15.51,47.0,0.18,1.64,0.02,0.0,0.0,1.6,4.08,4.2,4.52,4.68,5.53,5.28,1.48,3.14,0.67,3,2015,0.0,3678.0,73.56
2015-06-30,1541.1899999999998,71.96000000000001,0.01978009895547004,0.07,621.17,133.84,150.21,3.68,1407.34,180.50000000000003,1782.94,61.31,13274.74,16090.16,518.14,19949.41,498.95,979.64,1323.28,4414.85,8702.62,13117.47,333.3,6831.94,-749.7,-525.71,1109.3600000000001,16.369999999999997,46.511395219566424,0.18,1.92,0.04,0.07,1.7,1.443947223749313,3.204376030786147,4.213161077515118,4.430742166025289,3.7384387025838373,5.21,4.96,1.3,3.64,0.64,6,2015,254.66000000000003,3638.0,145.52
2015-09-30,2665.08,161.03,0.04727679008318382,0.025234382645571686,993.5500000000002,295.45000000000005,312.90999999999997,3.76,2369.62,382.8299999999999,2230.3,63.68,13396.18,16723.3,518.94,20809.44,500.0,1146.28,337.08,4241.82,8722.17,12964.0,333.3,7845.45,896.89,-692.6700000000001,243.13999999999987,17.460000000000004,19.883964168167424,0.16,1.65,0.09,0.1,1.11,3.088750285434676,6.681786331756647,8.215655521122166,9.119167509378567,7.480238786494862,5.68,5.47,1.65,3.94,0.78,9,2015,85.95111111111112,3406.1111111111113,306.55
2015-12-31,5425.570000000001,900.0900000000001,0.26854107273088906,-0.0016210302990121168,1997.75,1211.27,1231.69,4.18,4214.31,1274.13,2573.39,121.92,12126.57,16142.59,516.81,20470.53,0.0,1067.01,2712.23,5652.89,6090.47,11743.36,333.3,8727.17,2133.5,-376.40999999999985,-1414.01,20.42,3.8910248975102486,0.16,1.35,0.36,0.1,0.28,17.574521315388186,28.61454319432474,41.265811509646625,46.039875024862425,36.28288271564013,11.23,10.94,3.72,2.86,0.71,12,2015,-5.43333333333328,3351.7777777777783,1206.64
2016-03-31,2595.44,148.68,0.04,0.0,932.71,264.81,284.43,3.4,2330.63,307.2,2834.98,94.2,12165.81,17234.39,503.0,21854.65,996.15,1016.5,2657.23,6831.8,6165.16,12996.96,333.3,8857.69,235.28,-843.8,870.11,19.62,21.25,0.13,1.47,0.04,0.0,0.0,2.72,5.24,6.719999999999999,7.52,7.040000000000001,5.88,5.73,2.16,2.52,0.74,3,2016,0.0,3717.0,148.68
2016-06-30,2889.0899999999997,209.77999999999997,0.0526703118897506,0.07,995.94,370.04,389.59,3.98,2519.05,406.54,2756.74,100.3,12733.36,17839.39,571.35,22716.93,1044.73,965.35,6604.16,10630.24,2273.61,12903.85,333.3,9813.08,-416.09000000000003,-328.43000000000006,666.2900000000001,19.55,18.890148250548194,0.14,1.31,0.09,0.07,0.76,3.6986263460358195,6.975890196953634,8.544295039892875,10.089290855325558,12.289739440941805,6.68,6.54,2.22,1.68,0.48,6,2016,278.8022222222222,3982.8888888888887,358.46
2016-09-30,2978.6099999999997,249.51000000000005,0.06566376630425845,0.03662737379220101,979.1100000000001,436.7800000000001,463.8499999999999,4.84,2541.83,397.6400000000001,2091.06,168.12,13379.43,17228.51,968.3,23514.73,621.07,1214.06,7117.76,11060.28,2558.28,13618.55,333.3,9896.18,799.8499999999999,-1527.6599999999999,62.11999999999989,27.069999999999993,18.427209831269288,0.16,1.38,0.16,0.11,0.68,4.2517288682007335,7.9453157228152715,10.07938812770367,11.244919979604257,14.117709755415566,7.42,7.18,2.78,1.56,0.35,9,2016,139.1771527777778,3799.8125,607.97
2016-12-31,3882.050000000001,893.47,0.249931665601023,-0.006921979899296663,745.25,1070.94,1099.42,4.94,2811.1100000000006,26.0,2182.74,369.08,12473.77,18745.44,902.5,25365.91,854.02,1382.88,5160.43,9546.89,5064.68,14611.57,333.3,10754.34,1455.42,-1946.44,582.71,28.480000000000004,4.940550438179234,0.15,1.36,0.42,0.11,0.26,14.091385336743393,22.25581974637681,33.2290100170503,36.68044730392157,32.229283354646206,13.24,12.16,4.11,1.96,0.66,12,2016,-24.745089285714243,3574.857142857143,1501.44
2017-03-31,2314.33,140.35,0.030000000000000002,0.0,722.21,247.79,277.31,4.98,2066.54,174.06,2774.47,287.44,13605.46,20164.2,864.56,27311.02,1089.4,1435.95,6166.32,11108.0,4352.82,15460.81,333.3,11850.2,-1385.18,649.01,1327.9,29.52,41.5,0.14,1.3,0.03,0.0,0.0,2.04,4.04,4.72,5.44,6.12,6.43,6.06,1.82,1.82,0.59,3,2017,0.0,4678.333333333333,140.35
2017-06-30,3751.7300000000005,279.46000000000004,0.06656820942807462,0.09,1330.8000000000002,518.88,550.23,5.15,3232.8500000000004,657.26,1842.07,233.43,11827.3,17800.54,847.82,26146.62,452.02,980.27,4080.84,7843.38,6506.68,14350.06,333.3,11796.56,1040.48,-1391.12,-581.7800000000001,31.349999999999998,19.34106401631718,0.15,1.22,0.1,0.09,0.85,4.286992687168005,8.360967104166171,9.479313022557825,10.35801338700841,11.156831900145306,7.27,6.92,2.77,2.27,0.76,6,2017,377.82899999999995,4198.099999999999,419.81
2017-09-30,2758.659999999999,140.95,0.03267618945716528,0.06240857051144874,926.52,288.98000000000013,321.60000000000014,5.65,2469.6799999999994,277.43999999999994,1461.06,490.54,12253.79,19732.45,840.22,27019.31,1857.09,1005.64,3236.64,8511.74,6528.93,15040.67,333.3,11686.08,-2767.88,1135.81,1251.08,32.62,43.2256644200071,0.16,1.29,0.13,0.15,1.12,2.0912761252585774,4.202660674798487,4.826021827519795,5.228190313146444,5.730900920179756,6.67,6.35,2.67,2.32,0.88,9,2017,269.2017692307692,4313.538461538461,560.76
