,revenue,net_profit,eps,dps,gross_profit,ebit,ebitda,close_price,expense,operating_profit,cash,account_receivable,inventory,current_asset,property_plant_equipment,total_asset,short_term_loan,account_payable,current_portion_long_term_debt,current_liability,non_current_liability,total_liability,paid_in_capital,total_equity,cash_flow_operation,cash_flow_investment,cash_flow_financing,depreciation,P/E,P/BV,D/E,EPS,DPS,DPR%,ROA%,ROAA%,ROE%,ROAE%,ROCE%,NPM%,NPMA%,CurrentRatio,QuickRatio,month,year,dividend,number_of_shares,return_old
2011-06-30,,,,,,,,,,,64.61,7.7,48.4,123.68,71.21,198.5,0.0,1.72,0.89,37.91,6.15,44.05,93.0,154.45,,,,,,0.0,0.29,0.25,0.0,0.0,,,,,,16.22,16.12,3.26,1.99,6,2011,,91.44,22.86
2011-09-30,77.55000000000001,13.46,0.12600220264317183,0.0,60.269999999999996,19.54,21.189999999999998,,57.999999999999986,19.240000000000002,128.88,7.83,44.77,185.04,72.28,261.01,0.0,1.7,0.87,30.03,6.07,36.1,150.0,224.91,9.25,-1.75,56.78,1.65,0.0,0.0,0.16,0.34,0.0,0.0,20.634713656387664,0.0,23.940418502202643,0.0,34.242951541850225,16.65,16.56,6.16,4.67,9,2011,0.0,106.8235294117647,36.32
2011-12-31,75.71999999999997,13.839999999999996,0.11036682615629982,0.0,59.46000000000001,17.980000000000004,19.700000000000003,7.9,57.75,14.819999999999993,53.58,11.69,42.3,334.94,71.08,410.22,0.0,1.64,0.86,32.61,5.99,38.6,200.0,371.61,18.259999999999998,-226.2,132.63,1.7200000000000006,17.894869942196536,4.25,0.1,0.4,0.0,0.0,13.497862838915468,0.0,14.899521531100477,0.0,20.84829346092504,17.25,17.0,10.27,8.97,12,2011,0.0,125.39999999999999,50.16
2012-03-31,65.4,12.41,0.06,0.0,53.33,15.95,17.79,7.35,49.46,13.73,282.08,10.39,43.68,337.86,82.25,424.12,0.0,18.36,0.84,34.18,5.91,40.09,200.0,384.02,16.54,212.19,-0.23,1.84,30.624999999999996,3.83,0.1,0.06,0.0,0.0,11.72,0.0,12.92,0.0,16.36,19.64,18.98,9.88,8.61,3,2012,0.0,206.83333333333334,12.41
2012-06-30,62.609999999999985,10.899999999999999,0.056113256113256106,0.25,50.71000000000001,14.34,16.200000000000003,6.1,48.27,12.469999999999999,54.51,9.3,42.9,291.36,81.84,377.18,0.0,16.8,0.85,26.42,5.84,32.26,200.0,344.92,6.060000000000002,-183.43,-50.21,1.86,27.175396788990827,3.54,0.09,0.12,0.25,2.08,11.559330759330757,19.677048477048476,12.644187044187042,17.469927069927067,16.16061776061776,18.81,18.21,11.03,9.4,6,2012,48.5625,194.25,23.31
2012-09-30,75.48000000000002,14.489999999999998,0.07283333333333333,0.005902777777777741,62.45,19.240000000000002,21.159999999999997,7.15,56.230000000000004,17.570000000000004,205.39,7.7,44.55,307.39,82.11,393.46,0.0,21.4,0.87,28.3,5.75,34.05,200.0,359.41,18.259999999999998,132.84,-0.21000000000000085,1.92,24.541304347826088,3.98,0.09,0.19,0.25,1.32,14.735333333333333,23.214666666666666,16.130666666666666,19.84133333333333,20.792,19.12,18.58,10.86,9.29,9,2012,1.1743421052631504,198.9473684210526,37.8
2012-12-31,90.88,17.93,0.09008433518751123,0.00011096735198843221,72.85999999999999,22.47,24.449999999999996,8.1,68.41,19.879999999999995,84.14,7.68,40.77,330.41,88.08,423.54,0.0,27.9,0.88,40.53,5.66,46.2,200.0,377.34,32.459999999999994,-153.5,-0.21000000000000085,1.9799999999999995,22.480046012269938,4.29,0.12,0.28,0.25,0.89,16.93585501525211,22.225092409833124,19.007794724564867,19.14935582271667,24.194078593217302,19.49,18.93,8.15,7.15,12,2012,0.022086466165411878,199.03571428571425,55.73
2013-03-31,65.51,10.96,0.05,0.0,54.62,13.84,15.91,8.25,51.67,12.12,244.78,4.39,41.1,337.86,87.68,433.08,0.0,22.42,0.0,36.58,5.58,42.16,200.0,390.91,14.95,145.91,-0.21,2.07,41.25,4.22,0.11,0.05,0.0,0.0,10.12,12.92,11.2,11.32,13.96,17.22,16.73,9.24,8.11,3,2013,0.0,219.20000000000002,10.96
2013-06-30,90.82000000000001,21.049999999999997,0.10521711965010934,0.27,71.02000000000001,26.919999999999998,28.959999999999997,8.85,63.89999999999999,25.200000000000003,234.16,12.02,42.96,304.4,86.02,399.02,0.0,23.37,0.92,35.55,5.49,41.05,200.0,357.97,14.100000000000001,29.49000000000001,-54.22,2.0400000000000005,21.026996437054635,4.94,0.11,0.16,0.27,1.69,21.09603248984692,27.6194939081537,23.516026241799434,23.9631990003124,29.487097781943145,20.97,20.48,8.56,7.35,6,2013,54.016875,200.06249999999997,32.01
2013-09-30,90.36999999999998,21.46,0.10836356835608754,-0.0027614783991023006,74.88000000000001,27.110000000000007,29.199999999999996,9.4,63.26000000000002,25.54,261.53,14.98,43.29,322.94,84.66,417.48,0.68,24.6,0.7,32.41,5.64,38.06,200.0,379.43,15.459999999999997,11.460000000000008,0.46000000000000085,2.09,21.683256057781918,4.95,0.1,0.27,0.27,1.0,20.564997194688612,26.874164952309705,22.619891527959606,23.22993828314943,28.302958668412195,22.15,21.67,9.96,8.63,9,2013,-0.546875,198.037037037037,53.47
2013-12-31,109.17000000000002,25.370000000000005,0.1254984779299848,0.005498477929984799,89.56999999999996,36.06999999999999,38.17,10.1,73.1,34.03,302.46,13.05,40.01,357.97,91.51,457.16,0.0,29.95,0.47,46.43,6.45,52.88,200.0,404.28,49.74,-7.900000000000006,-0.9100000000000037,2.1000000000000005,20.121757981868345,5.0,0.13,0.39,0.27,0.69,22.203576864535773,30.377067478437347,25.099695585996958,25.962095383054294,32.57811770674785,22.62,22.15,7.71,6.85,12,2013,1.1115384615384656,202.15384615384616,78.84
2014-03-31,102.11,28.48,0.14,0.0,84.2,35.66,37.8,14.5,66.45,33.91,336.69,10.3,40.83,391.48,88.04,486.04,0.0,23.96,0.0,126.6,6.68,133.29,200.0,352.76,33.39,1.3,-0.47,2.14,25.892499999999995,8.22,0.38,0.14,0.0,0.0,23.44,31.04,32.28,30.639999999999997,39.68,28.38,27.89,3.09,2.77,3,2014,0.0,203.42857142857142,28.48
2014-06-30,118.7,38.599999999999994,0.15536672629695883,0.2,99.33,48.290000000000006,50.45,21.5,70.41000000000001,46.5,351.23,16.24,44.71,415.87,90.37,513.96,0.0,24.03,0.0,43.69,6.91,50.6,272.0,463.36,27.619999999999997,-5.08,-8.0,2.1599999999999997,34.59572797927461,12.62,0.11,0.27,0.2,0.74,30.037567084078713,42.328801431127005,33.329039952295766,37.58723911747167,41.085867620751344,30.88,30.38,9.52,8.5,6,2014,49.68888888888889,248.44444444444443,67.08
2014-09-30,112.39999999999998,34.32000000000001,0.1353846153846154,0.003988603988603996,91.70000000000002,42.59,44.72999999999999,32.25,69.80999999999997,40.86,355.26,20.57,55.18,433.95,93.61,538.15,0.0,25.0,0.0,33.34,7.14,40.48,272.0,497.67,11.350000000000001,-7.32,0.0,2.1400000000000006,59.556249999999984,17.63,0.08,0.4,0.2,0.5,25.506461538461544,35.84984615384616,27.57784615384616,31.300923076923084,33.940923076923085,30.92,30.43,13.02,11.36,9,2014,1.0111111111111128,253.5,101.4
2014-12-31,99.86000000000001,17.36999999999999,0.06727456428391006,0.003637282141954998,80.81,21.279999999999987,23.49000000000001,26.0,78.58000000000001,19.39,376.92,14.64,52.27,446.58,105.74,562.6,0.0,27.78,0.0,40.19,7.37,47.56,272.0,515.04,31.89,-10.22,0.0,2.21,96.61601036269435,13.73,0.09,0.46,0.2,0.43,12.349270017681226,16.959040161656976,13.490012629451874,15.116302096489004,16.555392775953514,27.89,27.43,11.11,9.81,12,2014,0.939130434782598,258.195652173913,118.77
2015-03-31,98.02,22.17,0.01,0.0,79.53,27.89,30.68,27.0,70.14,26.38,360.8,20.06,50.37,439.69,146.65,596.05,0.0,30.94,0.0,163.42,11.01,174.44,272.0,421.62,27.45,-43.56,0.0,2.79,675.0,17.42,0.41,0.01,0.0,0.0,14.879999999999999,20.6,21.04,22.92,25.8,22.99,22.62,2.69,2.38,3,2015,0.0,2217.0,22.17
2015-06-30,94.59000000000002,20.14,0.009520207988655164,0.04,77.46000000000001,24.58,28.67,2.48,69.99999999999999,22.919999999999998,148.83,16.28,53.1,396.55,151.54,557.71,0.0,0.0,0.0,36.58,11.26,47.84,274.54,509.87,17.110000000000003,-181.60999999999999,-47.49,4.09,65.12462760675274,13.35,0.09,0.02,0.04,2.13,14.45167572677854,18.64056724178681,15.803545261167573,16.546121484282672,19.1736988891515,22.35,21.97,10.84,9.39,6,2015,84.62,2115.5,42.31
2015-09-30,94.88999999999999,21.339999999999996,0.006705420267085624,0.013410840534171247,78.78999999999999,26.650000000000006,30.85,1.78,68.25,25.010000000000005,175.8,8.41,51.62,416.05,150.42,576.17,0.0,25.46,0.0,33.46,11.5,44.96,274.54,531.2,31.14999999999999,-4.180000000000007,0.0,4.2,66.36422211808811,9.2,0.08,0.02,0.04,2.13,14.818978790259228,19.043393558523167,16.066186959937156,16.58920974076983,19.55300549882168,22.53,22.14,12.43,10.89,9,2015,42.67999999999999,3182.5,63.65
2015-12-31,128.32999999999998,36.970000000000006,0.014696879348042141,-0.01060624130391572,108.52000000000001,46.31,50.64,1.61,82.00999999999999,44.84,213.8,10.31,48.12,473.2,146.68,628.98,0.0,30.02,0.0,49.05,11.75,60.8,274.54,568.18,63.34000000000002,-25.340000000000003,0.0,4.33,27.386766296997564,7.78,0.11,0.04,0.04,1.06,23.515006956867424,30.936931027628706,26.02817332538263,27.306801828662294,31.789350029815147,24.59,24.2,9.65,8.67,12,2015,-26.679999999999993,2515.5,100.62
2016-03-31,100.67,24.87,0.01,0.0,85.19,31.16,35.43,1.57,69.51,29.82,175.72,11.63,48.36,501.82,142.7,653.6,0.0,24.66,0.0,48.54,12.02,60.55,274.54,593.05,27.23,-65.31,0.0,4.27,39.25,7.27,0.1,0.01,0.0,0.0,15.24,19.96,16.76,19.6,20.6,25.06,24.7,10.34,9.34,3,2016,0.0,2487.0,24.87
2016-06-30,107.17999999999999,28.830000000000002,0.010737430167597766,0.03,90.75999999999999,36.370000000000005,40.63,1.58,70.80999999999999,34.86000000000001,302.18,11.26,48.45,433.32,138.57,580.93,0.0,24.82,0.0,42.03,12.28,54.32,274.54,526.61,26.95,194.77,-95.26,4.26,36.78720083246618,8.24,0.1,0.02,0.03,1.74,19.84277094972067,25.4691843575419,21.90435754189944,22.24795530726257,26.907999999999998,26.22,25.84,10.31,9.16,6,2016,80.55,2685.0,53.7
2016-09-30,113.31000000000003,32.92999999999999,0.011403670783793141,0.0021055061756897146,96.31,40.92999999999999,45.209999999999994,1.46,72.37,39.91,138.85,10.62,48.37,463.95,134.9,607.84,0.0,23.9,0.0,35.75,12.55,48.3,274.54,559.55,32.18,-195.5,0.0,4.280000000000001,32.00942985119952,7.16,0.09,0.03,0.03,1.16,21.666974489206968,27.85536650121205,23.537176497749044,24.145372272884682,28.828479741429064,27.35,26.97,12.98,11.62,9,2016,6.079999999999998,2887.6666666666665,86.63
2016-12-31,133.54999999999995,44.78999999999999,0.017040785268604475,-0.0029592147313955283,116.82,55.8,59.83,1.63,77.75999999999999,54.139999999999986,222.5,8.58,48.17,595.59,106.71,711.19,0.0,27.27,0.0,50.27,11.82,62.08,300.0,649.1,38.349999999999994,1.3200000000000074,43.96000000000001,4.029999999999999,23.913217235990178,7.53,0.1,0.05,0.03,0.69,25.193096941104855,33.41357175467965,27.606072135139243,29.432844315933647,33.877081113985696,29.29,28.9,11.85,10.89,12,2016,-7.778000000000006,2628.3999999999996,131.42
2017-03-31,95.77,24.13,0.01,0.0,79.8,30.28,33.88,1.54,65.5,28.89,248.55,11.06,45.98,621.89,104.02,736.42,0.0,23.35,0.0,51.11,12.07,63.19,300.0,673.23,28.74,-2.68,0.0,3.6,38.5,6.86,0.09,0.01,0.0,0.0,13.120000000000001,17.44,14.32,15.240000000000002,17.68,25.62,25.2,12.17,11.27,3,2017,0.0,2413.0,24.13
2017-06-30,103.91000000000001,21.029999999999998,0.009313551815766164,0.04,85.74,26.4,30.0,1.39,77.5,24.82,166.19,11.27,54.07,502.93,100.56,613.89,0.0,22.42,0.0,36.3,12.33,48.63,300.0,565.26,2.0600000000000023,44.58,-129.0,3.6,37.3112220637185,7.38,0.09,0.02,0.04,2.15,13.709548272807796,17.677121346324178,14.883055801594331,15.404614703277236,18.273188662533215,23.0,22.62,13.85,12.37,6,2017,90.32000000000001,2258.0,45.16
2017-09-30,112.14999999999998,31.540000000000006,0.012336375488917863,0.004672750977835725,91.91999999999999,39.330000000000005,42.910000000000004,1.24,72.82,37.589999999999996,195.4,12.58,55.51,534.85,97.19,642.81,0.0,23.02,0.0,33.6,12.41,46.02,300.0,596.8,29.05,0.14999999999999858,0.0,3.579999999999999,25.12691027266962,6.23,0.08,0.03,0.04,1.43,19.623061277705347,25.248448500651893,21.136323337679272,21.827160365058674,25.922837027379405,24.97,24.6,15.92,14.27,9,2017,11.946666666666673,2556.666666666667,76.7
