,revenue,net_profit,eps,dps,gross_profit,ebit,ebitda,close_price,expense,operating_profit,cash,account_receivable,inventory,current_asset,property_plant_equipment,total_asset,short_term_loan,account_payable,current_portion_long_term_debt,current_liability,non_current_liability,total_liability,paid_in_capital,total_equity,cash_flow_operation,cash_flow_investment,cash_flow_financing,depreciation,P/E,P/BV,D/E,EPS,DPS,DPR%,ROA%,ROAA%,ROE%,ROAE%,ROCE%,NPM%,NPMA%,TIE,CurrentRatio,QuickRatio,month,year,dividend,number_of_shares,return_old
2011-06-30,,,,,,,,,,,53.1,145.17,120.7,329.02,760.51,1096.02,75.38,118.81,120.0,375.43,160.13,535.56,225.0,546.41,,,,,,0.0,0.98,0.29,0.0,0.0,,,,,,13.66,13.55,0.0,0.88,0.55,6,2011,,225.27586206896552,65.33
2011-09-30,247.01,30.960000000000008,0.13825734759580435,0.0,65.17,35.34,61.480000000000004,4.5,211.67000000000002,41.0,249.39,148.3,125.51,535.69,809.11,1351.23,37.74,129.2,104.0,354.36,10.69,365.06,300.0,972.83,75.50999999999999,-70.74000000000001,192.14,26.14,8.14079699612403,1.39,0.38,0.43,0.0,0.0,9.169998961470558,0.0,12.732537127427566,0.0,13.5942340845363,13.25,13.21,0.0,1.51,1.16,9,2011,0.0,223.93023255813955,96.29
2011-12-31,147.73000000000002,-7.609999999999999,-0.03089309878213802,0.25,22.099999999999994,-6.789999999999992,21.939999999999998,5.4,154.51999999999998,-3.4200000000000017,76.85,116.44,159.04,371.75,950.61,1328.6,70.0,115.91,74.0,414.05,12.5,426.55,300.0,890.02,-32.109999999999985,-67.42000000000002,-72.70999999999998,28.730000000000004,-43.699080157687256,1.82,0.48,0.36,0.25,0.69,-2.289521876409562,-0.0,-3.418836265223274,-0.0,-3.7003067207938645,10.16,10.11,0.0,0.9,0.51,12,2011,61.58333333333334,246.33333333333337,88.68
2012-03-31,249.36,27.35,0.09,0.0,57.9,28.58,60.74,6.65,220.78,31.65,65.15,175.76,175.48,441.99,1118.61,1566.06,30.8,145.29,76.02,497.6,141.28,638.88,300.0,915.5,4.64,-106.84,90.8,32.16,18.4725,2.18,0.7,0.09,0.0,0.0,7.000000000000001,0.0,11.96,0.0,10.68,11.05,10.97,0.0,0.89,0.54,3,2012,0.0,303.8888888888889,27.35
2012-06-30,290.38,23.53,0.0786183176100629,0.15,70.28,28.67,66.03999999999999,5.7,261.71000000000004,38.38,53.25,205.39,179.58,470.15,1167.25,1642.32,89.8,158.13,62.02,539.04,196.3,735.33,330.0,896.46,48.57,-143.19,82.66000000000001,37.370000000000005,18.125864853378665,2.1,0.82,0.17,0.15,0.88,5.734512578616353,7.732342767295598,10.507106918238993,13.041391509433963,9.600683962264151,9.45,9.43,0.0,0.87,0.54,6,2012,44.89411764705883,299.29411764705884,50.88
2012-09-30,285.93999999999994,29.029999999999994,0.08718808659742208,0.015165958762431236,65.0,29.989999999999995,69.62,5.55,255.93999999999994,34.099999999999994,45.26,170.24,199.65,444.5,1161.94,1611.41,54.5,162.44,69.06,337.61,342.7,680.31,330.0,922.66,76.76999999999998,-174.24999999999997,89.43999999999997,39.629999999999995,15.917312263176028,1.99,0.74,0.24,0.15,0.63,7.207548492053559,8.558963834313602,12.584147165561255,12.249926166937803,9.953973219872355,9.7,9.68,0.0,1.32,0.73,9,2012,5.049632352941167,332.9583333333333,79.91
2012-12-31,247.49000000000012,21.689999999999998,0.0661801181102362,-0.002387426181102337,62.56999999999999,28.24000000000001,67.51000000000002,4.68,219.2600000000001,31.25,39.22,173.13,208.08,442.21,1141.05,1587.75,29.5,120.53,95.9,280.65,354.87,635.52,330.0,943.71,21.360000000000014,-40.55000000000001,13.610000000000014,39.27000000000001,17.682803135085294,1.64,0.67,0.31,0.15,0.48,5.465196850393701,6.763181102362204,9.196901574803148,9.461622047244095,7.540263779527558,9.48,9.47,0.0,1.58,0.83,12,2012,-0.7824596774193466,327.741935483871,101.6
2013-03-31,243.82,3.31,0.01,0.0,43.07,9.4,43.31,4.78,234.42,15.52,26.98,218.75,197.13,459.35,1115.2,1578.57,54.0,113.2,95.9,292.93,332.23,625.16,330.0,945.47,2.57,-30.28,16.32,33.91,119.5,1.67,0.66,0.01,0.0,0.0,0.84,2.4,1.4,1.44,2.92,1.36,1.36,0.0,1.57,0.9,3,2013,0.0,331.0,3.31
2013-06-30,248.88,-8.84,-0.03197106690777577,0.15,20.700000000000003,-3.0200000000000005,31.42,4.34,251.9,-5.59,84.43,242.15,166.85,504.47,1100.11,1608.32,151.33,123.19,95.9,403.58,309.46,713.05,330.0,887.52,46.86,-14.549999999999997,24.939999999999998,34.44,-33.93693438914027,1.61,0.8,-0.02,0.15,-7.5,-2.1740325497287523,2.49374321880651,-3.9644122965641952,-3.9644122965641952,3.3889330922242316,-1.13,-1.12,0.0,1.25,0.84,6,2013,41.475,276.5,-5.53
2013-09-30,254.13000000000005,-0.3899999999999997,-0.0013175675675675665,0.009881756756756748,11.32,9.370000000000001,44.39,3.54,244.77000000000004,-13.83,120.09,156.49,154.87,441.65,1053.8,1498.73,45.29,111.92,103.3,289.61,315.4,605.01,330.0,888.52,100.63,36.589999999999996,-103.16999999999999,35.02000000000001,-671.6923076923082,1.31,0.68,-0.02,0.15,-7.5,-0.10540540540540533,0.26614864864864846,-0.17655405405405392,-0.17128378378378364,0.3425675675675673,-0.83,-0.79,0.0,1.52,0.99,9,2013,2.924999999999997,296.0,-5.92
2013-12-31,226.14999999999998,-10.35,-0.031807006760909654,0.013552550706822363,22.200000000000003,-3.1400000000000006,32.71000000000001,2.5,229.27999999999997,-4.779999999999999,57.52,165.74,140.71,371.27,1046.42,1420.91,11.92,103.46,103.36,252.11,287.35,539.47,330.0,875.19,25.02000000000001,-23.6,-59.650000000000006,35.849999999999994,-19.64975845410628,0.94,0.62,-0.05,0.15,-3.0,-2.9262446220036873,2.1374308543331284,-4.732882606023356,-4.554763368162262,2.748125384142594,-1.73,-1.67,0.0,1.47,0.91,12,2013,4.409999999999997,325.4,-16.27
2014-03-31,210.11,-20.14,-0.06,0.0,8.25,-15.14,21.63,2.18,225.25,-16.9,47.99,161.43,129.63,343.99,1020.71,1370.18,20.23,94.35,103.46,244.68,262.91,507.59,330.0,857.5,28.86,-15.38,-22.63,36.77,-9.0825,0.84,0.59,-0.06,0.0,0.0,-5.88,-4.12,-9.4,-8.92,-5.3999999999999995,-9.67,-9.59,-3.2,1.41,0.88,3,2014,0.0,335.6666666666667,-20.14
2014-06-30,200.75,-20.85,-0.06103927787265186,0.0,2.49,-16.689999999999998,20.960000000000004,2.32,217.44,-20.230000000000004,51.24,140.2,114.31,333.62,958.05,1297.56,30.23,92.78,101.9,225.44,233.37,458.81,330.0,838.75,39.5,-14.040000000000001,-20.49,37.65,-9.500440047961629,0.91,0.55,-0.12,0.0,0.0,-6.429470602585997,-4.4558672847035865,-9.949402293242255,-9.664552329836546,-6.042888509392536,-10.11,-9.98,-3.15,1.48,0.97,6,2014,0.0,341.58333333333337,-40.99
2014-09-30,195.48000000000002,-16.03,-0.04779200280603298,0.0,7.3199999999999985,-12.11,25.22999999999999,2.92,207.58999999999997,-15.36,60.8,141.21,102.48,304.5,927.56,1238.22,0.0,96.66,91.94,188.6,226.9,415.5,330.0,822.72,46.959999999999994,14.240000000000002,-51.99,37.34,-15.277660636306925,1.17,0.51,-0.17,0.0,0.0,-5.172781480182392,-3.6097018589968433,-7.792907751666083,-7.489287969133637,-4.71172921781831,-9.54,-9.4,-3.14,1.61,1.07,9,2014,0.0,335.4117647058823,-57.02
2014-12-31,199.7199999999999,-13.68,-0.04063366336633663,0.0,11.990000000000002,-9.840000000000003,22.49000000000001,2.24,209.56000000000006,-10.159999999999997,92.95,134.66,85.68,313.29,897.73,1214.21,0.0,101.27,106.16,208.89,196.27,405.17,330.0,809.04,51.54000000000002,-3.1700000000000017,-16.22,32.33,-13.785983187134503,0.91,0.5,-0.21,0.0,0.0,-4.504531824611033,-3.1578161244695897,-6.7645374823196605,-6.501386138613861,-4.1407637906647805,-8.87,-8.77,-3.22,1.5,1.09,12,2014,0.0,336.6666666666667,-70.7
2015-03-31,217.44,-3.49,-0.01,0.0,25.7,1.12,36.16,3.36,216.32,1.57,88.84,150.8,83.77,323.42,870.08,1196.94,0.0,108.8,110.9,222.17,169.22,391.39,330.0,805.55,25.69,-6.82,-22.99,35.04,-84.0,1.38,0.49,-0.01,0.0,0.0,-1.16,0.36,-1.72,-1.68,0.44,-1.61,-1.61,0.0,1.46,1.08,3,2015,0.0,349.0,-3.49
2015-06-30,208.08999999999997,1.12,0.004725738396624473,0.0,24.44,4.72,39.870000000000005,6.8,203.37,3.0199999999999996,91.76,147.46,85.63,324.85,841.92,1169.96,0.0,109.29,110.9,221.13,142.16,363.29,330.0,806.67,38.81,-8.16,-27.720000000000002,35.15,359.73214285714283,2.78,0.45,-0.01,0.0,0.0,0.37805907172995784,-0.8884388185654009,0.5481856540084389,0.5481856540084389,-1.1719831223628692,-0.56,-0.56,0.0,1.47,1.08,6,2015,0.0,237.0,-2.37
2015-09-30,211.60000000000002,7.59,0.029080459770114944,0.0,28.28,10.350000000000001,45.510000000000005,7.65,201.26000000000005,5.67,100.17,145.13,87.33,332.63,810.57,1145.82,0.0,105.07,110.9,216.46,115.1,331.56,330.0,814.26,39.400000000000006,-3.2699999999999996,-27.729999999999997,35.16,65.76581027667984,3.1,0.41,0.02,0.0,0.0,2.675402298850575,7.909885057471265,3.7222988505747128,3.7222988505747128,10.120000000000001,0.83,0.82,0.0,1.54,1.13,9,2015,0.0,261.0,5.22
2015-12-31,189.06000000000006,-12.71,-0.03393858477970628,0.0,14.179999999999993,-10.350000000000001,24.320000000000007,5.65,199.39999999999998,-10.35,246.98,132.88,83.38,463.24,779.13,1428.84,0.0,100.56,110.9,212.07,77.83,289.9,660.0,1138.94,32.129999999999995,-185.53,300.22,34.670000000000016,-41.61929583005507,3.27,0.25,-0.02,0.0,0.0,-3.5296128170894527,2.986595460614152,-4.479893190921229,-5.226542056074766,3.2581041388518024,-0.91,-0.91,0.0,2.18,1.79,12,2015,0.0,374.5,-7.49
2016-03-31,251.3,3.26,0.0,,45.93,14.25,49.29,4.82,237.06,13.15,182.99,185.39,70.79,439.16,1135.94,1834.77,5.2,110.34,129.02,299.53,228.0,527.53,660.0,1142.21,18.77,-9.28,-73.49,35.04,0.0,2.79,0.46,0.0,0.0,0.0,0.72,3.76,1.16,1.32,3.72,1.31,1.3,0.0,1.47,1.23,3,2016,,inf,3.26
2016-06-30,222.14999999999998,-13.59,-0.026311713455953532,,28.259999999999998,-13.96,20.79,5.55,236.10000000000002,-8.83,173.77,184.69,77.43,435.88,1119.26,1825.1,5.22,111.94,296.42,475.07,33.13,508.2,660.0,1128.62,22.570000000000004,-4.100000000000001,-27.690000000000012,34.75000000000001,-52.73316777041942,3.25,0.45,-0.02,0.0,0.0,-2.9995353339787028,0.10524685382381413,-4.841355275895451,-5.630706679574057,0.10524685382381413,-2.21,-2.18,0.0,0.92,0.75,6,2016,,516.5,-10.33
2016-09-30,227.26000000000005,8.49,-0.0,,37.260000000000005,10.170000000000002,45.07000000000001,4.74,217.08999999999997,10.14,172.38,172.66,81.77,532.06,1088.64,1784.14,6.49,113.92,256.28,451.51,10.26,461.77,660.0,1137.1,52.59,-4.479999999999999,-49.48999999999998,34.89999999999999,-0.0,2.75,0.41,0.0,0.0,0.0,1.8456521739130434,-13.104130434782608,2.9530434782608697,3.5067391304347826,-14.396086956521739,-0.27,-0.26,0.0,1.18,1.0,9,2016,,-inf,-1.84
2016-12-31,290.0799999999999,57.440000000000005,0.0826474820143885,,86.64999999999999,60.27,94.72999999999999,5.55,229.80999999999995,60.309999999999995,141.73,247.88,87.83,484.57,1053.83,1706.38,12.82,128.4,87.86,322.27,8.71,330.98,660.0,1194.78,25.889999999999986,-0.7600000000000016,-55.78,34.46000000000001,16.789380222841224,3.07,0.28,0.08,0.0,0.0,13.471539568345323,18.637007194244607,19.215539568345328,19.67010071942446,21.116431654676262,5.65,5.61,0.0,1.5,1.23,12,2016,,695.0,55.6
2017-03-31,313.07,43.62,0.07,0.0,82.57,50.29,85.28,7.45,262.79,49.82,196.63,292.76,95.33,591.79,1025.06,1778.98,4.99,151.47,88.05,336.44,65.68,402.12,660.0,1217.25,63.96,-7.08,-1.98,34.99,26.6075,4.04,0.33,0.07,0.0,0.0,9.8,11.12,14.319999999999999,14.799999999999999,13.96,13.95,13.93,0.0,1.76,1.48,3,2017,0.0,623.142857142857,43.62
2017-06-30,363.54,50.6,0.07518573551263003,0.0,84.28,57.02,90.74000000000001,7.5,306.50999999999993,56.24,221.54,333.65,92.71,653.18,996.75,1811.04,4.99,168.93,85.96,337.27,48.8,386.07,660.0,1267.86,44.800000000000004,-1.5,-18.39,33.71999999999999,24.93757608695652,3.9,0.3,0.14,0.0,0.0,11.170452133305032,12.674166843557632,15.960857567395458,16.884568032264916,15.638632986627044,13.95,13.93,0.0,1.94,1.66,6,2017,0.0,672.9999999999999,94.22
2017-09-30,309.71000000000004,33.19,0.049494545169138995,0.0,66.78,34.97,68.5,6.6,274.75,34.55000000000001,256.88,358.0,102.58,727.46,988.84,1884.23,19.98,200.92,6.57,301.05,128.58,429.63,660.0,1301.04,44.239999999999995,-23.840000000000003,14.940000000000001,33.53,33.34003766194637,3.35,0.33,0.19,0.0,0.0,7.043855270386939,8.085845695000392,10.2010862569657,10.88879993721058,9.367493917274938,12.94,12.92,0.0,2.42,2.08,9,2017,0.0,670.578947368421,127.41
