,revenue,net_profit,eps,dps,gross_profit,ebit,ebitda,close_price,expense,operating_profit,cash,account_receivable,inventory,current_asset,property_plant_equipment,total_asset,short_term_loan,account_payable,current_portion_long_term_debt,current_liability,non_current_liability,total_liability,paid_in_capital,total_equity,cash_flow_operation,cash_flow_investment,cash_flow_financing,depreciation,P/E,P/BV,D/E,EPS,DPS,DPR%,ROA%,ROAA%,ROE%,ROAE%,ROCE%,NPM%,NPMA%,TIE,CurrentRatio,QuickRatio,month,year,dividend,number_of_shares,return_old
2012-09-30,,,,,,,,,,,2.81,202.03,186.92,391.76,223.24,645.41,241.8,42.86,10.58,322.85,34.65,357.5,150.0,287.9,,,,,,0.0,1.24,0.53,0.0,0.0,,,,,,12.87,12.66,9.07,1.21,0.63,9,2012,,140.188679245283,74.3
2012-12-31,202.16000000000008,19.22,0.1356415739948674,0.0,55.23999999999998,28.560000000000016,33.73999999999998,8.65,173.61000000000007,24.810000000000002,71.25,173.2,192.24,436.68,230.95,701.36,42.61,29.28,11.89,92.78,35.89,128.67,200.0,572.68,49.59,-22.04,40.89,5.179999999999998,15.947544224765869,3.02,0.22,0.66,0.0,0.0,10.95819503849444,0.0,13.424405474764756,0.0,18.30750213857998,12.05,11.85,7.36,4.71,2.63,12,2012,0.0,141.6969696969697,93.52
2013-03-31,216.64,32.23,0.16,0.0,59.97,39.59,44.65,8.6,177.05,37.82,82.37,196.0,223.26,501.63,236.51,773.51,90.64,30.78,7.96,144.21,22.76,166.98,200.0,606.52,-7.65,-10.74,29.51,5.06,13.4375,2.84,0.28,0.16,0.0,0.0,16.68,0.0,21.24,0.0,25.16,15.0,14.88,28.48,3.48,1.93,3,2013,0.0,201.43749999999997,32.23
2013-06-30,207.22000000000003,29.28,0.14756624939034305,0.25,57.519999999999996,36.239999999999995,41.61000000000001,7.55,170.97999999999996,32.839999999999996,52.61,190.52,218.56,461.69,239.83,736.87,77.9,33.72,7.46,129.7,21.37,151.07,200.0,585.8,45.879999999999995,-8.659999999999998,-66.98,5.37,12.78832394125683,2.58,0.26,0.31,0.25,0.81,15.899073321411153,0.0,19.992846691594863,0.0,23.781967159811416,14.69,14.51,21.6,3.56,1.87,6,2013,49.604838709677416,198.41935483870967,61.51
2013-09-30,234.42999999999995,36.080000000000005,0.18115790552310687,0.1509337947766992,68.08,45.58,50.39999999999999,6.4,188.85000000000002,43.89,13.01,208.59,204.59,426.19,248.85,710.5,45.89,37.89,7.5,98.87,19.75,118.62,200.0,591.88,40.050000000000004,-13.800000000000004,-65.85,4.82,8.831245842572061,2.16,0.2,0.49,0.4,0.82,20.319262219489705,26.486025207500774,24.386072343477817,32.81546060047137,29.354974894968752,14.98,14.82,21.84,4.31,2.24,9,2013,30.06046741277158,199.16326530612247,97.59
2013-12-31,231.67000000000007,32.03999999999999,0.16065725526498492,0.0005365349101917165,63.52000000000001,38.400000000000006,44.08000000000001,6.2,193.26999999999998,35.739999999999995,12.73,208.85,223.59,445.18,249.83,731.51,28.78,40.77,7.53,90.04,17.54,107.57,200.0,623.92,27.370000000000005,-7.559999999999995,-20.090000000000003,5.68,9.649424157303372,1.99,0.17,0.65,0.4,0.62,17.519055774126358,22.057005322841928,20.544355473270073,21.42426290210599,24.62752140708169,14.72,14.57,22.57,4.94,2.46,12,2013,0.10700156985869569,199.43076923076922,129.63
2014-03-31,248.94,35.85,0.18,0.0,63.42,41.36,46.59,6.5,207.59,39.74,54.26,212.01,197.06,463.33,256.51,756.5,14.5,40.85,7.24,80.41,16.31,96.72,200.0,659.77,70.88,-11.92,-17.43,5.23,9.0275,1.97,0.15,0.18,0.0,0.0,18.96,21.64,21.72,22.64,24.48,14.49,14.4,29.97,5.76,3.31,3,2014,0.0,199.16666666666669,35.85
2014-06-30,225.57999999999998,29.119999999999997,0.14342619670617207,0.2,57.97,34.459999999999994,39.97,7.3,191.10999999999999,33.10999999999999,39.17,215.65,205.12,459.93,267.32,763.93,35.85,47.77,6.57,99.52,15.51,115.03,200.0,648.89,22.560000000000002,-16.240000000000002,-21.410000000000004,5.51,12.72291981456044,2.25,0.18,0.32,0.2,0.63,15.239033400030783,18.107557334154222,17.94620286285978,18.860544866861627,20.456161305217794,13.78,13.69,31.33,4.62,2.56,6,2014,40.60625,203.03125,64.97
2014-09-30,278.4200000000001,40.33,0.20299050332383667,0.14561906457739784,70.88000000000001,47.53,53.16,8.05,230.90000000000003,44.69000000000001,23.72,255.79,186.46,465.97,265.24,768.64,28.72,52.92,5.97,93.66,14.64,108.31,200.0,660.32,28.53,-4.190000000000001,-39.78999999999999,5.630000000000001,9.915119018100668,2.44,0.16,0.53,0.35,0.66,20.988452041785376,25.553823361823362,24.435460588793923,25.768303893637228,27.9897094017094,14.09,13.99,36.82,4.98,2.98,9,2014,28.931485849056585,198.67924528301884,105.3
2014-12-31,261.3599999999999,43.11,0.21495451788963008,0.05327185143654831,77.25999999999996,50.25,55.890000000000015,8.25,211.10000000000002,46.14999999999999,11.98,236.75,223.96,472.69,266.1,777.18,13.78,36.81,5.25,68.56,14.07,82.64,200.0,694.54,22.590000000000003,-7.219999999999999,-27.10000000000001,5.640000000000001,9.596216075156576,2.38,0.12,0.74,0.4,0.54,22.192601576713162,26.735694360218314,24.83015160703457,26.154736203759857,28.466949666464522,14.78,14.63,43.73,6.89,3.63,12,2014,10.683885772565048,200.55405405405406,148.41
2015-03-31,318.14,62.16,0.31,0.0,97.25,72.82,78.63,9.7,245.32,68.99,41.7,288.66,213.63,543.99,271.77,854.21,5.99,45.68,4.47,79.3,13.82,93.12,200.0,757.8,47.18,-9.54,-7.92,5.81,7.8225,2.56,0.12,0.31,0.0,0.0,29.12,36.16,32.8,35.08,37.6,19.78,19.54,148.61,6.86,4.17,3,2015,0.0,200.51612903225805,62.16
2015-06-30,294.63,56.41,0.24739141435438983,0.14,96.85,66.45000000000002,72.50999999999999,11.5,228.17000000000002,63.39,52.35,279.6,253.67,591.96,293.41,919.55,6.85,51.25,4.32,82.98,16.57,99.55,251.07,817.08,32.04,-25.619999999999997,4.23,6.06,11.62368551675235,3.53,0.12,0.52,0.14,0.27,24.529810238677573,31.49483005819347,27.6126878637092,30.790716032723285,31.685131146158383,19.57,19.35,114.16,7.13,4.08,6,2015,31.92269230769231,228.01923076923075,118.57
2015-09-30,319.78999999999996,65.85,0.27851100748291946,0.15498373278386285,110.50000000000003,78.26999999999998,84.35000000000002,14.4,241.52999999999997,77.24000000000001,61.06,291.44,257.97,629.33,292.55,944.87,0.0,66.48,1.3,84.34,12.02,96.36,251.06,845.81,66.56,-6.580000000000005,-51.27,6.08,12.92480334092635,4.27,0.11,0.78,0.29,0.37,27.879665979828648,36.26356143585294,31.136102375013557,34.97812601670101,36.10645266240104,19.95,19.78,133.46,7.46,4.4,9,2015,36.64371794871793,236.4358974358974,184.42
2015-12-31,292.08000000000015,61.24000000000001,0.25676626231376704,0.002515661629477549,103.04999999999995,72.03999999999999,78.34999999999997,13.1,220.02999999999997,65.10000000000002,147.98,267.75,280.2,697.79,289.74,1012.58,0.76,57.25,1.24,89.76,12.06,101.82,251.06,907.58,71.97,15.780000000000001,-0.8299999999999983,6.310000000000002,12.75634879163945,3.62,0.11,1.03,0.29,0.28,24.190871936823257,32.26779125620777,26.9928649352764,30.582606855002854,31.29058373361557,20.31,20.06,157.38,7.77,4.65,12,2015,0.599997510580053,238.50485436893203,245.66
2016-03-31,312.27,69.62,0.28,0.0,112.22,81.04,87.62,14.5,231.23,78.98,223.79,305.81,249.73,789.24,289.27,1109.89,5.67,61.18,1.56,116.41,13.79,130.2,251.06,977.74,76.48,-9.2,8.53,6.58,12.9475,3.72,0.13,0.28,0.0,0.0,25.08,33.0,28.48,32.08,32.64,22.44,22.29,279.45,6.78,4.63,3,2016,0.0,248.64285714285714,69.62
2016-06-30,313.27,57.019999999999996,0.2251263423878711,0.4,102.77000000000001,67.29,74.03,15.2,245.98,64.64999999999999,206.05,299.04,229.44,744.07,286.08,1062.07,6.16,66.24,1.57,105.07,13.8,118.88,252.22,940.02,81.74,-4.0,-95.48,6.74,16.879410733076114,4.08,0.13,0.5,0.4,0.8,21.46804801010739,26.961130764371443,24.259614655716994,25.952564750473783,27.915666456096016,20.4,20.24,251.41,7.08,4.9,6,2016,101.31200000000001,253.28,126.64
2016-09-30,382.56000000000006,70.44000000000001,0.2787862796833773,0.19902902374670176,118.08999999999997,87.0,93.84,14.7,295.56,84.93,108.93,334.21,292.52,780.95,291.26,1109.61,10.96,97.72,2.58,129.06,21.71,150.77,252.22,953.11,-30.709999999999994,-15.09,-51.33,6.84,13.184831061896649,3.89,0.16,0.78,0.6,0.77,25.39099654962452,32.753813679723976,29.565642378729454,31.324140450578447,34.3121574994926,19.68,19.55,273.64,6.05,3.78,9,2016,50.28799999999998,252.66666666666669,197.08
2016-12-31,357.56000000000006,65.62999999999997,0.2598119599558448,-0.00014464618781168836,115.67000000000002,78.08000000000001,84.99000000000001,16.6,279.48,74.79000000000002,145.32,354.77,328.78,842.24,312.22,1194.89,9.9,113.39,2.47,148.5,20.75,169.24,252.22,1018.99,73.61,-30.33,-6.889999999999986,6.91,15.97155111991468,4.11,0.17,1.04,0.6,0.58,21.974096151650098,28.37946024133073,25.76135510639107,27.25027749229187,29.92833923337519,19.38,19.24,228.77,5.67,3.46,12,2016,-0.036538461538469846,252.6057692307692,262.71
2017-03-31,364.12,46.82,0.19,0.0,93.45,55.69,62.46,17.3,308.43,52.14,187.79,363.76,357.69,936.89,313.22,1291.22,87.89,76.18,2.24,197.48,21.21,218.69,252.22,1066.06,-26.12,-8.35,76.95,6.77,22.762500000000003,4.09,0.21,0.19,0.0,0.0,14.520000000000001,18.56,17.56,18.32,20.36,12.98,12.86,89.82,4.74,2.93,3,2017,0.0,246.42105263157896,46.82
2017-06-30,331.4,52.65,0.20642907409269126,0.4,103.76,70.10000000000001,77.19,15.8,261.31,66.88,87.26,350.95,493.11,947.04,318.34,1305.43,151.74,78.07,2.42,251.88,21.23,273.1,253.75,1024.94,-62.75,-5.540000000000001,-32.24,7.09,19.13356932573599,3.91,0.27,0.39,0.4,1.03,16.133226098321103,22.506062129285215,20.537046345631847,21.42627928018498,25.279621996581884,14.44,14.3,56.41,3.76,1.8,6,2017,102.02051282051282,255.05128205128204,99.47
2017-09-30,392.29999999999995,47.75999999999999,0.1881464375466956,0.19809891030430318,97.62999999999997,58.709999999999994,66.19,14.6,333.58000000000004,52.780000000000015,70.03,383.86,459.67,940.09,351.73,1329.43,156.55,106.03,1.57,271.91,23.69,295.6,253.75,1025.3,68.4,-36.46,-49.18,7.48,19.397922424623122,3.61,0.29,0.58,0.6,1.03,14.36400733546152,19.632107586769,18.632985125314132,19.30771717720573,22.642450587516127,13.69,13.53,39.59,3.46,1.77,9,2017,50.2863837312113,253.8448275862069,147.23
