,revenue,net_profit,eps,dps,gross_profit,ebit,ebitda,close_price,allowance_doubtful_accounts,expense,operating_profit,cash,account_receivable,property_plant_equipment,total_asset,total_liability,paid_in_capital,total_equity,cash_flow_operation,cash_flow_investment,cash_flow_financing,depreciation,P/E,P/BV,D/E,EPS,DPS,DPR%,ROA%,ROAA%,ROE%,ROAE%,TIE,month,year,dividend,ROCE%,number_of_shares,return_old
2005-06-30,,,,,,,,,16.39,,,10.35,0.0,55.24,6945.72,6268.1,460.0,677.62,,,,,,0.0,9.25,0.77,0.0,0.0,,,,,0.0,6,2005,,,91.5064935064935,70.46
2005-09-30,207.26000000000005,36.88000000000001,0.3848108813117199,0.0,0.0,43.80999999999999,46.959999999999994,,38.52,136.76,0.0,26.88,0.0,60.68,7347.11,6505.29,575.0,841.82,-346.1,-8.68,371.32000000000005,3.1500000000000004,0.0,0.0,7.73,1.12,0.0,0.0,2.006513881125396,0.0,17.52263834544439,0.0,0.0,9,2005,0.0,,95.83928571428571,107.34
2005-12-31,241.29999999999995,31.299999999999983,0.31155510675129816,0.6,0.0,41.85000000000002,45.29000000000002,7.2,49.49,160.59999999999997,0.0,23.64,0.0,61.12,7875.67,7003.11,575.0,872.56,-484.79999999999995,-3.879999999999999,485.42999999999984,3.4399999999999995,5.78035782747604,4.75,8.03,1.38,0.6,0.43,1.58938257357184,0.0,14.349596076168488,0.0,0.0,12,2005,60.278260869565216,,100.46376811594203,138.64
2006-03-31,246.02,27.41,0.24,0.0,0.0,37.82,41.29,7.84,7.42,164.6,0.0,18.09,0.0,65.13,8341.73,7441.76,575.0,899.97,-453.26,-7.42,455.13,3.47,8.1725,5.01,8.27,0.24,0.0,0.0,1.32,0.0,12.2,0.0,0.0,3,2006,0.0,,114.20833333333334,27.41
2006-06-30,260.53,34.489999999999995,0.30088206785137317,0.6,0.0,43.96,55.940000000000005,6.66,15.43,140.64000000000001,0.0,23.52,0.0,60.59,8640.4,7752.34,575.0,888.06,-225.48000000000002,0.2699999999999996,230.64999999999998,11.979999999999999,5.532233980864019,4.31,8.73,0.54,0.6,1.11,1.60470436187399,2.340193861066236,15.534429725363486,17.62946042003231,0.0,6,2006,68.77777777777777,,114.62962962962962,61.9
2006-09-30,262.59999999999997,31.619999999999997,0.27048759623609925,0.01165288470677686,0.0,41.03999999999999,35.86999999999999,5.5,25.25,143.53999999999996,0.0,21.92,0.0,57.97,8894.18,7342.0,575.0,1552.17,-249.26999999999998,-0.6899999999999995,248.36,-5.17,5.087109424414928,2.04,4.73,0.8,0.6,0.75,1.420059880239521,2.042181351582549,8.155201026518391,10.562540633019674,0.0,9,2006,1.362222222222215,,116.89999999999999,93.52
2006-12-31,272.82000000000005,25.049999999999997,0.1732394366197183,0.11492957746478878,0.0,32.150000000000006,35.34,5.2,45.33,161.77999999999997,0.0,54.02,0.0,57.98,9443.84,7867.36,1150.0,1576.48,-467.45000000000005,-3.1999999999999993,471.0400000000001,3.1900000000000013,7.5023333333333335,3.79,4.99,0.82,0.6,0.73,1.064788732394366,1.5126760563380282,6.354929577464788,8.180281690140843,0.0,12,2006,16.61853658536586,,144.59756097560975,118.57
2007-03-31,293.13,31.48,0.14,0.0,0.0,42.03,45.27,5.1,12.57,175.66,0.0,26.67,0.0,59.85,10094.97,8487.01,1150.0,1607.96,-642.58,-7.2,637.51,3.24,9.1075,3.65,5.28,0.14,0.0,0.0,1.24,1.84,7.84,10.04,0.0,3,2007,0.0,,224.85714285714283,31.48
2007-06-30,300.92999999999995,41.39,0.18175929737889393,0.35,0.0,51.33,54.77,4.82,31.92,175.16,0.0,17.63,0.0,57.96,10431.0,8862.14,1150.0,1568.86,-308.90999999999997,-1.589999999999999,293.36,3.4399999999999995,6.628546750422808,3.53,5.65,0.32,0.35,1.09,1.5903938520653216,2.2265513928914507,10.542039247975845,13.47290791821051,0.0,6,2007,79.7015625,,227.71875,72.87
2007-09-30,310.98,45.42999999999999,0.19585207100591714,0.006400702662721862,0.0,63.32000000000001,66.59999999999998,4.96,57.56,172.90000000000003,0.0,45.91,0.0,56.11,10549.57,8935.29,1150.0,1614.28,-26.069999999999936,-1.4400000000000013,56.50999999999999,3.280000000000001,6.334244992295841,3.53,5.54,0.51,0.35,0.69,1.7204260355029586,2.473112426035503,11.25957396449704,11.47462721893491,0.0,9,2007,1.4847120098039142,,231.96078431372547,118.3
2007-12-31,310.6400000000001,48.08,0.20806346916696716,-0.0013289917481597356,0.0,58.81,62.31,5.0,85.27,180.14,0.0,43.74,0.0,37.52,10865.6,9203.24,1150.0,1662.36,-217.08000000000015,-1.9900000000000002,222.69999999999993,3.5,6.003937188019967,3.46,5.54,0.72,0.35,0.49,1.7685394879192209,2.450525303522058,11.570640702007452,11.871176824137516,0.0,12,2007,-0.3071078431372456,,231.08333333333334,166.38
2008-03-31,345.85,62.29,0.27,0.0,0.0,81.57,84.83,5.3,18.22,170.48,0.0,23.04,0.0,39.17,10966.88,9242.23,1150.0,1724.66,-66.63,-4.86,24.06,3.26,4.9075,3.53,5.36,0.27,0.0,0.0,2.28,3.08,14.44,14.96,0.0,3,2008,0.0,,230.7037037037037,62.29
2008-06-30,296.61,46.68,0.2013361475635496,0.5,0.0,64.20000000000002,67.47000000000001,5.2,30.6,201.69000000000003,0.0,23.16,0.0,35.8,11099.41,9443.07,1150.0,1656.33,-65.78,0.07000000000000028,87.64,3.2700000000000005,6.454628320479863,3.61,5.7,0.47,0.5,1.06,1.6792291456364137,2.31322382307057,11.274824263558777,11.583254106634854,0.0,6,2008,115.92553191489363,,231.85106382978725,108.97
2008-09-30,375.53,50.099999999999994,0.21731941912365624,-0.0028516817833444527,0.0,69.6,73.07999999999998,4.64,46.65,173.55,0.0,53.34,0.0,34.09,11595.67,9889.24,1150.0,1706.43,-403.1,-1.3499999999999996,421.96,3.4799999999999995,5.334083832335329,3.13,5.8,0.69,0.5,0.72,1.7259571257936759,2.456654303136984,11.741547746275224,12.069101653360155,0.0,9,2008,-0.6574159728646407,,230.53623188405797,159.07
2008-12-31,288.8699999999999,19.849999999999994,0.08653588195841716,-0.0025102304649151476,0.0,34.06,36.99000000000001,3.54,70.17,212.47000000000003,0.0,61.1,0.0,31.6,11937.7,10211.42,1150.0,1726.29,-277.4,0.7599999999999998,346.2800000000001,2.9299999999999997,10.230438287153655,2.36,5.92,0.78,0.5,0.64,0.6656606304493627,0.9718645204560695,4.597496087636932,4.686250838363514,0.0,12,2008,-0.5758082497213053,,229.38461538461536,178.92
2009-03-31,342.17,39.72,0.17,0.0,0.0,61.07,64.44,3.6,31.1,177.77,0.0,18.17,0.0,30.55,11879.17,10113.17,1150.0,1766.0,-16.51,-1.88,-38.35,3.37,5.295,2.34,5.73,0.17,0.0,0.0,1.32,2.12,9.0,9.12,0.0,3,2009,0.0,,233.6470588235294,39.72
2009-06-30,287.94,48.790000000000006,0.20947011637103155,0.54,0.0,74.27000000000001,77.61000000000001,3.56,56.04,187.89000000000001,0.0,18.88,0.0,31.02,11721.65,10031.05,1150.0,1690.6,227.37,-2.7199999999999998,-301.32,3.34,4.249532178725148,2.42,5.93,0.38,0.54,1.42,1.6757609309682522,2.623888826121342,11.553930629307423,11.664178058976388,0.65,6,2009,125.77736842105264,,232.92105263157896,88.51
2009-09-30,407.40999999999997,51.43999999999998,0.22421150410861015,-0.008225757319343436,0.0,79.16,82.94,4.5,85.83,181.25999999999993,0.0,79.89,0.0,34.44,12026.13,10284.1,1150.0,1742.04,-176.74,-9.75,306.17,3.7800000000000002,5.019590785381028,2.97,5.9,0.61,0.54,0.89,1.7054776705966412,2.675835655591282,11.806022150768129,11.938343694176488,0.7,9,2009,-1.8872044866264162,,229.4262295081967,139.95
2009-12-31,258.1400000000001,53.68000000000001,0.23287300521613388,0.0025433160929710322,0.0,73.01999999999998,76.86000000000001,5.2,113.85,199.84000000000003,0.0,237.17,0.0,38.67,12569.2,10773.48,1150.0,1795.72,-310.94,-7.450000000000001,479.33,3.84,5.582012388226527,3.33,6.0,0.84,0.54,0.64,1.707735371584982,2.605959820275784,11.954147601094872,12.198109797035585,0.7,12,2009,0.5862646370023583,,230.51190476190476,193.63
2010-03-31,379.21,74.16,0.32,0.58,0.0,99.71,103.78,5.15,18.57,186.56,0.0,40.59,641.86,35.63,12864.8,10994.92,1150.0,1869.88,-449.19,-0.62,239.76,4.07,4.0225,3.17,5.88,0.32,0.58,1.81,2.32,3.2399999999999998,15.88,16.32,0.96,3,2010,134.41499999999996,,231.74999999999997,74.16
2010-06-30,388.37000000000006,66.05000000000001,0.2873582483417731,-0.004788174880536165,0.0,92.50000000000001,96.57,6.35,48.43,196.31,0.0,117.54,0.0,32.66,13617.68,11815.15,1150.0,1802.53,-609.1699999999998,-0.5099999999999999,679.07,4.07,5.524549962149886,4.05,6.55,0.61,0.58,0.95,1.9408458740460741,2.864160901504886,14.65998145638685,15.1310605520291,0.9,6,2010,-1.1005737704917635,,229.85245901639345,140.21
2010-09-30,414.86,72.69999999999999,0.3175567141045512,-0.002323124294033412,-116.39,103.24999999999997,107.28999999999999,7.7,70.12,-82.53000000000003,-116.39,114.24,671.81,35.49,14635.65,12760.42,1150.0,1875.23,-952.76,-8.16,965.63,4.039999999999999,6.062224209078405,4.72,6.8,0.93,0.58,0.62,1.9804612277488136,3.032154431449908,15.502230989620026,16.075881828002437,0.0,9,2010,-0.5318455843469394,,228.93548387096772,212.91
2010-12-31,284.24,77.10999999999999,0.335006551272326,0.0031223653096227196,-198.10000000000002,101.43,105.57,8.95,89.52,117.33000000000004,-198.10000000000002,128.06,0.0,41.87,15394.85,13442.52,1150.0,1952.34,-565.1199999999999,-9.98,616.1700000000001,4.140000000000001,6.675988847101544,5.27,6.89,1.26,0.58,0.46,1.9994041790221362,3.020376525756844,15.793165988552511,16.463179091097164,0.0,12,2010,0.7186891961085564,,230.17460317460316,290.02
2011-03-31,433.17,77.81,0.34,0.0,-65.35,117.2,121.39,9.95,13.08,117.29,-65.35,161.8,0.0,42.74,16430.55,14435.93,1150.0,1994.62,-962.29,-4.46,982.82,4.19,7.315,5.74,7.24,0.34,0.0,0.0,1.8800000000000001,3.1999999999999997,15.6,16.12,0.0,3,2011,0.0,,228.85294117647058,77.81
2011-06-30,409.54,82.44999999999999,0.36013353300886053,0.88,-125.42000000000002,121.96999999999998,126.08,9.15,21.66,126.45,-125.42000000000002,114.21,0.0,41.76,17126.97,15252.29,1150.0,1874.67,-660.51,-2.4699999999999998,620.38,4.11,6.351116434202548,5.61,8.14,0.7,0.88,1.26,1.9344315487333081,3.2103332085361287,17.595095469861477,17.9449394733558,0.0,6,2011,201.4697142857143,,228.94285714285715,160.26
2011-09-30,458.98,91.66,0.4002302318196253,0.0002894342875287249,-91.17999999999998,134.71,139.26000000000002,10.0,33.36,119.61000000000001,-91.17999999999998,154.82,0.0,50.2,18039.65,16073.33,1150.0,1966.33,-786.8500000000001,-11.45,806.8,4.549999999999999,6.245780056731399,5.85,8.17,1.1,0.88,0.8,2.037535725627183,3.332826294061607,18.643451889488727,19.09462051444903,0.0,9,2011,0.06628571428566943,,229.0181818181818,251.92
2011-12-31,564.99,79.62000000000003,0.3458189057127346,0.004655124570187876,5.060000000000002,112.98000000000002,117.71999999999997,10.9,58.7,123.47999999999996,5.060000000000002,439.99,0.0,49.79,18214.88,16168.93,1150.0,2045.95,304.34000000000015,-6.0,59.0,4.74,7.880425144436069,6.13,7.9,1.44,0.88,0.61,1.7483066899921584,2.7857634071303625,15.561850757073058,15.926881824214277,0.0,12,2011,1.0717777777778394,,230.23611111111114,331.54
2012-03-31,532.0,95.22,0.41,0.0,-57.92,128.21,132.82,12.5,26.55,129.84,-57.92,191.72,0.0,47.81,19183.1,17041.93,1150.0,2141.17,-1171.13,0.41,872.59,4.61,7.6225,6.71,7.96,0.41,0.0,0.0,1.9999999999999998,2.88,17.8,18.4,0.0,3,2012,0.0,,232.2439024390244,95.22
2012-06-30,615.8599999999999,110.75999999999999,0.4355549082435188,1.0,-29.349999999999994,151.09,155.70999999999998,10.9,51.98,143.30999999999997,-29.349999999999994,106.3,0.0,48.72,20532.78,17361.61,1725.0,3171.16,-1351.23,-2.9000000000000004,1185.54,4.62,6.257879198266523,5.93,5.47,0.81,1.0,1.23,2.150888435770463,3.1833148849402852,13.98077483250801,17.55124963588698,0.0,6,2012,254.29629629629628,,254.29629629629628,205.98
2012-09-30,629.4300000000001,137.15,0.483640311252295,0.10325964352135206,-46.42999999999999,183.42000000000002,188.34000000000003,16.5,75.92,142.15000000000003,-46.42999999999999,173.05,0.0,51.74,21990.46,18682.16,1725.0,3308.31,-1226.42,-7.82,1317.2999999999997,4.92,8.531340138534452,8.6,5.65,1.21,1.0,0.83,2.4941450762101827,3.693253285926617,16.57966951301256,20.80053041121441,0.0,9,2012,29.28221610039796,,283.57851239669424,343.13
2012-12-31,650.8000000000002,145.22000000000003,0.4847109654960582,0.053480136773601784,-63.96000000000001,183.66999999999996,188.84000000000003,19.8,97.89,159.02000000000004,-63.96000000000001,155.16,0.0,54.98,23095.6,19642.07,1725.0,3453.53,-856.7099999999996,-8.269999999999998,912.7500000000005,5.17,10.214592514805123,9.89,5.69,1.63,1.0,0.61,2.5097917477219207,3.7230560049145085,16.819173134022734,21.125071772294465,0.0,12,2012,16.02271459717082,,299.60122699386505,488.35
2013-03-31,661.53,152.7,0.44,1.0,-55.22,191.48,196.74,24.5,31.52,149.72,-55.22,110.9,0.0,55.95,24429.64,20777.86,1725.0,3651.78,-1230.39,-4.32,1106.91,5.26,13.92,11.57,5.69,0.44,1.0,2.27,2.52,3.52,16.72,21.08,0.0,3,2013,347.0454545454545,,347.0454545454545,152.7
2013-06-30,696.3700000000001,161.27000000000004,0.46741949867821775,-0.005864775731323309,-73.03999999999999,202.12000000000003,207.53999999999996,22.8,56.4,168.32000000000002,-73.03999999999999,368.75,0.0,57.94,26175.79,22706.33,1725.0,3469.46,-1356.4799999999998,-4.8100000000000005,1603.4399999999998,5.42,12.192206393005518,11.34,6.54,0.91,1.0,1.1,2.465509443577412,3.472259133038189,18.594050386979653,19.436432780201937,0.0,6,2013,-2.023476523476461,,345.02197802197804,313.97
2013-09-30,737.8199999999997,163.32,0.47221102474386634,0.0024296975207323645,-62.47,204.87,210.52999999999997,16.7,111.81,159.87,-62.47,236.56,0.0,55.22,27423.6,23790.82,1725.0,3632.78,-1216.37,-1.4399999999999995,1063.4300000000003,5.66,8.84032727161401,7.93,6.55,1.38,1.0,0.72,2.3815860378386304,3.3123208112468308,17.98508076850552,18.820004609356992,0.0,9,2013,0.8403408186017032,,345.86231884057975,477.29
2013-12-31,741.9900000000002,163.62999999999994,0.4748670660924919,-0.003719517324281282,-87.03,205.49,211.30000000000007,16.2,152.41,177.16000000000003,-87.03,212.01,0.0,55.85,28380.61,24584.2,1725.0,3796.41,-652.0300000000007,-7.77,734.6100000000001,5.809999999999999,8.52901851738679,7.36,6.48,1.86,1.0,0.54,2.3079560631592075,3.1862048305560746,17.23818510890594,18.055160706484422,0.0,12,2013,-1.2816736792894403,,344.5806451612903,640.92
2014-03-31,744.17,156.18,0.43999999999999995,1.0,-68.75,195.78,201.71,16.5,73.2,160.15,-68.75,148.32,0.0,56.67,28833.23,24880.64,1725.0,3952.59,-398.06,-4.99,253.74,5.93,9.375,7.2,6.29,0.44,1.0,2.27,2.16,2.96,15.8,16.44,0.0,3,2014,354.9545454545455,,354.9545454545455,156.18
2014-06-30,765.43,168.76,0.4778088262448452,-0.00497994035262477,-82.32,211.52,217.76000000000002,21.0,127.82,176.28,-82.32,160.67,0.0,69.18,29206.77,25430.2,1759.48,3776.57,-130.20999999999998,-18.9,233.76,6.24,10.989541656790708,9.78,6.73,0.92,1.0,1.09,2.3059469440512097,3.053821628608358,17.865895242198558,18.634544223548964,0.0,6,2014,-1.758893280632492,,353.195652173913,324.94
2014-09-30,776.9900000000002,169.99,0.4842824237770998,-0.006214756764021772,-74.22,212.91000000000003,219.23000000000002,19.8,189.32,170.11,-74.22,109.42,0.0,84.33,29126.62,25180.06,1759.48,3946.56,211.33999999999997,-22.03,-255.0,6.3199999999999985,10.219449967645154,8.83,6.38,1.41,1.0,0.71,2.3355464409108357,3.0087333562321947,17.2280896288364,17.9424920695856,0.0,9,2014,-2.181467776749855,,351.01418439716315,494.93
2014-12-31,777.5099999999998,176.07,0.5011828614008942,0.0008389087949603831,-70.52000000000001,221.02999999999997,227.5999999999999,18.9,242.4,168.44,-70.52000000000001,144.34,0.0,92.62,29465.4,25342.78,1759.48,4122.63,13.410000000000025,-14.839999999999996,72.0,6.57,9.432186062361563,8.07,6.15,1.91,1.0,0.52,2.3930825633383006,3.0543290611028318,17.08744918032787,17.790679582712368,0.0,12,2014,0.294716126397077,,351.3089005235602,671.0
2015-03-31,769.54,168.9,0.48000000000000004,1.3,-72.75,211.82,218.28,19.9,54.33,172.38,-72.75,197.59,0.0,111.53,29758.34,25466.81,1759.48,4291.52,-7.36,-25.02,88.0,6.46,10.365,8.16,5.93,0.48,1.3,2.71,2.28,2.88,15.76,16.4,0.0,3,2015,457.4375,,351.875,168.9
2015-06-30,777.0,170.16,0.48178375508759513,0.004831003362236804,-78.28999999999999,213.2,220.17,19.6,109.92,177.51999999999998,-78.28999999999999,141.46,0.0,117.68,29842.23,25836.8,1759.48,4005.43,12.49,-15.129999999999999,-70.25,6.97,10.172198519040904,8.61,6.45,0.96,1.3,1.35,2.2884728366660765,2.8907025305255707,17.002951689966377,17.484735445053975,0.0,6,2015,1.7062500000000114,,353.1875,339.06
2015-09-30,795.1999999999998,176.49999999999994,0.5032488944060827,-0.009142122158429791,-73.47,221.18000000000006,228.38000000000005,18.0,183.66,174.58000000000004,-73.47,181.1,0.0,120.23,29658.15,25476.22,1759.48,4181.93,401.4,-9.190000000000005,-330.0,7.199999999999999,8.938320679886688,7.57,6.09,1.47,1.3,0.88,2.3827294592287993,3.0126464427030797,16.88451392660408,17.377492435410034,0.0,9,2015,-3.206335034013648,,350.7210884353741,515.56
2015-12-31,791.7400000000002,165.05000000000007,0.46803088405988763,0.007102142365887,-58.51999999999998,207.51999999999998,214.74,19.6,270.01,169.91999999999996,-58.51999999999998,117.28,0.0,132.67,30249.48,25902.49,1759.48,4346.99,-448.15,-23.64,403.0,7.220000000000002,10.474095122690091,7.93,5.96,1.93,1.3,0.67,2.1825274386212374,2.774234877536329,15.190390972803815,15.58809597273035,0.0,12,2015,2.504553945930752,,352.6476683937824,680.61
2016-03-31,790.23,172.59,0.49,1.35,-81.99,216.45,223.65,18.5,74.79,183.0,-81.99,213.83,0.0,129.36,30477.2,25958.15,1759.48,4519.05,4.74,-3.42,82.0,7.2,9.44,7.2,5.74,0.49,1.35,2.76,2.28,2.88,15.28,15.679999999999998,0.0,3,2016,475.50306122448984,,352.2244897959184,172.59
2016-06-30,801.79,183.20000000000002,0.5200595857106721,0.00016416471307601141,-87.13000000000001,224.29000000000002,231.41,19.9,142.06,191.16000000000003,-87.13000000000001,75.92,0.0,129.3,30811.31,26583.86,1759.48,4227.45,-308.88,-5.4399999999999995,194.60000000000002,7.12,9.564769377729258,8.28,6.29,1.01,1.35,1.34,2.368588212147615,2.986480789229602,17.342184996767756,17.795306219961216,0.0,6,2016,0.05782986461912287,,352.26732673267327,355.79
2016-09-30,815.8699999999999,189.58999999999997,0.5388252227804465,-0.0015702467786109084,-81.56,229.11,236.05,20.8,234.68,185.62999999999994,-81.56,148.54,0.0,128.88,31433.74,27016.7,1759.48,4417.03,-290.64,-5.76,349.6,6.940000000000001,9.65108866501398,8.29,6.12,1.55,1.35,0.87,2.419499064872199,3.0452315816494915,17.172881293776815,17.63175180608016,0.0,9,2016,-0.5525039923347208,,351.85806451612905,545.38
2016-12-31,822.48,161.29999999999995,0.45878332484292733,-0.001059684814224427,-72.59999999999997,197.93999999999994,204.86,23.1,379.79,177.93000000000006,-72.59999999999997,94.72,0.0,135.55,31706.54,27128.2,1759.48,4578.34,-68.41000000000008,-11.390000000000002,44.0,6.919999999999998,12.584862368257907,8.88,5.93,2.01,1.35,0.67,2.0359936604969713,2.5564045961396946,14.096745344427461,14.461946001018845,0.0,12,2016,-0.37256620125180007,,351.5820895522388,706.68
2017-03-31,803.22,175.57,0.5,1.4,-98.09,216.26,223.05,20.7,103.31,195.56,-98.09,176.01,0.0,134.24,32189.12,27435.22,1759.48,4753.91,-255.08,-3.87,338.5,6.79,10.35,7.66,5.77,0.5,1.4,2.8,2.2,2.7599999999999993,14.76,15.16,0.0,3,2017,491.59599999999995,,351.14,175.57
2017-06-30,831.02,184.55,0.5227174275241586,0.007608797067644186,-100.44,228.45,235.42000000000002,21.7,200.82,204.87,-100.44,124.83,0.0,131.49,32607.71,28161.73,1759.48,4445.98,-278.03999999999996,-3.76,193.01999999999998,6.97,10.376256299105933,8.59,6.33,1.02,1.4,1.37,2.2548594912806843,2.8698211707208707,16.603965344885037,17.013939797845165,0.0,6,2017,2.6863529411764944,,353.05882352941177,360.12
2017-09-30,845.8799999999999,195.59000000000003,0.5561033632650124,-0.005348324930375161,-93.23999999999998,239.75000000000006,246.64,22.1,309.56,197.70999999999998,-93.23999999999998,225.1,0.0,126.88,33344.22,28702.64,1759.48,4641.58,-392.49,-1.4500000000000002,511.0,6.889999999999999,9.937091492407585,8.38,6.18,1.58,1.4,0.89,2.3511205484875206,2.9705774594662686,16.852043691853666,17.274400676611904,0.0,9,2017,-1.8810871183916333,,351.7151898734177,555.71
