,revenue,net_profit,eps,dps,gross_profit,ebit,ebitda,close_price,allowance_doubtful_accounts,expense,operating_profit,cash,account_receivable,inventory,current_asset,property_plant_equipment,total_asset,short_term_loan,account_payable,current_portion_long_term_debt,current_liability,non_current_liability,total_liability,paid_in_capital,total_equity,cash_flow_operation,cash_flow_investment,cash_flow_financing,depreciation,P/E,P/BV,D/E,EPS,DPS,DPR%,ROA%,ROAA%,ROE%,ROAE%,ROCE%,NPM%,NPMA%,TIE,CurrentRatio,QuickRatio,month,year,dividend,number_of_shares,return_old
2000-03-31,389.72,33.73,1.68,0.0,121.73,59.84,81.0,22.75,0.0,329.88,54.74,107.08,336.56,215.34,731.96,941.72,1694.2,181.16,177.86,99.51,568.84,163.55,732.39,200.0,895.3,-29.57,-7.94,18.44,21.16,3.385,5.08,0.82,1.68,0.0,0.0,7.96,0.0,15.08,0.0,21.28,8.82,8.65,0.0,1.29,0.91,3,2000,0.0,20.077380952380953,33.73
2000-06-30,356.56999999999994,12.760000000000005,0.6367648956764898,1.5,105.77999999999999,32.8,55.34,21.75,0.0,323.77,32.07,57.34,292.81,223.46,642.39,931.02,1578.5,195.61,143.97,99.51,527.64,108.67,636.31,200.0,878.05,31.21,-8.52,-72.54,22.540000000000003,8.543812695924762,4.95,0.72,2.32,1.5,0.65,3.2387180038718015,0.0,5.807734996773502,0.0,9.683217896321793,6.34,6.23,0.0,1.22,0.79,6,2000,30.058189655172416,20.038793103448278,46.49
2000-09-30,367.05999999999995,20.07999999999999,1.0044524560612886,-0.003586774098305033,115.88,46.82000000000001,68.84,19.0,0.0,320.24,40.05,31.62,341.0,255.63,685.75,973.48,1664.99,220.35,164.17,114.92,585.9,117.52,703.43,200.0,898.14,-10.280000000000001,-37.44,21.990000000000002,22.019999999999996,4.732503735059763,4.23,0.78,3.33,1.5,0.45,4.826197987081266,0.0,8.940531771068045,0.0,15.58861949827249,6.09,5.98,0.0,1.17,0.73,9,2000,-0.07170316868593574,19.990990990990987,66.57
2000-12-31,503.8700000000001,34.980000000000004,1.7498611521418024,-6.254408026923328e-05,161.33000000000004,65.82,88.84999999999997,18.0,0.0,438.05000000000007,57.010000000000005,101.61,366.82,228.36,754.83,961.4,1721.85,214.12,157.78,118.32,631.41,94.23,725.64,200.0,933.12,107.03,14.530000000000001,-51.56,23.03,2.5692324185248707,3.86,0.78,5.08,1.5,0.3,8.129276218611523,0.0,14.990936484490401,0.0,25.944791728212703,6.4,6.28,0.0,1.2,0.83,12,2000,-0.001250266014043433,19.99015748031496,101.55
2001-03-31,377.68,12.07,0.6,0.0,102.09,31.33,53.7,19.0,0.0,346.35,25.83,104.68,301.73,286.49,752.81,957.5,1716.57,308.71,138.76,84.17,633.54,77.38,710.92,200.0,945.19,-14.05,-10.7,27.82,22.37,7.9175,4.02,0.75,0.6,0.0,0.0,2.8,7.36,5.12,5.24,11.56,3.26,3.2,0.0,1.19,0.74,3,2001,0.0,20.116666666666667,12.07
2001-06-30,371.3,19.91,0.9961225766103815,1.5,109.60999999999999,36.900000000000006,58.89,25.5,0.0,334.4,34.67,130.94,305.29,285.14,775.71,958.84,1742.16,417.26,130.08,36.88,669.53,77.71,747.24,200.0,935.1,13.9,-21.320000000000004,33.67,21.99,6.400818684078352,5.45,0.8,1.6,1.5,0.94,4.5821638524077555,10.23515947467167,8.51684803001876,8.790781738586615,15.838348968105066,4.33,4.27,0.0,1.16,0.73,6,2001,29.981250000000003,19.9875,31.98
2001-09-30,375.3499999999999,30.529999999999998,1.5286978083506637,-0.0012208046712527283,101.03000000000003,51.099999999999994,74.59,22.25,0.0,324.25,43.150000000000006,123.38,303.43,290.46,792.23,976.24,1775.88,357.07,132.04,52.38,615.3,135.71,751.01,200.0,965.63,17.72,-53.46,28.190000000000005,23.489999999999995,3.6394210612512286,4.61,0.78,3.13,1.5,0.48,6.876698128299472,13.558035514317709,12.639840025595904,13.108705807070868,20.08308430651096,5.66,5.56,0.0,1.29,0.82,9,2001,-0.024380990415338033,19.971246006389777,62.51
2001-12-31,497.43000000000006,38.93,1.9457324526813882,0.00274718179619235,141.41999999999996,68.86999999999999,92.98000000000002,24.0,0.0,428.55999999999995,66.71000000000001,239.95,300.2,281.15,878.19,979.35,1868.74,372.95,138.4,52.38,668.69,136.69,805.38,200.0,1004.56,124.77000000000001,-20.819999999999993,12.61999999999999,24.11,3.081243257128179,4.78,0.8,5.07,1.5,0.3,8.335563880126182,16.087791798107258,15.504455835962146,16.072440851735017,24.070283911671925,6.34,6.25,0.0,1.31,0.89,12,2001,0.054965309941962914,20.007889546351084,101.44
2002-03-31,418.87,31.35,1.5699999999999998,0.0,107.18,49.53,72.79,31.25,0.0,369.34,50.84,371.89,244.79,281.69,958.47,961.7,1931.79,438.23,133.53,52.38,716.52,121.16,837.68,200.0,1035.9,86.32,-6.59,52.21,23.26,4.975,6.03,0.81,1.57,0.0,0.0,6.48,10.88,12.12,12.64,16.32,7.48,7.48,0.0,1.34,0.94,3,2002,0.0,19.96815286624204,31.35
2002-06-30,395.88,23.64,1.182214948172395,1.5,97.82,37.17999999999999,61.11999999999999,38.25,0.0,358.7,43.84,301.79,250.12,299.04,895.64,954.82,1871.26,398.37,139.96,52.34,665.92,118.16,784.08,200.0,1029.54,16.820000000000007,-15.719999999999999,-71.2,23.94,8.089159263959392,7.43,0.76,2.75,1.5,0.55,5.055581014729951,8.254009819967266,9.182585924713583,9.629678123295143,12.363818876159302,6.7,6.75,0.0,1.34,0.9,6,2002,29.994545454545452,19.996363636363636,54.99
2002-09-30,415.3399999999999,31.07,1.5524169184290029,0.0013183191430928523,107.94999999999999,48.57000000000001,72.45000000000002,34.5,0.0,366.77,40.70999999999998,130.51,227.05,305.03,711.39,946.32,1678.95,194.99,141.52,52.31,471.8,88.62,560.42,200.0,1060.62,80.76,-15.900000000000002,-236.14,23.879999999999995,5.5535983263598325,6.51,0.53,4.3,1.5,0.35,7.408277945619336,11.307371601208459,11.711722054380663,12.2604833836858,16.18845921450151,7.11,7.0,0.0,1.51,0.86,9,2002,0.0263847780126909,20.013953488372096,86.06
2002-12-31,565.49,69.05000000000001,3.454503255753981,-0.0019174689230298195,174.40000000000003,98.22999999999999,121.93,38.75,0.0,467.27,88.79000000000002,131.95,264.83,249.37,692.67,935.85,1650.13,78.89,162.12,30.25,403.29,59.19,462.48,200.0,1129.66,178.60999999999999,-42.63999999999999,-134.53000000000003,23.700000000000003,2.802313178855901,6.86,0.41,7.76,1.5,0.19,16.73831474437496,23.62951453806976,24.44862355747534,25.89096770034169,33.35198246405777,8.77,8.64,0.0,1.72,1.1,12,2002,-0.03832713977463342,19.988402061855673,155.11
2003-03-31,419.37,29.87,1.49,0.0,124.22,45.05,68.19,39.25,0.0,374.32,39.76,153.94,222.19,290.89,702.42,929.3,1652.87,110.32,148.23,30.03,389.23,46.26,435.49,200.0,1159.54,18.51,-15.27,18.76,23.14,6.585,6.77,0.38,1.49,0.0,0.0,7.24,10.04,10.32,10.88,14.28,7.23,7.12,0.0,1.8,1.06,3,2003,0.0,20.046979865771814,29.87
2003-06-30,425.57000000000005,32.019999999999996,1.5986718371303923,2.25,112.41999999999999,45.59,69.92000000000002,47.25,0.0,379.97999999999996,41.49,100.76,219.91,345.36,703.79,921.41,1646.28,114.01,159.47,29.69,396.44,45.48,441.93,200.0,1146.55,3.8199999999999967,-15.89,-41.11,24.33,7.388336196127421,8.24,0.39,3.09,2.25,0.73,7.781237679754402,10.657812247535949,11.175181774115366,11.775330424947487,15.003716270803036,7.42,7.32,0.0,1.78,0.9,6,2003,45.06553398058253,20.029126213592235,61.89
2003-09-30,458.80999999999995,27.53,1.3761921270409303,-0.002772723028448749,123.78000000000003,45.7,70.45999999999998,80.0,0.0,413.1100000000001,40.58,117.93,249.09,368.46,788.0,913.92,1775.52,210.83,175.61,29.34,512.03,32.19,544.22,200.0,1174.08,1.8100000000000023,-69.21000000000001,84.55000000000001,24.760000000000005,14.535216127860515,13.63,0.46,4.47,2.25,0.5,6.206718854842317,9.716470588235294,9.38396779244017,9.8519346902259,13.28779691344218,6.95,6.86,0.0,1.54,0.82,9,2003,-0.05546686648856536,20.00447427293065,89.42
2003-12-31,487.4100000000001,35.459999999999994,1.771864189622037,0.0009383504808905961,127.07999999999998,40.69999999999999,65.10000000000002,62.5,0.0,446.6999999999998,43.05,110.56,263.39,363.22,827.12,922.9,1864.17,276.4,139.07,29.02,566.94,31.39,598.33,200.0,1209.54,2.1899999999999977,-74.29999999999998,64.75,24.39999999999999,8.821895093062606,10.33,0.49,6.24,2.25,0.36,7.609929532351056,11.448968609865469,11.721563100576551,12.130454836643175,15.503811659192824,7.07,6.97,0.0,1.46,0.82,12,2003,0.018779039752182314,20.01282051282051,124.88
2004-03-31,550.02,39.58,1.98,0.0,143.63,55.62,79.99,56.5,0.0,494.4,49.92,73.84,260.57,384.66,799.48,923.88,1827.88,182.43,196.25,30.07,501.32,20.96,522.28,200.0,1249.12,81.21,-11.45,-106.49,24.37,7.135000000000001,9.05,0.42,1.98,0.0,0.0,8.68,12.8,12.68,13.16,16.76,7.28,7.2,0.0,1.59,0.83,3,2004,0.0,19.98989898989899,39.58
2004-06-30,543.81,40.239999999999995,2.01149586569782,2.25,150.56,61.1,87.71,52.5,0.0,482.71000000000004,62.709999999999994,259.28,231.37,486.26,1010.6,932.64,2072.4,345.72,191.14,55.65,731.38,89.59,820.97,200.0,1244.36,31.39,-53.269999999999996,207.32,26.609999999999996,6.526038767395627,8.44,0.66,3.99,2.25,0.56,7.7636682535705335,12.66385367075921,12.926003507892759,13.470468554247056,17.543873715860684,7.36,7.3,0.0,1.38,0.72,6,2004,45.011278195488714,20.00501253132832,79.82
2004-09-30,606.71,51.51000000000002,2.576872763268104,-0.0017634793600913715,156.76999999999998,67.91999999999999,92.92000000000002,54.0,0.0,538.7900000000001,70.78,61.05,317.5,522.43,991.67,1000.55,2119.7,479.5,196.76,5.65,808.64,7.54,816.18,200.0,1295.87,-110.86,-94.65,7.290000000000006,25.000000000000007,5.2394321490972615,8.33,0.63,6.57,2.25,0.34,9.72700829970304,14.872909464707229,15.892676463869648,16.677112617071504,22.089722074164325,7.78,7.72,0.0,1.23,0.58,9,2004,-0.035250798228432245,19.989345509893457,131.33
2004-12-31,678.4700000000003,65.76999999999998,3.286831557584981,0.0023395745154046054,168.57999999999998,83.47000000000003,104.95999999999998,58.0,0.0,594.9899999999998,79.39000000000001,92.87,333.05,629.74,1083.13,1004.58,2214.76,508.66,182.37,5.49,841.26,3.54,844.8,200.0,1361.64,56.71,-54.19999999999999,29.310000000000002,21.489999999999995,4.412798388322944,8.52,0.62,9.85,2.25,0.23,11.879309994926432,17.552014205986808,19.327236935565697,20.461777777777773,26.054396752917295,8.36,8.28,0.0,1.29,0.54,12,2004,0.046815242333629214,20.01015228426396,197.1
2005-03-31,642.39,38.32,1.9199999999999997,0.0,140.57,52.67,78.99,61.5,0.0,589.72,44.02,101.86,348.7,601.77,1083.64,994.32,2214.94,499.17,183.7,5.79,798.97,7.26,806.22,200.0,1399.96,39.97,-20.9,-10.08,26.32,8.0075,8.79,0.58,1.92,0.0,0.0,6.92,10.44,10.960000000000003,11.56,14.88,6.06,5.97,0.0,1.36,0.6,3,2005,0.0,19.958333333333336,38.32
2005-06-30,759.0200000000001,56.46,2.823595695294366,3.0,175.98000000000002,78.51,105.73,55.5,0.0,680.51,72.00999999999999,115.85,327.31,527.38,996.22,992.42,2128.85,380.16,194.68,4.65,714.46,8.91,723.37,200.0,1396.42,220.02,-24.79,-181.23999999999998,27.22,4.914425256818987,7.95,0.52,4.74,3.0,0.63,10.60337623971302,14.868554547372863,16.179084194977843,17.108368854188647,22.08838151508757,6.86,6.76,0.0,1.39,0.66,6,2005,59.98734177215189,19.9957805907173,94.78
2005-09-30,723.01,40.620000000000005,2.0309999999999997,0.0006329113924060435,162.45,57.78,85.25000000000003,60.5,0.0,665.23,52.33000000000001,91.08,369.55,551.06,1036.72,1012.58,2184.34,368.16,219.93,3.82,729.73,8.15,737.88,200.0,1437.04,29.019999999999982,-40.56,-13.230000000000018,27.470000000000006,7.449999999999998,8.42,0.51,6.77,3.0,0.44,7.44,10.536,11.304,11.892,15.588000000000001,6.45,6.37,0.0,1.42,0.67,9,2005,0.012658227848120873,20.000000000000004,135.4
2005-12-31,869.0,58.03,2.9010499922452566,0.00046528459907912723,198.17999999999995,80.35999999999999,108.55999999999995,60.0,0.0,788.6399999999999,85.64999999999998,122.73,375.47,490.65,1014.55,1013.63,2150.58,187.35,258.49,3.29,638.97,7.96,646.93,200.0,1495.07,229.08000000000004,-15.680000000000007,-181.74,28.19999999999999,5.166577632259177,8.03,0.43,9.67,3.0,0.31,10.788185907046477,14.80825518275345,15.52826759034276,16.24827999793207,21.38436850540247,6.53,6.46,0.0,1.59,0.82,12,2005,0.009307135470514538,20.003102378490176,193.43
2006-03-31,909.24,53.23,2.66,0.0,223.88,75.66,103.84,60.5,0.0,833.58,66.69,282.8,358.06,571.25,1253.92,1027.92,2404.43,352.68,297.45,3.13,839.88,7.24,847.12,200.0,1548.3,36.79,-41.6,164.88,28.18,5.685,7.82,0.55,2.66,0.0,0.0,8.84,13.12,13.76,14.44,19.36,5.92,5.85,0.0,1.49,0.81,3,2006,0.0,20.01127819548872,53.23
2006-06-30,851.8399999999999,18.979999999999997,0.9488685777593129,3.25,170.78000000000003,31.570000000000007,59.53999999999999,56.0,0.0,820.2599999999999,21.72,79.19,409.09,582.52,1124.02,1034.08,2274.71,319.8,245.6,3.15,756.81,6.44,763.25,200.0,1502.28,-77.82,-28.699999999999996,-97.08,27.97,14.75206928345627,7.46,0.51,3.61,3.25,0.9,3.3328680238194153,5.120210497161057,5.057127821631352,5.235862068965518,7.4227281539952905,4.15,4.1,0.0,1.49,0.72,6,2006,65.0090027700831,20.002770083102494,72.21
2006-09-30,825.4200000000001,25.570000000000007,1.2787615054203316,-0.0011149881949921987,152.53000000000003,45.11999999999999,73.83000000000001,46.75,0.0,780.3100000000002,28.180000000000007,103.62,409.16,772.78,1337.69,1086.18,2557.7,621.98,238.76,3.17,1014.9,5.62,1020.52,200.0,1527.85,-180.13,-95.52,300.07,28.71,9.13938991005084,6.12,0.67,4.89,3.25,0.66,3.9958028226631224,6.725919410922481,6.694538760482719,6.903743096747802,10.324233994681942,3.84,3.78,0.0,1.32,0.56,9,2006,-0.02229520362092785,19.995910020449898,97.78
2006-12-31,1149.7399999999998,52.59,2.630024605971936,1.6353662329970546e-05,192.79999999999995,56.25,85.06999999999996,49.0,0.0,1093.4899999999998,51.859999999999985,142.96,500.3,737.59,1440.4,1147.96,2721.76,669.49,257.18,3.19,1126.81,4.82,1131.62,200.0,1580.43,63.53,-68.82,44.629999999999995,28.820000000000007,4.660640806236927,6.2,0.72,7.52,3.25,0.43,7.722199906896321,11.975005652723285,13.304007448294207,13.681723748088048,18.298256301123896,4.09,4.02,0.0,1.28,0.62,12,2006,0.0003270080059252223,19.996010638297875,150.37
2007-03-31,940.92,11.24,0.56,0.0,180.19,42.6,71.44,49.25,0.0,898.32,27.79,77.54,404.02,812.43,1347.11,1174.1,2652.24,622.82,267.09,4.46,1039.54,10.97,1050.51,200.0,1591.67,25.32,-44.57,-46.17,28.84,21.9875,6.19,0.66,0.56,0.0,0.0,1.68,6.72,2.84,2.8800000000000003,10.56,1.21,1.19,0.0,1.3,0.51,3,2007,0.0,20.07142857142857,11.24
2007-06-30,1290.37,78.45,3.918563942468503,2.5,228.48000000000002,105.38,139.64000000000001,45.0,0.0,1184.9899999999998,84.07,120.42,609.61,859.12,1660.61,1192.41,2981.83,807.69,359.04,4.27,1341.54,10.02,1351.55,200.0,1620.12,-40.99,-49.02,132.88,34.260000000000005,2.869622689611217,5.56,0.83,4.48,2.5,0.56,10.5311405953841,19.697781246515778,19.382896643995988,20.08264020515108,31.55843460809455,4.09,4.02,0.0,1.24,0.6,6,2007,50.05022321428571,20.020089285714285,89.69
2007-09-30,1049.6999999999998,83.25,4.16394414247716,-0.003379384778370324,329.7,150.67,182.39000000000001,59.5,0.0,899.0300000000002,142.89,199.83,445.24,1542.5,2268.71,1183.36,3655.97,1268.95,357.1,4.51,1931.58,10.46,1942.05,200.0,1703.37,-281.46999999999997,-97.16,458.05,31.71999999999999,3.5730546546546544,6.99,1.14,8.65,2.5,0.29,9.107725222620562,18.504278940673064,19.54406152422806,20.60309934081184,33.35006360587487,5.35,5.27,0.0,1.17,0.38,9,2007,-0.06756425474813454,19.99306358381503,172.94
2007-12-31,1724.9000000000005,123.51999999999998,6.174750050597045,0.0013728469933653167,409.14,217.64,249.76999999999998,68.0,0.0,1507.2600000000002,190.24,264.94,610.28,1855.4,2858.78,1239.48,4320.21,1883.55,240.92,4.11,2473.34,9.27,2482.61,200.0,1826.9,-452.14,-105.75,622.99,32.13000000000001,2.75411147992228,7.44,1.36,14.82,2.5,0.17,11.432870539027187,24.432344329757807,27.048905079943328,28.99882614855292,46.58144775011805,6.01,5.92,0.0,1.16,0.41,12,2007,0.027462497952299714,20.00404858299595,296.46
2008-03-31,1144.76,105.07,5.25,0.0,210.06,166.06,196.78,73.0,0.0,978.71,54.93,181.97,655.48,1752.73,2683.32,1374.35,4254.1,1623.98,193.76,54.11,2175.86,135.04,2310.9,200.0,1931.97,74.62,-131.79,-25.79,30.72,3.475,7.56,1.2,5.25,0.0,0.0,9.88,19.24,21.76,23.84,31.960000000000004,10.18,9.18,0.0,1.23,0.43,3,2008,0.0,20.013333333333332,105.07
2008-06-30,820.94,-220.01999999999998,-11.005785123966941,4.0,125.68,-234.32,-201.94,59.5,0.0,1055.24,-41.769999999999996,221.97,462.2,1724.28,2501.11,1526.75,4303.09,1903.43,215.63,79.15,2428.47,232.37,2660.85,200.0,1631.94,67.66,-260.65999999999997,233.0,32.38,-1.35184585492228,7.29,1.63,-5.75,4.0,-0.7,-20.442049586776857,-14.317090909090908,-53.89963636363636,-54.12932231404959,-27.868561983471068,-5.94,-5.85,0.0,1.03,0.32,6,2008,79.96521739130435,19.991304347826087,-114.95
2008-09-30,1053.93,-68.39999999999999,-3.4209326424870468,0.0006487947735971282,132.8,-49.44999999999999,-15.129999999999999,37.5,0.0,1103.39,-2.8900000000000006,154.21,407.09,1301.63,1920.02,1660.44,3782.54,1508.74,181.17,104.09,2002.37,206.41,2208.77,200.0,1563.54,435.09000000000003,-115.00999999999999,-387.85,34.32,-2.7408680555555556,4.8,1.41,-9.17,4.0,-0.44,-7.2373056994818645,-4.715440414507771,-17.50383419689119,-16.74279792746114,-9.863626943005182,-6.21,-6.07,0.0,0.96,0.31,9,2008,0.01297235787775719,19.994547437295527,-183.35
2008-12-31,788.6500000000001,-288.53999999999996,-14.424248447731461,0.001853194212197788,54.519999999999925,-274.79,-242.56000000000003,30.0,0.0,1063.4399999999996,-37.44,189.24,235.31,809.33,1267.89,1695.75,3138.59,1346.72,110.6,104.02,1676.99,180.43,1857.42,200.0,1275.0,236.71000000000004,-30.939999999999998,-170.74,32.230000000000004,-0.5192523566923131,4.71,1.46,-23.59,4.0,-0.17,-36.78519655004344,-25.730070991120808,-90.51995507427576,-74.42643158363177,-65.67038080908686,-12.66,-12.39,0.0,0.76,0.27,12,2008,0.03707095450589293,20.003815175922,-471.89
2009-03-31,780.34,77.79,3.89,2.0,240.6,92.45,124.21,29.0,0.0,687.89,105.54,295.22,206.36,553.08,1081.43,1678.89,2924.06,1050.14,128.34,103.93,1410.66,154.46,1565.12,200.0,1352.79,431.89,-3.28,-322.63,31.76,1.8649999999999998,4.29,1.16,3.89,2.0,0.51,10.64,10.319999999999999,22.999999999999996,18.96,24.44,10.17,9.97,0.0,0.77,0.37,3,2009,39.994858611825194,19.997429305912597,77.79
2009-06-30,896.16,130.02999999999997,6.50087431431046,0.0004495189256868012,311.69999999999993,139.17000000000002,173.56,46.5,8.52,756.9900000000001,170.12,123.79,240.31,506.74,925.32,1649.22,2735.72,667.86,200.71,103.58,1156.76,128.8,1285.56,200.0,1442.82,277.86,-0.9600000000000004,-448.33000000000004,34.39,1.790036145504884,6.45,0.89,10.39,2.0,0.19,19.02084496198633,16.468047348667113,36.039495717447785,33.837082090270414,36.71523626214993,12.64,12.4,0.0,0.8,0.36,6,2009,0.00899124380521954,20.001924927815207,207.82
2009-09-30,1027.08,72.69999999999999,3.6360366462284324,-0.0007629169916394638,253.11,82.88999999999999,115.86000000000001,60.5,0.0,944.1799999999998,78.19999999999999,251.74,262.72,619.72,1188.42,1622.25,2969.64,755.87,283.91,102.78,1343.0,103.24,1446.24,200.0,1515.52,77.13999999999999,-10.87,61.680000000000064,32.97,4.157638239339753,7.98,0.95,14.03,2.0,0.14,9.796306858691002,9.661542848994722,19.18832168829317,18.887694282047626,20.03837159560815,10.49,10.38,0.0,0.88,0.42,9,2009,-0.015253989628988052,19.994297933000713,280.52
2009-12-31,1255.23,22.28000000000003,1.1140000000000014,0.0005702066999287326,217.73000000000002,32.85000000000002,65.24000000000001,64.0,0.0,1222.3899999999999,0.839999999999975,181.53,281.9,894.71,1414.54,1620.84,3206.41,919.55,305.12,102.57,1582.74,77.67,1660.4,200.0,1537.8,-165.59000000000003,-42.51,137.89999999999998,32.389999999999986,14.372127468581672,8.32,1.08,15.14,2.0,0.13,2.778377807133425,3.222800528401589,5.79515455746368,6.33670277410833,6.295498018494064,7.81,7.65,0.0,0.89,0.33,12,2009,0.01140413399857465,20.0,302.8
2010-03-31,1143.19,-18.75,-0.94,4.5,183.98,-5.83,26.75,64.75,0.0,1149.02,-15.34,193.42,281.82,1000.81,1544.06,1623.72,3359.48,1166.39,271.61,102.37,1779.85,52.09,1831.94,200.0,1519.06,-155.63,-53.43,220.95,32.58,-17.22,8.53,1.21,-0.94,4.5,-4.79,-2.24,-0.76,-4.920000000000001,-5.24,-1.48,-1.67,-1.64,0.0,0.87,0.31,3,2010,89.76063829787235,19.9468085106383,-18.75
2010-06-30,1180.71,16.8,0.8615384615384616,-0.10310965630114602,191.44000000000003,29.92,61.91,59.5,3.86,1150.79,28.57,143.27,307.39,1027.68,1544.74,1624.08,3358.33,1259.33,263.16,103.28,1874.62,29.54,1904.16,200.0,1445.85,-1.0900000000000034,-25.990000000000002,-23.069999999999993,31.989999999999995,17.265625,8.23,1.32,-0.1,4.5,-45.0,2.0676923076923077,-27.224615384615387,4.48,4.824615384615385,-55.82769230769231,-0.09,-0.08,0.0,0.82,0.28,6,2010,-2.0106382978723474,19.5,-1.95
2010-09-30,1333.9,94.71000000000001,4.737542043984476,0.11060802069857724,236.45999999999998,108.69,141.22,58.0,0.0,1225.21,62.50999999999999,153.75,294.8,1234.35,1817.68,1679.99,3686.89,1382.73,331.84,103.29,2133.37,3.76,2137.13,200.0,1540.56,-43.33000000000001,-43.83,97.63,32.53,3.06065885334178,7.53,1.39,4.64,4.5,0.97,10.291901681759379,16.295510996119017,24.586209573091846,24.790413971539458,34.91895213454075,2.62,2.54,0.0,0.85,0.27,9,2010,2.2112068965517295,19.99137931034483,92.76
2010-12-31,1668.9399999999996,111.24999999999999,5.56222734179697,0.002160137518613391,344.76,125.51000000000002,173.05,61.75,0.0,1543.4199999999996,127.67,117.29,429.99,1167.5,1800.29,1782.01,3782.81,1394.63,319.47,78.18,2104.69,3.08,2107.77,200.0,1651.81,171.08,-206.38,-1.1499999999999773,47.53999999999999,2.7736191011235958,7.48,1.28,10.2,4.5,0.44,11.75702171462183,16.119552963090044,26.938630459291208,27.89838733395421,33.56967795696289,3.94,3.83,0.0,0.86,0.3,12,2010,0.04320486815414881,20.000980392156862,204.01
2011-03-31,1435.78,88.42,4.42,4.0,370.43,112.88,157.06,61.5,0.0,1322.9,97.23,132.05,515.86,1239.91,1972.29,1784.14,3965.17,1570.17,289.91,55.18,2186.07,43.88,2229.95,200.0,1704.48,-93.58,-54.15,162.48,44.18,3.4775,7.22,1.31,4.42,4.0,0.9,8.92,12.319999999999999,20.76,21.96,25.36,6.23,6.16,0.0,0.9,0.34,3,2011,80.01809954751131,20.004524886877828,88.42
2011-06-30,1705.16,129.01,6.449609989421881,-0.0003529507494264688,372.37999999999994,180.76,222.57,82.0,0.0,1524.4099999999999,110.79,136.59,584.34,1293.0,2077.08,1793.74,4079.08,1561.23,337.74,29.53,2252.41,44.45,2296.86,200.0,1753.5,174.34,-47.73,-122.07,41.809999999999995,3.176928532671886,9.35,1.31,10.87,4.0,0.37,12.650017016970978,18.749556179000137,29.42968311640528,32.25398335096352,38.16365358966103,7.12,6.92,0.0,0.92,0.35,6,2011,-0.00705998909363359,20.00275988960442,217.43
2011-09-30,1391.3899999999999,-17.900000000000006,-0.8953139878714983,-0.0019554693179392635,290.51,-0.6699999999999591,43.639999999999986,81.0,0.0,1392.0499999999997,32.22,149.82,577.87,1520.52,2346.25,1822.08,4377.93,1920.29,248.66,4.04,2568.47,45.19,2613.65,200.0,1735.59,-248.25,-77.20000000000002,338.69000000000005,44.31000000000002,-22.628262569832394,9.33,1.51,9.98,4.0,0.4,-1.6363253646068263,-2.6087906580464097,-4.126697739688269,-4.370711171252444,-5.809672730917659,4.45,4.4,0.0,0.91,0.32,9,2011,-0.03909567064212638,19.992985971943888,199.53
2011-12-31,1302.92,30.55000000000001,1.5269688803894303,0.002793138432637189,168.68000000000006,48.139999999999986,95.38999999999999,77.75,0.0,1254.79,-26.360000000000014,123.08,595.89,1314.98,2038.06,1811.94,4056.94,1429.53,519.43,79.2,2036.75,220.82,2257.58,200.0,1765.86,252.4,6.450000000000017,-285.59000000000003,47.25,12.727829787234038,8.81,1.28,11.5,4.0,0.35,3.0114481919332414,4.6207406119610575,6.920488525730183,7.148869958275385,8.970610222531295,4.03,3.94,0.0,1.0,0.36,12,2011,0.055882199180970815,20.00695652173913,230.08
2012-03-31,1434.97,-104.75,-5.24,4.0,154.31,-83.04,-35.79,79.75,0.0,1518.01,-101.24,134.53,663.41,1395.52,2198.68,1850.95,4230.39,1739.72,503.92,78.84,2331.9,202.74,2534.63,200.0,1661.12,-219.26,-59.34,290.05,47.25,-3.805,9.6,1.53,-5.24,4.0,-0.76,-9.92,-8.12,-25.24,-24.88,-17.48,-7.39,-7.3,0.0,0.94,0.34,3,2012,79.9618320610687,19.990458015267176,-104.75
2012-06-30,1536.2499999999998,-57.18000000000001,-2.8602359044031376,0.00018007969705117566,202.43,-32.64,15.349999999999998,74.0,0.0,1568.89,-67.42,192.45,622.8,1265.73,2085.15,1855.79,4125.22,1833.92,465.39,78.96,2383.4,184.59,2567.99,200.0,1523.93,120.49,-56.769999999999996,-5.800000000000011,47.989999999999995,-6.470969744665967,9.71,1.69,-8.1,4.0,-0.49,-5.550976347804608,-3.9831433335391835,-15.014472920397706,-13.955126289137285,-9.378748842092262,-5.55,-5.45,0.0,0.87,0.34,6,2012,0.003600037696728009,19.99135802469136,-161.93
2012-09-30,1316.8200000000002,-126.01999999999998,-6.302094113561382,0.0010341301537683818,185.76999999999998,-114.12,-61.03,71.0,0.0,1430.94,-140.00000000000003,210.26,659.62,990.82,1870.79,1826.49,3880.63,1757.84,445.16,79.08,2282.08,166.43,2448.51,200.0,1397.91,128.60999999999999,-22.64,-88.16,53.09000000000002,-2.816206752896366,10.16,1.75,-14.4,4.0,-0.28,-12.989316200729291,-9.750740059038026,-36.061982983156796,-32.17569161312727,-25.173364820281297,-6.84,-6.72,0.0,0.82,0.39,9,2012,0.020679012345667047,19.996527777777775,-287.95
2012-12-31,1480.3599999999997,18.47999999999996,0.9237599732808827,0.0017333407553108131,196.07000000000005,44.160000000000025,97.45,64.75,0.0,1436.1999999999998,21.390000000000043,127.8,670.1,921.24,1727.15,1758.43,3708.56,1424.83,597.23,79.2,2109.41,148.84,2258.25,200.0,1416.39,287.38000000000005,-17.120000000000005,-352.71000000000004,53.28999999999999,17.534506222943758,9.14,1.59,-13.47,4.0,-0.3,1.9942791405351201,1.3112316769955812,5.22023824544475,4.646917282072206,3.1848116673470073,-4.76,-4.67,0.0,0.82,0.38,12,2012,0.03467582281615478,20.005196733481814,-269.47
2013-03-31,1409.64,-6.51,-0.33,2.0,258.13,16.33,66.57,70.0,0.0,1393.31,-7.17,201.54,571.48,1248.57,2129.64,1723.76,4295.91,2038.82,492.41,79.15,2640.3,130.72,2771.01,200.0,1490.4,-372.23,-166.08,612.05,50.24,-53.03,9.39,1.86,-0.33,2.0,-6.06,-0.6,1.52,-1.76,-1.64,3.96,-0.47,-0.46,0.0,0.81,0.33,3,2013,39.45454545454545,19.727272727272727,-6.51
2013-06-30,1417.8099999999997,1.5899999999999999,0.0775609756097561,0.07538802660753886,264.35,25.97,76.14000000000001,61.0,0.0,1391.83,5.02,113.8,550.85,1307.66,2089.0,1682.66,4208.89,2008.54,493.36,78.58,2610.67,112.02,2722.69,200.0,1451.99,20.120000000000005,-17.869999999999976,-89.99000000000001,50.169999999999995,196.62207547169814,8.4,1.88,-0.24,2.0,-8.33,0.1551219512195122,-1.3185365853658537,0.43951219512195117,0.4265853658536585,-3.4256097560975602,-0.18,-0.17,0.0,0.8,0.3,6,2013,1.5454545454545467,20.5,-4.92
2013-09-30,1373.2799999999997,80.12,4.005999999999999,-0.049999999999999635,331.71000000000004,110.3,165.09,69.0,0.0,1262.9900000000002,90.86,116.62,563.89,1306.48,2078.69,1651.76,4170.29,1919.85,494.25,77.86,2506.94,93.58,2600.52,200.0,1534.52,139.09,-27.54000000000002,-108.73999999999995,54.78999999999999,4.305791313030454,8.99,1.69,3.76,2.0,0.53,7.671063829787235,16.15185106382979,20.88234042553192,21.862531914893616,39.0798085106383,1.82,1.79,0.0,0.83,0.31,9,2013,-0.9999999999999929,20.000000000000004,75.2
2013-12-31,1422.5200000000004,44.25999999999999,2.211888498242089,0.0010045203415365433,303.25,63.52000000000001,115.75,71.0,0.0,1359.0100000000002,54.56000000000002,191.97,588.35,1165.75,2042.31,1619.42,4094.13,1797.58,484.59,77.49,2402.7,84.83,2487.53,200.0,1570.12,229.66000000000003,-12.5,-141.81,52.23000000000002,8.022929281518303,9.04,1.58,5.97,2.0,0.34,4.327446844131926,8.210292985099615,11.278037836932862,11.856018751046374,18.93998995479658,2.15,2.12,0.0,0.85,0.36,12,2013,0.02010050251255535,20.01005025125628,119.46
2014-03-31,1187.0,41.26,2.06,3.0,264.44,71.48,121.37,68.0,0.0,1115.52,43.38,126.15,509.52,1230.1,1956.63,1596.78,3973.98,1761.2,373.47,60.56,2240.01,83.82,2323.83,200.0,1611.37,16.86,-26.02,-56.66,49.89,8.2525,8.44,1.44,2.06,3.0,1.46,4.16,6.92,10.24,10.64,16.48,3.56,3.48,0.0,0.87,0.32,3,2014,60.08737864077669,20.02912621359223,41.26
2014-06-30,1397.87,66.82,3.3385270170244263,-0.0021451208382140363,278.84999999999997,97.89999999999999,155.77999999999997,68.5,0.0,1299.9699999999998,52.4,158.17,502.61,1098.84,1846.25,1561.0,3818.48,1491.37,512.21,43.9,2075.51,82.53,2158.04,200.0,1618.19,400.43,-19.24,-349.16999999999996,57.879999999999995,5.131454654295122,8.47,1.33,5.4,3.0,0.56,6.9985418208734265,10.435988156920798,16.519526276831975,17.40980014803849,24.03739452257587,4.3,4.18,0.0,0.89,0.36,6,2014,-0.04293419633225426,20.014814814814812,108.08
2014-09-30,1279.54,35.89999999999999,1.7952493401861367,-0.0026392554521461,269.35,53.900000000000006,104.89000000000004,77.25,0.0,1225.6400000000003,35.25,124.89,467.86,1206.86,1905.86,1534.61,3845.89,1527.51,485.24,27.27,2065.73,81.57,2147.3,200.0,1654.09,-26.620000000000005,-23.17000000000001,16.50999999999999,50.989999999999995,10.758394150417828,9.34,1.3,7.2,3.0,0.42,3.7301291846089732,5.5552993471315455,8.677038477566326,9.006167523267118,12.506903736630084,3.82,3.73,0.0,0.92,0.34,9,2014,-0.052777777777777146,19.99722222222222,143.98
2014-12-31,1429.37,61.20000000000002,3.0602982746856426,0.0001242811190177714,305.5000000000001,89.66999999999999,135.69,73.0,0.0,1339.6899999999996,63.109999999999985,240.89,541.33,1115.39,1983.02,1485.53,3870.41,1472.61,507.94,10.55,2029.23,76.26,2105.5,200.0,1718.57,189.19,1.470000000000013,-74.66000000000003,46.02000000000001,5.967653594771241,8.5,1.23,10.26,3.0,0.29,6.32342333560776,9.377756116580565,14.245598986255974,14.889872307242426,20.28267862364753,3.96,3.88,0.0,0.98,0.43,12,2014,0.00248538011696553,19.99805068226121,205.18
2015-03-31,1113.55,12.06,0.6,3.0,265.07,30.14,79.61,71.5,0.0,1083.41,8.51,131.03,473.72,1181.81,1885.03,1457.55,3746.5,1427.38,406.08,10.64,1894.94,73.25,1968.2,200.0,1730.63,-41.06,-20.69,-48.11,49.47,29.7925,8.26,1.14,0.6,3.0,5.0,1.28,3.12,2.8,2.88,6.5200000000000005,1.1,1.08,0.0,0.99,0.37,3,2015,60.300000000000004,20.1,12.06
2015-06-30,1229.76,53.14999999999999,2.6570924704799874,-0.014537647600061767,313.56,79.17999999999999,128.83999999999997,66.5,0.0,1150.57,57.809999999999995,157.79,517.45,1051.79,1811.79,1451.18,3655.68,1276.23,488.59,10.78,1812.1,71.9,1884.0,200.0,1723.78,287.8,-41.78999999999999,-219.26,49.66,6.2572154280338665,7.72,1.09,3.26,3.0,0.92,5.803220364974697,9.552491949087562,12.323692685170986,12.714921024382761,19.333200429381993,2.83,2.78,0.0,1.0,0.42,6,2015,-0.2907975460122785,20.003067484662576,65.21
2015-09-30,1339.9,54.27000000000001,2.7116831268831607,0.0015488897697800066,305.73,70.75,121.46000000000004,67.0,0.0,1269.1599999999999,45.85000000000001,130.31,476.58,903.01,1580.45,1442.88,3433.05,919.02,550.74,10.92,1536.08,70.68,1606.76,200.0,1778.05,366.75,-39.42000000000001,-354.79999999999995,50.71000000000001,6.175444997236041,7.54,0.9,5.97,3.0,0.5,6.322718446601942,8.993521928356211,12.209387345162373,12.645436893203884,17.24212587880817,3.3,3.24,0.0,1.03,0.44,9,2015,0.03099855103740623,20.013400335008377,119.48
2015-12-31,1445.3000000000002,100.42999999999999,5.02355509071893,-0.0032386478799347057,388.13,135.93,186.33999999999997,71.25,0.0,1309.3700000000003,132.17000000000002,99.47,654.4,860.42,1670.76,1475.23,3549.15,922.61,550.77,11.06,1560.81,80.17,1640.98,200.0,1861.53,49.110000000000014,-80.72,0.75,50.41,3.547288658767301,7.65,0.88,11.0,3.0,0.27,11.325833295439043,15.563887044700104,21.57388568050566,22.450724387249327,29.02701468782684,4.35,4.29,0.0,1.07,0.52,12,2015,-0.06474645957058556,19.991818181818182,219.91
2016-03-31,1002.86,16.81,0.8399999999999999,3.0,274.89,25.26,73.97,85.5,0.0,977.59,8.26,116.84,425.62,1020.61,1622.68,1438.57,3493.05,937.34,440.89,8.35,1486.72,82.52,1569.24,200.0,1878.34,21.7,-16.34,12.02,48.71,25.4475,9.1,0.84,0.84,3.0,3.57,1.92,2.8,3.56,3.72,5.04,1.71,1.68,0.0,1.09,0.4,3,2016,60.03571428571429,20.011904761904763,16.81
2016-06-30,1241.8399999999997,51.19,2.5595,-0.0017857142857145903,314.32000000000005,70.72,118.80000000000001,177.0,0.0,1171.1299999999997,60.35,142.4,503.85,1033.76,1742.96,1450.6,3624.8,1065.23,475.8,5.6,1625.62,84.0,1709.63,200.0,1869.53,26.610000000000003,-66.17999999999999,65.13000000000001,48.080000000000005,17.28892361789412,18.94,0.91,3.4,3.0,0.88,5.661011764705882,7.949505882352941,10.960682352941175,11.382247058823529,14.45364705882353,3.07,3.03,0.0,1.07,0.44,6,2016,-0.035714285714291805,20.0,68.0
2016-09-30,1451.0700000000002,53.05,2.651404378356051,0.001239157372986598,333.48,74.17,124.20000000000002,192.0,0.0,1376.9,65.19000000000001,121.09,511.26,1015.16,1697.55,1434.48,3562.08,852.24,581.75,2.82,1506.31,86.51,1592.82,200.0,1922.58,225.5,-31.049999999999997,-215.77,50.02999999999999,18.106159283694627,19.97,0.83,6.05,3.0,0.5,5.960181743081371,8.519553903345725,11.043866171003717,11.46458488228005,14.514795539033457,3.31,3.28,0.0,1.13,0.45,9,2016,0.024793388429756646,20.00826446280992,121.05
2016-12-31,1660.0499999999997,35.459999999999994,1.7740195514663597,-0.0029655116695741866,366.65999999999985,56.579999999999984,106.53999999999996,133.5,0.0,1603.4700000000003,48.69,165.36,696.68,1023.88,1932.79,1401.06,3759.25,927.17,607.91,0.0,1665.12,88.23,1753.35,200.0,1958.48,-25.870000000000005,-1.970000000000013,72.11,49.96000000000001,18.813420050761426,13.63,0.9,7.83,3.0,0.38,3.7700747556066703,5.618861414606095,7.24108108108108,7.422334675100631,9.81488211615871,2.95,2.92,0.0,1.16,0.55,12,2016,-0.05927614705045414,19.988505747126435,156.51
2017-03-31,1210.54,-12.98,-0.65,3.0,237.17,-6.1,42.77,168.0,0.0,1216.63,-16.63,150.55,547.73,1304.51,2046.36,1367.08,3841.57,1207.55,468.29,0.0,1758.25,89.76,1848.01,200.0,1945.5,-281.74,-13.44,280.38,48.87,-64.615,17.27,0.95,-0.65,3.0,-4.62,-1.36,-0.68,-2.68,-2.72,-1.16,-1.08,-1.07,0.0,1.16,0.42,3,2017,59.90769230769231,19.96923076923077,-12.98
2017-06-30,1356.8200000000002,-32.75,-1.6400065602449159,3.027805345723035e-05,191.00000000000003,-37.699999999999996,10.669999999999995,205.0,0.0,1394.52,-55.400000000000006,143.49,619.71,1329.69,2142.0,1331.21,3905.61,1368.92,479.98,0.0,1919.87,89.43,2009.3,200.0,1852.75,-85.94,-20.46,99.32999999999998,48.37,-31.24999694656488,22.13,1.08,-2.29,3.0,-1.31,-3.351629127487426,-3.322982724688388,-7.075661491362346,-7.047015088563307,-6.330855018587361,-1.8,-1.78,0.0,1.12,0.42,6,2017,0.0006046355391262637,19.96943231441048,-45.73
2017-09-30,1312.2999999999997,-290.31,-14.513772169979763,0.004941707397071623,138.23999999999995,-289.95,-242.32999999999998,250.0,0.0,1602.2599999999998,-110.96000000000001,221.43,552.72,1166.98,1974.34,1295.31,3702.88,1258.89,498.32,0.0,2008.31,91.87,2100.18,200.0,1562.44,218.55,-9.800000000000004,-130.79999999999998,47.62000000000002,-4.305979125762117,32.0,1.34,-16.8,3.0,-0.18,-31.37739316748006,-31.757515771931907,-74.33124747053922,-66.62512558028806,-68.07650279728603,-8.72,-8.66,-16.08,0.98,0.4,9,2017,0.0988459139114255,20.002380952380953,-336.04
