,revenue,net_profit,eps,dps,gross_profit,ebit,ebitda,close_price,expense,operating_profit,cash,account_receivable,inventory,current_asset,property_plant_equipment,total_asset,short_term_loan,account_payable,current_portion_long_term_debt,current_liability,non_current_liability,total_liability,paid_in_capital,total_equity,cash_flow_operation,cash_flow_investment,cash_flow_financing,depreciation,P/E,P/BV,D/E,EPS,DPS,DPR%,ROA%,ROAA%,ROE%,ROAE%,ROCE%,NPM%,NPMA%,TIE,CurrentRatio,QuickRatio,month,year,dividend,number_of_shares,return_old
2004-09-30,,,,,,,,,,,202.24,393.6,811.17,1539.94,87.52,1685.07,1156.96,30.93,2.77,1251.08,15.57,1266.65,150.0,418.42,,,,,,0.0,3.03,0.78,0.0,0.0,,,,,,1.35,1.33,0.0,1.23,0.58,9,2004,,119.07692307692307,92.88
2004-12-31,2183.6000000000004,36.890000000000015,0.27574400863065435,0.25,255.56000000000006,57.82000000000002,65.45999999999998,1.5,2125.7699999999995,122.28,171.6,441.21,855.06,1568.21,90.91,1716.94,761.7,0.71,2.77,840.52,14.99,855.51,230.0,861.43,-36.56,-11.55,17.460000000000008,7.640000000000001,1.3543358633776088,4.0,0.99,0.97,0.25,0.26,8.59639053710411,0.0,17.124555752485172,0.0,28.77971488017262,1.42,1.42,0.0,1.87,0.85,12,2004,33.4458762886598,133.7835051546392,129.77
2005-03-31,2022.91,48.35,0.21,0.0,162.25,70.77,78.74,1.98,1952.14,43.11,171.65,446.54,1051.53,1792.03,93.56,1943.41,926.38,27.21,9.9,1033.63,0.0,1033.63,230.0,909.78,-136.71,-10.1,146.86,7.97,2.36,5.01,1.14,0.21,0.0,0.0,9.96,0.0,21.24,0.0,31.12,2.42,2.39,0.0,1.73,0.72,3,2005,0.0,230.23809523809524,48.35
2005-06-30,2309.2,34.77,0.15059191530317612,0.15,139.94,55.46000000000001,63.94000000000001,3.57,2253.74,10.399999999999999,271.09,394.38,684.66,1500.74,96.74,1656.22,597.0,89.97,0.0,746.16,0.0,746.16,230.0,910.05,478.65999999999997,-10.700000000000001,-368.52,8.48,5.916652286453839,9.01,0.82,0.36,0.15,0.42,8.399682386910492,0.0,15.276713185755536,0.0,23.20788739172281,1.95,1.92,0.0,2.01,1.09,6,2005,34.63333333333333,230.8888888888889,83.12
2005-09-30,2655.13,18.47999999999999,0.08003149606299208,0.15001312335958003,100.64999999999998,33.82000000000001,42.94999999999999,2.01,2621.3099999999995,-18.04,32.09,361.91,912.3,1617.54,104.68,1781.14,714.05,119.37,0.0,887.1,0.0,887.1,230.0,894.03,-309.24,-14.819999999999997,85.06,9.129999999999999,6.28127705627706,5.17,0.99,0.44,0.3,0.68,4.147086614173227,6.715370078740155,8.265070866141727,11.262614173228341,13.023307086614166,1.48,1.45,0.0,1.82,0.79,9,2005,34.63939393939393,230.9090909090909,101.6
2005-12-31,2913.2700000000004,13.180000000000007,0.05741418365568917,-0.0017630565983937588,77.92000000000002,26.669999999999987,36.06999999999999,2.8,2886.6000000000013,-15.279999999999998,71.2,468.0,1281.73,1973.33,93.91,2135.87,1110.14,67.6,0.0,1228.66,0.0,1228.66,230.0,907.21,-316.53,-9.82,365.47,9.399999999999999,12.170337632776928,7.09,1.35,0.5,0.3,0.6,2.4665133298484068,4.450747516989025,5.810315385955744,5.961888830806764,9.452671197072664,1.18,1.16,0.0,1.61,0.56,12,2005,-0.40472727272727127,229.56,114.78
2006-03-31,2720.2,0.63,0.0,,119.81,29.36,38.66,2.24,2690.84,6.84,421.4,486.57,1475.1,2681.33,92.23,2849.15,1863.37,17.22,0.0,1941.32,0.0,1941.32,230.0,907.84,-374.35,-14.28,742.94,9.3,0.0,5.67,2.14,0.0,0.0,0.0,0.08,4.92,0.28,0.28,12.919999999999998,0.02,0.02,0.0,1.38,0.62,3,2006,,inf,0.63
2006-06-30,1769.2799999999997,-293.11,-1.2727355716630198,,-125.01,-279.88,-270.37,1.41,2049.17,-293.69,20.36,423.71,576.76,1363.68,80.71,1514.3,876.66,42.77,0.0,955.22,0.0,955.22,230.0,557.23,670.05,4.01,-1079.2,9.509999999999998,-0.2769035515676709,5.82,1.71,-1.27,0.25,-0.2,-77.40637445295404,-63.33613238512035,-210.4122524617068,-159.82351887308533,-179.6260817833698,-6.57,-6.51,0.0,1.43,0.82,6,2006,,230.2992125984252,-292.48
2006-09-30,1265.2300000000005,-88.04999999999995,-0.38178987202060266,0.00035233701192967566,17.62,-77.67999999999998,-68.72,1.07,1342.8999999999996,-83.40999999999997,24.42,373.32,635.52,1151.72,73.46,1293.79,627.88,172.33,0.0,823.1,0.0,823.1,230.0,469.18,263.75000000000006,0.4900000000000002,-260.19000000000005,8.96,-0.7022842135150485,5.23,1.75,-1.65,0.25,-0.15,-27.220460936062846,-19.760518224581496,-75.07145822931172,-51.67352376947939,-64.53868551756757,-6.66,-6.61,0.0,1.4,0.63,9,2006,0.08125745645430271,230.62424242424242,-380.53
2006-12-31,1362.3500000000004,-75.70000000000005,-0.32853166166188125,-0.0002224755057755989,50.58,-60.53000000000003,-51.80000000000001,0.71,1422.87,-73.60000000000002,48.3,439.26,538.34,1130.18,73.4,1272.15,840.77,6.95,0.0,877.26,0.0,877.26,230.0,393.48,-164.95000000000005,-14.709999999999999,203.55000000000007,8.73,-0.5424134742404224,4.13,2.23,-1.98,0.25,-0.13,-23.800293711505176,-15.139004449510123,-76.95605286807098,-46.55857791026459,-65.33466014948604,-6.46,-6.41,0.0,1.29,0.67,12,2006,-0.05126262626262701,230.41919191919192,-456.23
2007-03-31,905.81,-66.94,-0.25,0.0,30.54,-57.34,-49.02,1.06,963.14,-64.04,34.81,234.96,421.26,998.24,71.11,1137.36,474.29,87.43,0.0,586.62,0.0,586.62,315.0,549.55,174.27,-31.24,-156.51,8.32,-1.055,6.05,1.07,-0.25,0.0,0.0,-23.56,-11.52,-48.72,-36.76,-41.64,-7.46,-7.39,0.0,1.7,0.98,3,2007,0.0,267.76,-66.94
2007-06-30,962.79,77.83,0.28587695133149676,0.0,36.419999999999995,85.21000000000001,93.47,1.33,877.59,-41.129999999999995,92.48,256.39,388.9,1104.0,70.25,1242.29,578.18,13.2,0.0,614.92,0.0,614.92,315.0,627.37,-102.24000000000001,65.42999999999999,94.48999999999998,8.259999999999998,1.16728542978286,6.7,0.98,0.04,0.0,0.0,25.157171717171714,57.74714416896235,49.742589531680444,52.601359044995405,126.92936639118457,0.63,0.58,0.0,1.8,1.16,6,2007,0.0,272.25,10.89
2007-09-30,1192.9100000000003,-117.15,-0.3858695652173913,0.0,-11.859999999999992,-109.0,-101.02000000000001,1.55,1301.9,-111.21999999999998,284.32,233.1,279.66,1050.89,64.05,1182.3,563.01,67.36,0.0,672.07,0.0,672.07,315.0,510.23,240.42999999999998,-40.48,-8.119999999999997,7.98,-1.0068169014084507,9.6,1.32,-0.35,0.0,0.0,-39.64534161490683,-28.88509316770186,-91.85900621118012,-95.69565217391305,-70.11801242236024,-3.63,-3.47,0.0,1.56,1.15,9,2007,0.0,303.6,-106.26
2007-12-31,1392.58,460.33,1.5211288728217582,0.0,24.82,468.21,475.54,4.32,924.3800000000001,-113.5,86.05,208.22,464.88,1613.83,59.53,1738.75,575.01,149.97,0.0,768.19,0.0,768.19,315.0,970.56,-69.39999999999998,-129.52,0.6599999999999966,7.330000000000002,0.7095552647014098,14.02,0.79,1.17,0.0,0.0,105.88097042957607,133.70332759058942,189.7120727539752,269.9548710706922,207.39357076284352,9.48,7.95,0.0,2.1,1.5,12,2007,0.0,302.62393162393164,354.07
2008-03-31,1230.18,471.18,0.15,0.0,8.65,478.97,485.55,2.44,751.21,-78.97,72.78,143.52,314.47,1972.97,50.38,2084.15,590.48,31.35,0.0,642.42,0.0,642.42,315.0,1441.74,-20.18,-0.22,7.2,6.58,4.0675,5.33,0.45,0.15,0.0,0.0,90.44,118.96000000000001,130.72,189.28,132.88,70.24,38.3,0.0,3.07,2.58,3,2008,0.0,3141.2000000000003,471.18
2008-06-30,140.23000000000002,-559.71,-0.1896679091833277,0.0,6.959999999999999,-553.1600000000001,-547.97,1.96,693.3899999999999,-86.4,48.47,133.98,186.21,1306.12,49.28,1414.22,405.77,88.16,0.59,529.46,2.74,532.2,315.0,882.03,169.28,-1.26,-192.36999999999998,5.1899999999999995,-2.583331055367958,7.0,0.6,-0.03,0.0,0.0,-158.30948153168416,-141.36581497797357,-253.90210776008132,-296.6406099627245,-212.17516773974924,-6.93,-6.46,0.0,2.47,2.12,6,2008,0.0,2951.0,-88.53
2008-09-30,677.74,-115.05000000000001,-0.03390804597701149,0.0,11.030000000000001,-108.61000000000001,-103.63000000000001,1.04,786.3499999999999,-82.18,30.87,173.92,181.4,1219.76,40.45,1316.8,331.55,183.98,0.6,546.4,3.42,549.81,315.0,766.98,55.21000000000001,6.800000000000001,-79.65,4.98,-7.666322033898305,4.27,0.72,-0.06,0.0,0.0,-34.94789272030651,-33.07164750957855,-59.994636015325675,-72.06590038314177,-53.64252873563218,-10.37,-9.94,0.0,2.23,1.9,9,2008,0.0,3393.0000000000005,-203.58
2008-12-31,484.0699999999997,-738.0,-0.23513668514624353,0.0,41.290000000000006,-728.6299999999999,-723.9000000000001,0.4,1212.69,-69.01999999999998,51.6,96.34,101.12,398.02,36.89,513.01,324.4,130.62,0.6,480.78,3.26,484.04,315.0,28.98,60.93000000000001,-26.92,-13.180000000000007,4.73,-0.42422134146341467,43.48,16.7,-0.3,0.0,0.0,-575.4264958898872,-253.79086216784555,-10186.340661441407,-590.6633530873638,-8865.875740776142,-38.83,-37.18,0.0,0.83,0.62,12,2008,0.0,3138.6000000000004,-941.58
2009-03-31,426.18,-83.84,-0.03,0.0,18.18,-71.95,-66.6,0.16,498.13,-39.89,16.51,115.02,143.2,350.86,29.99,445.48,311.61,153.37,0.62,497.24,3.11,500.35,315.0,-54.87,-15.53,-5.06,-14.42,5.35,-1.3325,-9.19,-9.12,-0.03,0.0,0.0,-75.28,-22.760000000000005,611.2,-48.36,556.04,-20.15,-19.67,0.0,0.71,0.42,3,2009,0.0,2794.666666666667,-83.84
2009-06-30,342.89000000000004,-16.36999999999999,-0.004900708512124536,0.0,29.160000000000004,-2.700000000000003,1.7299999999999898,0.16,345.59000000000003,-21.869999999999997,35.36,66.28,197.88,352.84,28.59,431.12,311.63,92.29,0.63,499.41,2.94,502.36,315.0,-71.24,-22.009999999999998,-2.6500000000000004,43.52,4.43,-8.156983811850951,-7.07,-7.05,-0.03,0.0,0.0,-15.185662109569893,-5.286230915078332,91.91768885340778,-16.15273525596247,71.42619299471107,-13.52,-13.03,-173.6,0.71,0.31,6,2009,0.0,3340.333333333333,-100.21
2009-09-30,317.35,28.279999999999987,0.007863200333657719,0.0,28.42,40.720000000000006,45.040000000000006,0.16,276.6299999999999,-21.110000000000007,38.11,21.5,125.0,223.92,26.9,297.48,190.01,24.04,22.93,292.58,47.85,340.43,315.0,-42.96,42.74,-0.7999999999999998,-39.18,4.32,5.08698727015559,-11.73,-7.92,-0.02,0.0,0.0,38.02643681356872,6.605088280272484,-263.30712637286234,31.248358125955775,1088.9746142082574,-7.22,-6.62,-14.63,0.77,0.34,9,2009,0.0,3596.5000000000005,-71.93
2009-12-31,292.6999999999998,-23.389999999999986,-0.007361519093579518,0.0,22.14999999999999,-12.380000000000003,-8.440000000000001,0.07,305.08000000000015,-24.08,41.33,36.85,130.31,250.06,25.58,342.73,190.01,28.8,23.15,289.16,41.17,330.32,236.25,12.41,-32.9,-15.35,51.46,3.9399999999999995,-2.3738306968790095,13.33,26.62,-0.03,0.0,0.0,-27.296512798992854,-10.620218212337385,-753.9078934116656,-452.0856105749053,-84.85377675199324,-7.47,-6.91,-11.38,0.86,0.41,12,2009,0.0,3177.333333333333,-95.32
2010-03-31,244.17,-43.54,-0.02,0.0,17.95,-35.69,-32.22,0.05,279.87,-24.71,26.22,8.31,105.73,177.5,22.42,279.74,190.01,10.17,23.33,274.64,36.23,310.87,236.25,-31.13,4.94,-13.62,-6.32,3.47,-0.625,-3.79,-9.99,-0.02,0.0,0.0,-62.24,-39.36,559.48,405.03999999999996,-2799.2,-18.51,-17.83,-61.53,0.65,0.26,3,2010,0.0,2177.0,-43.54
2010-06-30,237.33,-35.4,-0.013453255637192803,0.0,20.610000000000003,-26.730000000000004,-22.590000000000003,0.04,264.04999999999995,-36.3,22.46,7.31,104.13,176.27,23.47,277.78,190.01,10.8,23.5,314.03,30.28,344.31,236.25,-66.54,-21.78,-3.540000000000001,21.439999999999998,4.140000000000001,-0.7414562146892656,-1.42,-5.17,-0.03,0.0,0.0,-50.97887002786927,-31.588244236128705,212.81256650620725,205.54780846212313,308.8688117557639,-17.1,-16.39,-55.73,0.56,0.23,6,2010,0.0,2631.3333333333335,-78.94
2010-09-30,405.84000000000003,151.62,0.06258392955421023,0.0,19.439999999999998,155.23000000000002,158.93,0.05,250.61,-30.080000000000005,13.68,4.2,107.68,148.59,22.74,248.22,0.0,28.66,23.68,139.6,23.52,163.13,236.25,85.09,52.11,-1.6000000000000014,-59.26,3.7,0.2001312491755705,1.39,1.92,0.03,0.0,0.0,244.32766097963673,283.88070445789765,712.7892350027518,2879.1110952118875,712.9561254815629,10.68,8.19,44.84,1.06,0.29,9,2010,0.0,2422.666666666667,72.68
2010-12-31,248.38,-24.06000000000001,-0.009897161661867548,0.0,20.189999999999998,-22.090000000000003,-19.27000000000001,0.05,270.47,-31.97999999999999,32.05,10.2,108.38,168.74,20.53,271.77,0.08,52.62,23.86,141.43,47.31,188.75,236.25,83.02,7.489999999999995,-2.8199999999999967,13.71,2.8200000000000003,-1.2629883624272646,1.42,2.27,0.02,0.0,0.0,-35.41204442616209,-45.56653229123819,-115.91555738379274,-201.70415466886064,-107.40399835458663,5.3,4.28,19.59,1.19,0.43,12,2010,0.0,2431.0,48.62
2011-03-31,250.8,-20.66,-0.01,0.0,17.91,-19.61,-16.41,0.05,270.41,-32.22,19.03,15.65,118.77,161.27,18.68,252.39,0.94,63.9,25.88,91.72,48.67,140.39,380.25,112.0,-58.34,-1.84,47.15,3.2,-1.25,1.7,1.25,-0.01,0.0,0.0,-32.76,-29.48,-73.8,-204.35999999999999,-48.84,-8.71,-8.24,-16.91,1.76,0.46,3,2011,0.0,2066.0,-20.66
2011-06-30,252.25,-7.379999999999999,-0.0026319543509272466,0.0,21.02,-6.109999999999999,-3.960000000000001,0.04,258.36999999999995,-21.590000000000003,13.72,12.38,121.91,157.47,16.53,227.28,0.98,45.32,28.64,81.54,41.12,122.66,380.25,104.62,-3.069999999999993,-1.99,-0.28000000000000114,2.1499999999999995,-3.7994579945799463,1.45,1.17,-0.01,0.0,0.0,-12.99132667617689,-10.717318116975749,-28.214550641940082,-155.04316690442224,-18.58159771754636,-5.94,-5.57,-11.23,1.93,0.44,6,2011,0.0,2804.0,-28.04
2011-09-30,189.89000000000004,-20.15,-0.004181365428512139,0.0,19.509999999999998,-18.6,-16.01,0.04,208.48000000000002,-27.569999999999993,11.54,12.23,118.03,152.1,17.83,224.63,0.99,57.64,28.83,101.67,38.5,140.17,380.25,84.46,-1.2900000000000063,-4.73,3.8400000000000034,2.5900000000000007,-2.391563275434243,1.8,1.66,-0.01,0.0,0.0,-35.876115376634154,-31.360240713841044,-95.43548454036107,-95.06752438265201,-60.278564017430995,-7.39,-6.95,-12.38,1.5,0.34,9,2011,0.0,4819.0,-48.19
2011-12-31,169.0,-16.10000000000001,-0.00500855498522321,0.0,19.180000000000007,-14.259999999999998,-11.919999999999995,0.04,183.26,-22.02000000000001,11.27,10.22,114.95,146.22,16.63,217.52,1.0,57.85,24.65,113.17,35.99,149.15,380.25,68.37,-5.909999999999997,-0.8200000000000003,6.460000000000001,2.339999999999999,-1.9965838509316762,2.22,2.18,-0.02,0.0,0.0,-29.61057707263961,-23.98096126924873,-94.19088505210767,-85.07531497900145,-56.2360553740862,-7.91,-7.46,-12.31,1.29,0.28,12,2011,0.0,3214.5000000000005,-64.29
2012-03-31,180.5,-17.43,-0.01,0.0,19.18,-15.44,-11.69,0.04,195.94,-23.7,10.28,5.44,37.97,68.77,91.02,213.92,0.96,43.37,53.01,162.4,0.59,162.98,380.25,50.94,4.66,-0.5,-5.14,3.75,-1.0,2.99,3.2,-0.01,0.0,0.0,-32.6,-26.48,-136.88,-85.56,-119.88,-10.13,-9.66,-32.17,0.42,0.19,3,2012,0.0,1743.0,-17.43
2012-06-30,153.36,-26.369999999999997,-0.006020547945205479,0.0,11.93,-24.740000000000002,-21.130000000000003,0.04,178.10000000000002,-27.16,28.33,6.34,1.92,47.25,79.11,146.13,0.96,42.6,45.25,121.21,0.36,121.57,380.25,24.56,29.040000000000003,29.03,-40.019999999999996,3.6100000000000003,-1.6609783845278727,6.19,4.95,-0.01,0.0,0.0,-72.17432876712328,-51.824876712328766,-429.4818082191781,-163.30134246575344,-388.3012602739726,-13.94,-13.12,-22.96,0.39,0.37,6,2012,0.0,4380.0,-43.8
2012-09-30,32.339999999999975,-5.18,-0.0010575745202123315,0.0,1.9500000000000028,-4.160000000000004,-1.9299999999999997,0.04,36.48999999999995,-10.350000000000001,7.58,0.0,1.31,19.34,76.3,110.6,0.96,15.37,39.94,90.77,0.42,91.19,380.25,19.41,-21.14,0.6099999999999994,-0.23000000000000398,2.2299999999999995,-9.455598455598455,7.84,4.7,-0.01,0.0,0.0,-18.735990200081666,-11.189138423846469,-106.74734177215191,-39.89594120048999,-94.58946508779093,-14.39,-13.38,-7.79,0.21,0.2,9,2012,0.0,4898.0,-48.98
2012-12-31,7.03000000000003,-1.4200000000000017,-0.0002817460317460321,0.0,0.7399999999999949,-0.00999999999999801,1.7999999999999972,0.04,7.0400000000000205,0.7700000000000031,5.39,0.35,0.0,10.86,72.22,86.66,0.96,0.96,7.39,36.82,31.85,68.68,380.25,17.99,-7.890000000000001,3.9200000000000017,1.7899999999999991,1.8100000000000005,-35.49295774647883,8.45,3.82,-0.01,0.0,0.0,-6.55453968253969,-3.2862857142857185,-31.57358730158734,-13.154158730158747,-10.027904761904775,-14.56,-13.5,-6.59,0.29,0.29,12,2012,0.0,5040.0,-50.4
2013-03-31,6.14,-4.62,0.0,,2.55,-3.4,-1.62,0.04,9.55,-3.4,159.92,0.25,0.0,164.57,70.63,236.77,0.96,1.11,7.39,192.81,30.6,223.41,380.25,13.36,2.19,-0.16,152.5,1.78,0.0,11.38,16.72,0.0,0.0,0.0,-7.8,-6.04,-138.32,-57.48,-30.92,-75.24,-75.24,-2.27,0.85,0.85,3,2013,,-inf,-4.62
2013-06-30,36.72,6.83,0.0,,7.96,6.75,8.4,0.04,29.959999999999997,-3.4499999999999997,116.64,15.36,5.04,146.56,69.02,239.91,0.0,10.02,7.39,23.17,29.38,52.55,1900.0,187.36,-17.81,-21.31,-4.159999999999997,1.6500000000000001,0.0,4.06,0.28,0.0,0.0,0.0,11.373031674208146,21.509864253393665,14.587149321266969,25.83656108597285,19.16108597285068,6.77,5.16,1.34,6.33,6.11,6,2013,,inf,2.21
2013-09-30,159.55,19.95,0.0,,31.160000000000004,18.24,19.97,0.04,141.31,18.2,21.04,177.14,15.69,220.73,70.61,297.73,40.45,39.75,0.57,88.36,2.07,90.43,1900.0,207.3,-118.79999999999998,20.23,2.960000000000008,1.73,0.0,3.67,0.44,0.0,0.0,0.0,26.792057761732853,38.0634476534296,38.495577617328514,70.40117328519855,37.12716606498195,11.53,10.95,7.34,2.5,2.32,9,2013,,inf,22.16
2013-12-31,91.4,6.140000000000001,0.0,,20.17,8.84,10.71,0.04,82.56,7.410000000000002,53.41,162.74,53.4,285.27,71.9,364.58,102.92,40.45,1.02,148.01,3.13,151.13,1900.0,213.45,-18.49000000000001,-5.43,56.29999999999998,1.87,0.0,3.56,0.71,0.0,0.0,0.0,6.734473498233216,11.70722261484099,11.507618374558305,21.227477031802124,12.193215547703183,10.03,9.63,4.27,1.93,1.57,12,2013,,inf,28.3
2014-03-31,48.32,-78.5,0.0,,5.02,-73.94,-71.67,0.04,122.27,-10.08,45.12,101.61,80.7,248.24,94.52,370.81,130.46,48.0,1.19,232.44,3.44,235.88,1900.0,134.94,10.29,-41.18,22.6,2.27,0.0,5.63,1.75,0.0,0.0,0.0,-84.68,-97.35999999999999,-232.67999999999998,-423.4800000000001,-213.76,-163.37,-162.46,-16.5,1.07,0.72,3,2014,,-inf,-78.5
2014-06-30,36.589999999999996,-25.230000000000004,0.0,,-4.539999999999999,-22.310000000000002,-19.289999999999992,0.04,58.89,-22.43,18.95,84.02,105.75,297.52,94.48,403.53,152.8,68.1,1.2,290.6,3.23,293.83,1900.0,109.72,-60.93,15.419999999999998,19.35,3.02,0.0,6.93,2.68,0.0,0.0,0.0,-25.01352742697388,-29.109480381760346,-91.97895305119062,-67.93833606478357,-82.92115684951318,-122.76,-122.16,-12.92,1.02,0.66,6,2014,,-inf,-103.73
2014-09-30,211.16,8.310000000000002,0.0008708866065814297,,30.61,11.469999999999999,14.539999999999992,0.04,199.69000000000003,10.399999999999999,8.9,208.08,40.28,350.04,92.53,455.58,164.86,99.43,1.2,334.53,3.01,337.55,1900.0,118.03,-17.72,-1.0899999999999999,8.739999999999995,3.0699999999999994,11.48255114320096,6.44,2.86,-0.01,0.0,0.0,7.294546216726055,7.841463005659193,28.16098931041711,20.434483336826666,24.398759169985336,-32.3,-32.23,-8.03,1.05,0.93,9,2014,,9542.0,-95.42
2014-12-31,173.07999999999998,100.22,0.0,,55.69,103.17,98.15,0.04,69.90999999999997,39.79,0.83,237.86,104.36,475.04,11.19,603.46,174.84,135.63,1.21,382.37,2.84,385.22,1900.0,218.25,6.229999999999997,-19.28,5.560000000000002,-5.02,0.0,3.48,1.77,0.0,0.0,0.0,66.81333333333335,317.3633333333333,183.73666666666668,185.40700000000004,694.8586666666666,1.19,1.02,1.25,1.24,0.97,12,2014,,inf,4.8
2015-03-31,137.58,-13.67,0.0,,11.79,-9.68,-8.73,0.04,147.27,-11.17,396.16,91.2,327.17,932.64,14.02,1296.9,24.92,197.62,1.61,299.32,5.5,304.82,2650.0,992.08,-79.33,-161.24,635.89,0.95,0.0,1.07,0.31,0.0,0.0,0.0,-4.2,-4.64,-5.52,-9.72,-3.88,-10.16,-9.94,-6.96,3.12,2.02,3,2015,,-inf,-13.67
2015-06-30,284.08000000000004,4.859999999999999,-0.0,,32.01,6.4799999999999995,7.430000000000001,0.04,277.59000000000003,8.79,180.74,64.11,272.53,884.09,8.97,1212.89,0.0,101.9,0.57,212.14,3.81,215.95,2650.0,996.94,-220.81,35.69000000000001,-30.299999999999955,0.95,-0.0,1.06,0.22,0.0,0.0,0.0,1.6108059023836547,0.8826333711691259,1.941793416572077,3.508467650397275,0.7061066969353007,-2.13,-2.09,-0.82,4.17,2.88,6,2015,,-inf,-8.81
2015-09-30,196.3,19.85,0.0,,36.900000000000006,20.24,21.1,0.04,176.05999999999995,-2.74,186.89,133.54,282.52,997.94,8.6,1260.29,0.0,110.03,0.58,229.2,3.8,233.0,2660.0,1027.29,-86.77000000000004,83.16999999999999,9.759999999999991,0.8599999999999999,0.0,1.04,0.23,0.0,0.0,0.0,6.328985507246378,14.312137681159424,7.695471014492755,13.880615942028987,11.866847826086957,1.89,1.79,3.78,4.35,3.12,9,2015,,inf,11.04
2015-12-31,235.07999999999993,13.95,0.0,,48.260000000000005,15.369999999999997,16.2,0.04,219.71000000000004,21.62,105.23,132.06,265.84,1002.01,8.25,1327.5,0.0,62.02,0.59,180.14,106.14,286.28,2660.0,1041.22,-25.619999999999948,-52.51,-3.5400000000000773,0.8300000000000001,0.0,1.02,0.27,0.0,0.0,0.0,4.197839135654262,7.5025210084033604,5.358943577430972,8.864585834333733,6.296758703481392,3.05,2.93,4.1,5.56,4.09,12,2015,,inf,24.99
2016-03-31,171.23,3.3,0.0,,36.13,9.48,10.42,0.04,161.75,6.79,952.14,105.47,236.88,1804.95,8.22,2180.64,0.0,70.17,0.6,203.99,115.7,319.69,3437.55,1860.95,24.46,7.62,814.82,0.94,0.0,0.74,0.17,0.0,0.0,0.0,0.6,2.2,0.72,0.92,1.9199999999999997,1.96,1.93,6.49,8.85,7.69,3,2016,,inf,3.3
2016-06-30,200.22,-7.56,0.0,,31.490000000000002,-4.8500000000000005,-3.71,0.04,205.07,4.079999999999999,696.07,198.42,237.16,1748.74,8.69,2313.52,0.0,179.45,0.61,305.92,154.22,460.14,3437.55,1853.39,-19.28,-233.83,-2.9500000000000455,1.1400000000000001,0.0,0.15,0.25,0.0,0.0,0.0,-1.2777464788732393,1.8456338028169015,-1.632676056338028,-2.129577464788732,1.632676056338028,-1.18,-1.15,1.08,5.72,4.94,6,2016,,-inf,-4.26
2016-09-30,128.56,-53.42,-0.009261442441054092,,22.94999999999999,-43.410000000000004,-42.13,0.04,171.97999999999996,-12.09,625.01,235.7,172.29,1716.09,10.77,2297.64,0.0,192.79,0.62,313.22,184.4,497.62,3437.6,1800.02,-25.27,-43.97,-1.8100000000000591,1.2799999999999998,-1.079745413702733,0.15,0.28,-0.01,0.0,0.0,-9.298488210818308,-8.07597780859917,-11.854646324549238,-15.114674063800278,-7.223925104022191,-11.91,-11.54,-6.47,5.48,4.93,9,2016,,5768.0,-57.68
2016-12-31,190.68000000000006,-107.81,-0.013029186053537978,0.0,-21.669999999999987,-113.35999999999999,-111.54,0.04,304.0300000000001,-56.33,1001.61,227.74,9.77,1638.06,13.83,2221.96,0.0,382.14,0.63,515.72,13.32,529.04,3437.6,1692.92,370.46,0.9900000000000091,5.1400000000001,1.8199999999999998,-0.7675076523513589,0.16,0.31,-0.02,0.0,0.0,-19.413487219771586,-22.332024895764093,-25.485087920720282,-31.55668862166898,-23.244067919511753,-24.64,-23.96,-220.49,3.18,3.16,12,2016,0.0,8274.5,-165.49
2017-03-31,26.96,-23.41,0.0,,1.78,-23.33,-21.39,0.04,50.29,-25.05,962.49,185.46,87.06,1633.56,13.66,2192.52,0.0,381.94,1.28,516.39,6.62,523.01,3437.6,1669.52,-13.36,-25.52,-0.25,1.94,0.0,0.16,0.31,0.0,0.0,0.0,-4.28,-4.28,-5.6,-5.32,-5.56,-130.27,-86.83,-333.29,3.16,2.99,3,2017,,-inf,-23.41
2017-06-30,165.81,-50.2,-0.006819725580763484,,14.62,-48.790000000000006,-46.94,0.04,214.6,-10.16,986.82,169.23,47.46,1675.28,12.45,2070.18,0.0,285.68,1.24,444.56,6.3,450.86,3437.6,1619.32,-96.15,121.47,-0.99,1.85,-1.4663346613545816,0.17,0.28,-0.01,0.0,0.0,-9.711289227007201,-8.974758864284745,-12.41190055698954,-11.56625458497487,-12.111832631435949,-47.28,-38.19,-79.25,3.77,3.66,6,2017,,7361.0,-73.61
2017-09-30,127.71000000000001,-40.19,-0.007063268892794376,0.0,-12.7,-40.41,-38.55,0.04,168.12,-45.809999999999995,1026.79,218.73,42.48,1481.16,11.26,1973.19,0.0,250.92,1.14,391.19,2.87,394.06,3437.6,1579.13,16.700000000000003,23.53,-0.25,1.8600000000000003,-1.4157750684249815,0.17,0.25,-0.02,0.0,0.0,-8.151012302284709,-7.444685413005272,-10.185233743409489,-9.521286467486819,-10.043968365553603,-45.54,-35.51,-111.42,3.79,3.68,9,2017,0.0,5690.0,-113.8
