,revenue,net_profit,eps,dps,gross_profit,ebit,ebitda,close_price,expense,operating_profit,cash,account_receivable,inventory,current_asset,property_plant_equipment,total_asset,short_term_loan,account_payable,current_portion_long_term_debt,current_liability,non_current_liability,total_liability,paid_in_capital,total_equity,cash_flow_operation,cash_flow_investment,cash_flow_financing,depreciation,P/E,P/BV,D/E,EPS,DPS,DPR%,ROA%,ROAA%,ROE%,ROAE%,ROCE%,NPM%,NPMA%,CurrentRatio,QuickRatio,month,year,dividend,number_of_shares,return_old
2001-09-30,,,,,,,,1.26,,,49.16,9.55,2.59,65.92,13.25,109.82,0.0,0.29,0.0,8.41,0.0,8.41,94.61,101.4,,,,,,2.35,0.08,-0.94,0.0,0.0,,,,,,-45.31,-43.77,7.84,7.53,9,2001,,15.425531914893618,-14.5
2001-12-31,6.439999999999998,-16.1,-0.983888888888889,0.0,-15.579999999999998,-16.090000000000003,-14.379999999999999,0.7,22.53,-15.579999999999998,38.1,6.1,4.99,51.43,16.09,95.02,0.0,1.43,0.0,10.1,0.0,10.1,94.61,84.92,-4.669999999999998,-4.199999999999999,-1.8200000000000003,1.71,-0.18055900621118012,1.57,0.12,-1.87,0.0,0.0,-67.76732026143792,0.0,-75.82784313725492,0.0,-75.49111111111111,-79.56,-77.33,5.09,4.6,12,2001,0.0,16.363636363636363,-30.6
2002-03-31,10.17,-6.2,-0.33,0.0,0.15,-6.2,-4.46,1.04,16.36,-5.33,27.92,6.16,7.06,45.02,15.29,85.87,0.0,1.65,0.0,6.81,0.33,7.14,94.61,78.72,-9.98,-1.52,0.0,1.74,-0.7875,2.5,0.09,-0.33,0.0,0.0,-28.880000000000003,0.0,-31.520000000000003,0.0,-31.36,-58.99,-60.96,6.61,5.57,3,2002,0.0,18.78787878787879,-6.2
2002-06-30,5.449999999999999,-41.199999999999996,-0.41721518987341766,0.0,-10.38,-41.199999999999996,-39.36,0.72,46.67,-18.29,17.33,3.24,2.6,27.09,14.33,58.96,0.0,1.15,0.0,6.0,0.3,6.3,104.08,52.66,-10.169999999999998,-15.55,15.14,1.84,-0.43143203883495146,2.85,0.12,-0.48,0.0,0.0,-279.4994092827004,0.0,-312.9461603375527,0.0,-311.1729957805907,-286.92,-303.46,4.52,4.08,6,2002,0.0,98.75,-47.4
2002-09-30,25.28,0.769999999999996,0.007595968260776284,0.0,18.4,0.769999999999996,2.3200000000000003,0.42,24.5,1.4000000000000021,11.99,10.63,2.61,34.97,13.25,64.73,0.0,7.12,0.0,11.04,0.26,11.3,104.08,53.43,-5.710000000000001,0.7100000000000009,0.0,1.5499999999999998,13.777045454545526,1.64,0.21,-0.46,0.0,0.0,4.758378726141944,3.529152905854582,5.764349131460403,3.978305811709179,5.7366073343340895,-110.71,-114.01,3.17,2.93,9,2002,0.0,101.36956521739131,-46.63
2002-12-31,5.329999999999998,-33.13999999999999,-0.3157377460198069,0.0,-4.91,-33.13999999999999,5.729999999999997,0.43,38.47,-15.780000000000001,5.93,10.7,0.98,20.16,10.72,34.42,0.0,3.93,0.0,12.75,1.38,14.13,104.08,20.29,-5.550000000000001,-0.8500000000000014,0.0,38.87,-0.34300618587809295,4.41,0.7,-0.76,0.0,0.0,-385.1169612636329,-204.81409051021683,-653.3278676194057,-251.9919568760185,-611.7169562492164,-165.09,-172.55,1.58,1.5,12,2002,0.0,104.96052631578947,-79.77
2003-03-31,11.25,-4.87,-0.04,0.0,-1.72,-4.87,-4.02,0.37,16.12,-5.65,20.88,3.61,1.24,28.53,9.9,41.96,0.0,0.94,0.0,7.13,0.0,7.13,76.73,34.84,-4.66,1.51,19.42,0.85,-2.3125,1.63,0.2,-0.04,0.0,0.0,-46.44,-30.48,-55.92,-34.32,-55.92,-49.69,-43.29,4.0,3.83,3,2003,0.0,121.75,-4.87
2003-06-30,9.129999999999999,-6.72,-0.04638481449525453,0.0,-1.2100000000000002,-6.72,-5.860000000000001,0.37,15.849999999999998,-6.469999999999999,12.9,5.37,1.06,21.47,9.31,34.43,0.0,2.48,0.0,6.32,0.0,6.32,76.73,28.11,-7.720000000000001,-0.27,0.0,0.86,-1.9963430059523808,2.02,0.22,-0.08,0.0,0.0,-78.06564279551337,-57.56355478861088,-95.62229508196721,-66.56220880069024,-95.62229508196721,-62.48,-56.87,3.4,3.23,6,2003,0.0,144.875,-11.59
2003-09-30,8.560000000000002,-10.830000000000002,-0.06279661016949153,0.0,-2.6199999999999997,-10.830000000000002,-8.729999999999999,2.88,19.39,-10.430000000000001,33.86,7.06,1.2,62.21,7.84,73.48,0.0,2.47,0.0,6.22,0.0,6.22,137.87,67.26,-12.089999999999998,-16.91,49.97,2.1,-11.463596491228069,11.81,0.09,-0.13,0.0,0.0,-58.951525423728825,-62.6806779661017,-64.40033898305084,-71.7813559322034,-64.40033898305084,-86.9,-77.47,10.0,9.81,9,2003,0.0,172.46153846153848,-22.42
2003-12-31,48.379999999999995,26.790000000000003,0.12260869565217393,0.0,33.41,26.790000000000003,28.03,2.06,21.590000000000003,16.91,14.24,4.16,0.9,85.96,11.02,100.76,0.0,1.15,0.0,4.7,0.0,4.7,138.12,96.06,20.99,-40.83,0.20999999999999375,1.2399999999999998,4.200354609929078,5.92,0.05,0.02,0.0,0.0,106.42434782608696,158.65565217391307,111.57391304347826,184.15826086956523,111.57391304347826,6.67,5.65,18.29,18.1,12,2003,0.0,218.5,4.37
2004-03-31,15.5,-4.18,-0.02,0.0,4.11,-4.18,-3.05,2.4,19.69,-3.79,26.42,4.7,0.81,81.56,13.64,99.07,0.0,2.82,0.0,6.6,0.0,6.6,138.96,92.47,-10.76,22.15,0.71,1.13,-30.0,7.21,0.07,-0.02,0.0,0.0,-16.88,-23.72,-18.08,-26.28,-18.08,-27.55,-26.97,12.36,12.23,3,2004,0.0,208.99999999999997,-4.18
2004-06-30,7.960000000000001,-11.02,-0.036250000000000004,0.0,3.83,-11.02,-9.71,1.35,18.969999999999995,-7.909999999999999,18.42,6.8,0.81,63.31,12.96,80.05,0.0,2.34,0.0,5.69,0.0,5.69,138.96,74.36,-7.540000000000001,-0.4599999999999973,0.0,1.31,-9.310344827586206,5.05,0.08,-0.05,0.0,0.0,-55.071,-76.995,-59.276,-86.043,-59.276,-66.55,-64.79,11.13,10.98,6,2004,0.0,303.99999999999994,-15.2
2004-09-30,21.29,4.83,0.01863066538090646,0.0,14.629999999999999,4.83,6.069999999999999,1.01,16.450000000000003,6.919999999999999,19.74,21.01,1.16,65.07,12.66,81.77,0.0,3.29,0.0,7.24,0.0,7.24,138.96,74.53,2.16,-0.8300000000000018,0.0,1.2400000000000002,13.55292443064182,3.77,0.1,-0.04,0.0,0.0,23.623683702989393,24.890568948891033,25.91525554484089,27.256663452266157,25.91525554484089,-23.6,-23.17,8.99,8.83,9,2004,0.0,259.25,-10.37
2004-12-31,8.899999999999999,-5.550000000000001,-0.020917085427135683,0.0,2.9899999999999984,-5.550000000000001,-4.249999999999999,0.99,14.450000000000003,-5.3500000000000005,15.74,20.21,1.04,59.26,11.61,75.04,0.0,2.52,0.0,5.84,0.0,5.84,138.96,69.2,-3.84,-0.16999999999999815,0.0,1.3000000000000003,-11.832432432432432,3.98,0.08,-0.06,0.0,0.0,-29.59070351758794,-25.25389447236181,-32.08680904522614,-26.871482412060306,-32.08680904522614,-30.09,-29.67,10.15,9.97,12,2004,0.0,265.3333333333333,-15.92
2005-03-31,8.8,-5.62,-0.02,0.0,2.27,-5.62,-4.37,0.91,14.43,-5.55,10.96,20.23,1.01,54.42,10.51,69.19,0.0,2.27,0.0,6.58,0.0,6.58,138.96,62.62,-4.73,-0.05,0.0,1.25,-11.375,4.04,0.11,-0.02,0.0,0.0,-32.48,-26.72,-35.88,-29.0,-35.92,-65.65,-63.86,8.27,8.12,3,2005,0.0,281.0,-5.62
2005-06-30,6.989999999999998,-7.12,-0.027943485086342233,0.0,0.08000000000000007,-7.12,-5.6499999999999995,1.0,14.11,-8.059999999999999,17.65,2.94,0.62,40.37,9.4,56.92,0.0,0.82,0.0,4.64,0.0,4.64,138.96,52.28,6.720000000000001,-0.03,0.0,1.4700000000000002,-8.946629213483146,5.32,0.09,-0.05,0.0,0.0,-50.03001569858712,-41.579905808477235,-54.478618524332816,-44.97783359497646,-54.478618524332816,-88.6,-80.68,8.7,8.57,6,2005,0.0,254.79999999999998,-12.74
2005-09-30,12.25,-1.549999999999999,-0.005423372988103566,0.0,6.210000000000001,-1.549999999999999,-0.40000000000000036,0.61,13.79,-1.3800000000000008,151.47,5.1,1.05,178.76,8.76,194.77,0.0,3.0,0.0,6.04,0.0,6.04,277.92,188.73,-4.63,-0.48999999999999994,138.96,1.15,-28.11903225806453,1.8,0.03,-0.05,0.0,0.0,-3.1846046186144132,-4.481875437368787,-3.28439468159552,-4.711826452064377,-3.28439468159552,-53.99,-50.96,29.6,29.42,9,2005,0.0,285.79999999999995,-14.29
2005-12-31,6.920000000000002,-4.650000000000002,-0.012275607180570226,0.0,0.9599999999999991,-4.670000000000002,-3.5199999999999996,0.5,11.590000000000003,-5.4,145.19,6.1,0.94,169.66,7.83,188.53,0.0,0.66,0.0,3.91,0.0,3.91,277.92,183.43,-7.359999999999999,-0.16000000000000003,1.25,1.1499999999999995,-10.182795698924727,1.52,0.02,-0.05,0.0,0.0,-9.869588173178462,-14.131678986272446,-10.144561774023236,-14.720908130939817,-10.085638859556498,-58.38,-54.18,43.39,43.15,12,2005,0.0,378.8,-18.94
2006-03-31,19.68,7.55,0.01,0.0,12.93,6.75,7.75,0.83,12.93,5.67,140.7,18.14,0.92,178.69,6.9,196.9,0.0,0.34,0.0,4.57,0.0,4.57,277.92,191.95,-4.38,-0.12,0.0,1.0,20.75,2.4,0.02,0.01,0.0,0.0,15.320000000000002,20.28,15.72,23.72,14.04,41.19,38.36,39.1,38.9,3,2006,0.0,755.0,7.55
2006-06-30,50.9,27.41,0.047042334096109834,0.0,42.93,36.9,37.76,0.74,14.0,35.53,181.91,22.31,0.86,223.08,6.07,238.36,0.0,0.0,0.0,18.77,0.0,18.77,279.09,219.59,40.35,-0.020000000000000018,0.88,0.8600000000000001,3.9315651222181685,1.88,0.09,0.06,0.0,0.0,46.00740274599542,92.73612128146453,49.927597254004574,80.66192219679633,62.34677345537757,51.75,49.53,11.88,11.84,6,2006,0.0,582.6666666666667,34.96
2006-09-30,105.96,74.21000000000001,0.1223577906018137,0.0,98.02999999999999,77.99000000000001,79.18,1.01,27.97,75.49,316.74,30.08,0.5,374.77,4.97,389.33,0.0,0.0,0.0,37.55,0.0,37.55,362.27,351.78,77.37,-0.14,57.66,1.1899999999999997,2.0632114944077617,2.08,0.11,0.18,0.0,0.0,76.2424988549968,113.24893285701201,84.37249427498398,109.85010534029496,94.02516442246039,63.94,61.84,9.98,9.97,9,2006,0.0,606.5,109.17
2006-12-31,66.95000000000002,16.010000000000005,0.02557916600095863,0.0,56.150000000000006,27.029999999999987,27.28,0.94,39.919999999999995,40.25,372.98,3.95,0.0,410.92,4.66,423.56,0.0,0.0,0.0,40.7,0.0,40.7,362.27,382.86,57.03999999999999,-0.8599999999999999,0.0,0.25,9.187164272329792,1.78,0.11,0.2,0.0,0.0,15.117287106566549,24.852717686531403,16.728774564626942,22.617098578047617,19.86478031634447,53.7,51.41,10.1,10.1,12,2006,0.0,625.9,125.18
2007-03-31,31.12,11.46,0.02,0.02,17.95,15.0,15.64,0.9,16.13,8.91,341.19,6.94,0.0,391.04,4.27,428.77,0.0,0.0,0.0,35.14,0.0,35.14,362.27,394.1,-6.13,-25.5,0.0,0.64,11.25,1.65,0.09,0.02,0.02,1.0,10.68,19.16,11.640000000000002,15.639999999999999,15.24,46.4,36.83,11.13,11.13,3,2007,11.46,573.0,11.46
2007-06-30,33.31,16.779999999999998,0.023767705382436256,0.0037677053824362607,8.010000000000002,18.07,18.700000000000003,0.94,15.23,-0.46000000000000085,222.88,24.68,0.0,376.44,5.79,414.84,0.0,0.0,0.0,19.7,0.0,19.7,362.27,396.2,-101.79,-1.7899999999999991,-14.49,0.63,9.887365911799764,1.72,0.05,0.04,0.02,0.5,16.18580736543909,24.076685552407934,16.946373937677052,21.79498583569405,19.893569405099147,72.11,43.83,19.11,19.11,6,2007,2.66,706.0,28.24
2007-09-30,43.22999999999999,14.41,0.020271981242672918,0.0001359906213364608,20.630000000000003,20.380000000000003,21.069999999999993,0.79,22.840000000000003,10.150000000000002,158.8,22.68,0.0,341.52,26.81,443.66,0.0,0.0,0.0,29.1,0.0,29.1,362.27,410.5,-19.679999999999993,-44.279999999999994,0.0,0.69,9.744977446217904,1.39,0.07,0.06,0.02,0.33,12.98758264947245,17.33930128956624,14.041725674091442,15.122898007033998,17.42038921453693,59.38,39.62,11.74,11.74,9,2007,0.09666666666666757,710.8333333333334,42.65
2007-12-31,18.39,-2.229999999999997,-0.003310242454230574,-0.0011034141514101939,13.04,-13.270000000000003,-11.569999999999993,0.62,31.67,-8.200000000000001,90.05,29.42,0.0,286.78,83.04,443.75,0.0,0.0,0.0,29.76,0.0,29.76,362.27,408.45,-11.120000000000005,-57.81,0.0,1.7000000000000002,-46.80926008968617,1.1,0.07,0.06,0.02,0.33,-2.0104205838693687,-2.0457298367144947,-2.1847600197921793,-2.2553785254824312,-2.142830282038592,43.49,32.07,9.64,9.64,12,2007,-0.7433333333333341,673.6666666666667,40.42
2008-03-31,25.97,0.15,0.0,,16.04,3.88,6.85,0.6,22.09,4.71,81.87,37.78,0.0,287.37,81.32,441.52,0.0,4.26,0.0,25.43,0.0,25.43,362.27,408.05,-6.39,-1.25,0.0,2.97,0.0,1.07,0.06,0.0,0.0,0.0,0.12,3.56,0.16,0.16,3.7199999999999998,0.64,0.58,11.3,11.3,3,2008,,inf,0.15
2008-06-30,10.79,-2.6,0.0,,-2.289999999999999,-9.96,-6.909999999999999,0.52,20.750000000000004,-15.780000000000001,52.34,34.09,0.0,187.32,52.87,404.36,6.08,2.19,0.0,14.44,0.0,14.44,362.27,389.92,4.8,-0.1100000000000001,-21.74,3.0499999999999994,0.0,0.97,0.04,0.0,0.03,0.0,-2.5893877551020408,-6.282448979591836,-2.674285714285714,-2.6318367346938776,-6.622040816326531,-8.73,-6.66,12.97,12.97,6,2008,,-inf,-2.45
2008-09-30,17.340000000000003,-20.0,-0.026726057906458794,inf,7.440000000000001,-21.64,-18.540000000000003,0.35,38.97999999999999,-3.719999999999999,15.45,9.98,0.0,186.73,75.92,390.81,6.11,1.76,0.0,26.44,0.0,26.44,362.27,364.41,2.21,-2.2800000000000002,0.0,3.0999999999999996,-3.2748937499999995,0.7,0.07,-0.03,0.03,-1.0,-20.454342984409802,-23.661469933184854,-21.951002227171493,-20.632516703786195,-27.11804008908686,-53.53,-41.5,7.06,7.06,9,2008,inf,748.3333333333334,-22.45
2008-12-31,24.54,-25.24,-0.03704759907737471,-0.0029524009226252926,12.109999999999996,-33.27,-30.159999999999997,0.23,57.81,-12.68,20.33,5.55,0.0,163.36,65.22,350.93,0.0,1.17,0.0,19.61,0.0,19.61,362.27,339.42,-4.25,5.18,3.6999999999999993,3.110000000000001,-1.5540818145800317,0.49,0.06,-0.07,0.03,-0.43,-28.770106940658415,-32.49603690501153,-29.743929544977984,-26.991822184944436,-38.97407422939819,-78.71,-60.64,8.33,8.33,12,2008,-2.0114285714285742,681.2857142857142,-47.69
2009-03-31,17.39,0.42,0.0,,4.33,-0.96,1.27,0.23,18.34,-4.86,36.79,6.18,0.0,194.4,63.02,350.01,0.0,1.4,0.0,19.6,0.0,19.6,362.27,340.02,-13.77,30.06,0.0,2.23,0.0,0.49,0.06,0.0,0.0,0.0,0.48,-0.96,0.48,0.44,-1.16,3.89,2.42,9.92,9.92,3,2009,,inf,0.42
2009-06-30,45.33,12.48,0.019348837209302326,,3.37,9.55,11.98,0.41,35.8,-5.159999999999999,21.8,7.31,0.0,232.5,61.25,369.81,12.94,1.22,0.0,29.81,0.0,29.81,362.27,352.89,-15.080000000000002,-0.29999999999999716,0.0,2.43,5.297475961538461,0.84,0.08,0.02,0.0,0.0,13.505488372093025,8.590883720930233,14.163348837209302,13.428093023255814,9.790511627906977,62.65,20.57,7.8,7.8,6,2009,,645.0,12.9
2009-09-30,77.28999999999999,47.410000000000004,0.06288840988227491,0.0,13.010000000000002,45.879999999999995,48.04,0.45,31.400000000000006,-7.449999999999999,101.68,2.46,0.0,304.9,58.99,413.26,0.0,1.3,0.0,24.37,0.0,24.37,362.27,400.51,55.870000000000005,21.109999999999996,3.0,2.16,1.7904730014764816,0.81,0.06,0.08,0.0,0.0,45.87709500911955,42.60689769524126,47.354972641353015,49.58751119217377,44.05333112253358,146.14,43.08,12.51,12.51,9,2009,0.0,753.875,60.31
2009-12-31,47.75,16.159999999999997,0.023245717274748265,0.0,26.699999999999996,22.659999999999997,24.940000000000005,0.47,25.099999999999994,11.87,112.64,22.48,0.0,336.61,56.71,438.83,0.0,2.8,0.0,27.88,0.0,27.88,362.27,416.19,11.419999999999998,0.010000000000005116,0.0,2.2799999999999994,5.051468131188119,0.82,0.07,0.11,0.0,0.0,14.733558258140445,16.50868575912122,15.52813913953184,17.10884791421472,15.866258663528178,100.71,40.73,12.07,12.07,12,2009,0.0,695.1818181818181,76.47
2010-03-31,35.8,19.41,0.03,0.0,-0.09,18.15,20.38,0.45,17.65,-9.24,81.39,3.05,0.0,350.89,54.49,449.4,0.0,2.48,0.0,21.06,0.0,21.06,362.27,434.96,-31.18,0.58,0.0,2.23,3.7499999999999996,0.75,0.05,0.03,0.0,0.0,17.28,18.16,17.84,20.04,16.96,265.53,54.22,16.66,16.66,3,2010,0.0,647.0,19.41
2010-06-30,52.010000000000005,29.360000000000003,0.042140660241952024,0.0,11.84,28.130000000000003,30.38,0.47,23.880000000000003,-0.28999999999999915,116.2,4.25,0.0,388.29,52.28,480.09,0.0,2.28,0.0,23.25,0.11,23.36,362.27,464.67,37.36,-2.9,0.0,2.2500000000000004,2.7865011920980924,0.73,0.05,0.07,0.0,0.0,24.465663317613288,26.223530859134716,25.28439614517121,28.72789009637072,24.393422185769946,180.43,55.54,16.7,16.7,6,2010,0.0,696.7142857142857,48.77
2010-09-30,92.47,43.24,0.06109335941745462,0.02,-3.58,47.94,50.190000000000005,0.81,44.53,-33.49,102.59,6.64,0.0,442.1,41.98,524.14,0.0,7.25,0.0,29.06,0.0,29.06,365.27,495.07,-12.0,-0.3700000000000001,0.74,2.25,3.314189986123959,1.2,0.06,0.13,0.02,0.15,32.9904140854255,37.78389305510271,34.945401586784044,38.62980110857515,35.77251168351266,260.8,51.04,15.21,15.21,9,2010,14.155384615384618,707.7692307692308,92.01
2010-12-31,204.63000000000002,79.18999999999998,0.11101401869158878,0.00015600287562903933,152.28,115.28999999999999,116.58999999999999,1.4,89.34,124.94,75.7,79.75,0.0,605.79,40.69,668.92,0.0,2.28,0.0,48.95,0.0,48.95,371.57,580.07,-34.53,1.83,10.08,1.299999999999999,3.150953403207476,1.79,0.08,0.24,0.02,0.08,47.34747897196261,69.99433878504671,54.60039485981308,63.592530373831764,62.519394859813076,78.08,44.48,12.38,12.38,12,2010,0.11128205128204804,713.3333333333333,171.2
2011-03-31,44.28,24.64,0.03,0.08000000000000002,4.25,28.24,29.51,1.26,16.04,-3.0,95.12,4.76,0.0,569.97,39.6,632.71,0.0,1.16,0.0,21.15,8.53,29.69,374.39,603.34,54.51,-0.98,-36.31,1.27,10.5,1.56,0.05,0.03,0.08,2.67,15.560000000000002,20.88,16.32,19.0,18.48,206.02,55.65,26.95,26.95,3,2011,65.70666666666668,821.3333333333334,24.64
2011-06-30,41.59,-40.42,-0.05122940430925222,-0.0032784114913392563,10.8,-33.9,-32.6,1.17,75.47999999999999,0.81,56.75,7.77,0.0,469.26,38.34,534.51,0.0,1.19,0.0,20.4,8.97,29.37,374.39,504.47,20.67000000000001,-0.6000000000000001,-59.89999999999999,1.2999999999999998,-5.709611578426522,1.74,0.06,-0.02,0.08,-4.0,-30.22534854245881,-11.4753865652725,-32.06960709759189,-33.40157160963245,-11.27046894803549,-53.71,-18.38,23.0,23.0,6,2011,-2.586666666666673,789.0,-15.78
2011-09-30,38.56,-24.589999999999996,-0.03045578399801833,0.0018231359920732972,3.1099999999999994,-21.87,-20.6,0.89,60.44000000000001,-5.52,142.87,10.92,0.0,474.64,37.08,539.13,0.0,2.2,0.0,27.19,9.41,36.6,374.39,501.0,62.98999999999998,2.0100000000000002,18.72,1.27,-7.305673037820253,1.33,0.07,-0.05,0.08,-1.6,-18.249105771612584,-12.620876888778795,-19.63788952192222,-19.759712657914292,-13.108169432747086,-82.44,-32.44,17.46,17.46,9,2011,1.47199999999998,807.3999999999999,-40.37
2011-12-31,20.340000000000003,5.099999999999994,0.007229940459313857,-0.011567904734902159,4.550000000000001,1.2000000000000028,2.4299999999999997,0.77,19.139999999999986,-3.95,134.21,15.09,0.0,479.58,35.85,543.1,0.0,2.44,0.0,23.81,9.84,33.66,374.39,508.54,-7.280000000000001,-3.0300000000000002,-0.7900000000000063,1.2300000000000004,26.625392156862777,1.13,0.07,-0.05,0.08,-1.6,3.753785086475754,2.5102353274737705,4.014062943011052,3.748001134108303,2.9324638502977,-53.04,-24.36,20.14,20.14,12,2011,-8.159999999999982,705.4,-35.27
2012-03-31,112.11,67.16,0.09,0.0,36.66,68.54,69.76,1.9,43.57,18.12,165.14,7.78,0.0,546.18,34.72,608.82,0.0,7.26,0.0,24.99,10.31,35.31,374.39,571.32,38.49,-3.18,0.0,1.22,5.2775,2.49,0.06,0.09,0.0,0.0,44.12,44.16,47.04,45.72,46.96,141.99,59.91,21.86,21.86,3,2012,0.0,746.2222222222222,67.16
2012-06-30,102.74,78.00999999999999,0.10210029620444995,0.0,69.14,79.24999999999999,80.45,1.48,23.490000000000002,47.42,164.2,46.32,0.0,627.31,33.66,690.0,0.0,2.08,6.15,19.66,10.78,30.44,374.39,656.19,0.5300000000000011,-8.34,0.0,1.2,3.624132483014998,1.69,0.05,0.19,0.0,0.0,45.225057518771095,51.888445271061514,47.54649583247228,53.77998760074396,47.396032238065715,114.97,67.57,31.91,31.91,6,2012,0.0,764.0526315789473,145.17
2012-09-30,186.73999999999998,130.94000000000003,0.17546557531418638,0.05999999999999999,72.49,135.69000000000003,136.83,2.02,51.05,57.00999999999999,146.66,44.59,0.0,737.42,32.53,804.82,0.0,5.45,0.0,46.02,11.25,57.27,374.39,734.15,30.21999999999999,-0.5199999999999996,-39.18,1.1400000000000001,2.878342370551397,2.06,0.08,0.37,0.06,0.16,65.08350150302418,80.03127159465431,71.34335446017893,84.81152294375431,70.86912317554598,114.73,68.75,16.02,16.02,9,2012,44.774594594594596,746.2432432432433,276.11
2012-12-31,142.93,50.25,0.06774727295011643,-0.00036530708917031435,114.25000000000003,103.21999999999997,104.16999999999996,2.82,39.7,89.47000000000001,170.64,125.56,0.0,835.48,31.62,902.12,0.0,4.19,0.0,44.06,11.72,55.77,374.39,785.15,26.92,0.1999999999999993,-3.8800000000000026,0.9499999999999997,10.407799004975125,2.69,0.07,0.44,0.06,0.14,22.28269395759284,32.95596886873391,25.602310332148544,31.071362912121582,27.75790538056134,88.24,59.94,18.96,18.96,12,2012,-0.2709582309582359,741.7272727272727,326.36
2013-03-31,548.0,417.17,0.56,0.08,309.56,473.78,474.36,4.0,74.23,247.59,205.66,32.99,0.0,1327.88,31.23,1434.36,0.0,65.02,0.0,125.66,49.45,175.11,374.39,1208.22,51.3,0.69,0.0,0.58,1.785,2.48,0.14,0.56,0.08,0.14,116.31999999999998,185.52,138.12,187.56,144.8,129.63,76.13,10.57,10.57,3,2013,59.59571428571429,744.9464285714286,417.17
2013-06-30,-55.73000000000002,-85.94999999999999,-0.11417788780870718,0.0008317303130418414,65.38999999999999,-157.05999999999995,-156.47000000000003,2.9,101.32000000000001,27.97999999999999,209.24,18.86,0.0,1103.87,30.71,1224.8,0.0,10.59,0.0,70.57,27.03,97.6,374.39,1084.34,40.53,0.99,-59.9,0.59,-6.348865037812684,2.0,0.09,0.44,0.08,0.18,-28.067000784976745,-34.33640480647303,-31.710313386872766,-39.50554918181268,-28.48219310428114,81.34,67.28,15.64,15.64,6,2013,0.6261038961039063,752.7727272727274,331.22
2013-09-30,32.430000000000064,-52.47000000000003,-0.06964627802690586,0.030064313086017112,10.759999999999991,-75.33000000000004,-74.73999999999998,2.2,107.75999999999999,0.4700000000000273,244.48,37.03,0.0,1023.12,30.22,1153.67,0.0,46.92,0.0,174.26,23.88,198.14,374.54,921.88,144.41000000000003,0.8200000000000001,-112.04999999999998,0.5900000000000001,-7.902432342290829,1.79,0.21,0.37,0.11,0.28,-18.19085488789239,-18.55979192825113,-22.76868591928252,-25.34371587443947,-18.55979192825113,64.96,53.13,5.87,5.87,9,2013,22.649803439803435,753.3783783783784,278.75
2013-12-31,113.37,-24.379999999999995,-0.03067028344537484,0.0057466724892128816,-17.389999999999986,-44.53999999999999,-43.860000000000014,1.92,157.91000000000003,25.639999999999986,237.96,109.49,0.0,1000.29,29.76,1139.05,0.0,70.33,0.0,91.7,19.98,111.67,470.67,1008.88,-119.27000000000001,0.6499999999999999,98.52999999999999,0.6799999999999999,-15.650328137817887,1.79,0.11,0.32,0.11,0.33,-8.560842866690251,-7.3953720957660085,-9.664973070723747,-10.872615481385381,-7.207516609663087,48.48,39.87,10.91,10.91,12,2013,4.568065878378377,794.90625,254.37
2014-03-31,114.01,73.41,0.08,0.07,16.42,87.22,87.81,1.98,26.78,-2.85,112.89,38.53,0.0,1047.79,29.23,1177.03,0.0,20.04,0.0,62.72,16.37,79.09,471.1,1076.56,-122.53,1.72,0.06,0.59,6.1875,1.73,0.07,0.08,0.07,0.88,24.959999999999997,26.72,27.28,25.72,31.32,306.77,64.39,16.71,16.71,3,2014,64.23375,917.6249999999999,73.41
2014-06-30,149.59000000000003,73.25999999999999,0.0799181836776437,-7.158928206176824e-05,101.88,123.41999999999999,124.00999999999999,2.2,26.189999999999998,84.64999999999999,18.94,138.56,0.0,1091.58,28.72,1204.63,3.92,19.22,0.0,32.33,16.82,49.15,471.13,1083.36,-30.19999999999999,-0.09000000000000008,-63.11,0.59,6.882038288288289,1.91,0.05,0.16,0.07,0.44,24.335086929842504,34.64453262425854,27.052305174882388,27.032325628962976,35.90324401718142,108.84,55.64,33.76,33.76,6,2014,-0.06562499999999716,916.6874999999999,146.67
2014-09-30,299.88,181.64000000000001,0.19364015716852975,0.0015925687612317655,95.32000000000001,273.65000000000003,274.26,3.28,26.22,78.16000000000001,180.75,229.98,0.0,1396.57,28.12,1486.63,0.0,1.62,0.0,70.74,30.45,101.19,472.86,1266.54,128.17,0.0,35.0,0.6100000000000001,4.234013295529619,2.45,0.08,0.35,0.07,0.2,48.86371051749871,81.17395388504768,57.36174712923762,66.3909110292102,75.68563857329964,137.28,58.26,19.74,19.74,9,2014,1.4938750000000027,938.0285714285715,328.31
2014-12-31,-68.92000000000002,-72.46000000000001,-0.07646746140316593,0.0507065077193668,-12.060000000000002,-105.72000000000003,-105.10999999999996,3.04,36.790000000000006,-37.74000000000001,223.62,193.5,0.0,1265.66,27.53,1359.3,0.0,1.63,0.0,56.67,17.74,74.4,495.47,1193.01,119.61,-0.019999999999999796,-87.29,0.6099999999999999,-9.939521805133866,2.53,0.06,0.27,0.12,0.44,-21.32026109048271,-34.336722298221616,-24.29965995700606,-26.327463748290015,-32.92065819816299,107.41,51.73,22.33,22.33,12,2014,48.04911111111109,947.5925925925925,255.85
2015-03-31,937.94,752.87,0.76,0.0,910.57,908.41,909.0,4.02,29.53,891.38,301.73,607.68,0.0,2167.99,26.98,2283.23,0.0,1.41,0.0,185.6,18.24,203.83,495.57,1936.89,74.82,2.7,9.74,0.59,1.3225,2.06,0.11,0.76,0.0,0.0,131.88,210.04,155.48,199.88,173.24,81.88,80.27,11.68,11.68,3,2015,0.0,990.6184210526316,752.87
2015-06-30,151.99,82.30999999999995,0.020696257094279066,0.04,62.41999999999996,126.09000000000003,126.69000000000005,1.0,25.9,43.84000000000003,844.01,307.45,0.0,2408.52,26.38,2509.06,0.0,24.85,0.0,305.3,18.73,324.03,501.38,2020.3,358.16,48.0,104.51,0.6,12.074647065970119,1.99,0.16,0.21,0.04,0.19,13.123398069877144,21.961685385186414,16.296824157666602,21.216620129792368,18.5044249143897,84.31,76.63,7.89,7.89,6,2015,159.08190476190475,3977.047619047619,835.18
2015-09-30,54.419999999999845,18.680000000000064,0.005469280678331361,0.023422720129205984,58.59999999999991,26.25,26.839999999999918,0.86,28.169999999999995,39.309999999999945,567.09,216.32,0.0,2053.08,26.54,2222.35,0.0,1.43,0.0,60.73,19.23,79.96,594.14,1981.15,43.799999999999955,-89.5,-296.6,0.5900000000000001,39.31047109207696,2.06,0.04,0.25,0.07,0.28,3.3620762185838546,5.005485676808862,3.771615955777307,4.601196449066607,4.294041646171518,80.7,74.62,33.81,33.81,9,2015,79.99889523809529,3415.44,853.86
2015-12-31,39.17000000000007,-46.460000000000036,-0.013810255139955424,-0.001066871439187525,-56.559999999999945,-110.22000000000003,-109.44999999999993,0.6,149.39000000000001,-58.32999999999993,640.58,194.54,0.0,1933.98,25.9,2115.84,0.0,2.1,0.0,65.26,19.73,84.99,594.36,1919.94,-75.76999999999998,0.03999999999999915,164.34,0.7699999999999998,-10.86149375807145,1.49,0.04,0.24,0.07,0.29,-8.783322269011649,-12.590349269259363,-9.67868714391876,-11.938965568491463,-10.668422095615565,73.8,68.22,29.63,29.63,12,2015,-3.589133333333365,3364.1666666666665,807.4
2016-03-31,67.09,9.71,0.0,,-7.31,-0.04,0.7,0.79,67.12,-18.47,709.31,130.88,0.0,1958.72,25.33,2219.14,0.0,22.74,0.0,40.43,20.12,60.55,594.4,2059.6,44.21,-105.43,152.94,0.74,0.0,1.82,0.03,0.0,0.0,0.0,1.76,-0.0,1.88,1.96,-0.0,43.72,14.47,48.45,48.45,3,2016,,inf,9.71
2016-06-30,141.94,118.00999999999999,0.02771922956467272,,-26.16,109.12,109.86,0.64,32.83,-38.13,448.32,132.81,0.0,1829.38,24.7,2068.51,0.0,1.98,0.0,16.91,20.63,37.54,686.27,1962.9,-43.12,-3.0999999999999943,-213.45,0.74,5.771264299635624,1.79,0.02,0.03,0.04,1.33,22.803686188537426,17.629430003131848,24.06029126213592,23.69070153460695,19.662173504541183,294.63,61.1,108.18,108.18,6,2016,,4257.333333333333,127.72
2016-09-30,398.03,280.53,0.05497219840783833,0.026629597877117783,246.93,343.42,344.25,0.75,54.61,222.25,314.46,318.83,0.0,1912.8,41.36,2369.24,0.0,47.31,0.0,133.48,35.37,168.85,704.7,2142.61,184.35,-217.36999999999998,-88.31,0.8300000000000001,3.4126341211278657,1.97,0.08,0.08,0.06,0.75,47.358548928352725,54.17510153092467,52.36101898346601,54.422476423759946,55.631864788732386,127.89,67.25,14.33,14.33,9,2016,135.89416666666668,5103.125,408.25
2016-12-31,515.28,397.5,0.07399937946013031,0.002999534595097737,417.42999999999995,465.49,466.07,0.8,49.78,393.82000000000005,1017.33,16.6,0.0,2404.47,40.54,2860.22,0.0,2.43,3.63,184.95,47.74,232.69,704.7,2570.8,631.97,40.20999999999998,0.0,0.5800000000000001,2.7010361635220126,1.75,0.09,0.15,0.06,0.4,55.58833385044989,72.81538938876822,61.843748060812906,70.80260626745269,67.70449891405524,105.63,71.79,13.0,13.0,12,2016,16.11250000000001,5371.666666666667,805.75
2017-03-31,137.66,88.49,0.02,0.0,39.88,112.25,113.25,0.87,25.41,26.59,674.55,17.35,0.0,2466.84,39.67,2905.22,0.0,0.37,3.65,160.88,48.73,209.62,704.7,2619.98,-78.78,-225.21,-0.95,1.0,10.875,1.87,0.08,0.02,0.0,0.0,12.2,17.52,13.520000000000001,15.120000000000001,16.36,170.21,64.28,15.33,15.33,3,2017,0.0,4424.5,88.49
2017-06-30,43.28999999999999,7.510000000000005,0.0015645833333333345,0.05,21.769999999999996,14.930000000000007,15.710000000000008,0.8,28.360000000000003,10.05,211.25,65.45,0.0,2048.99,38.78,2484.15,0.0,11.7,10.95,33.16,38.16,71.32,704.7,2332.92,-176.95,9.090000000000003,-282.76,0.78,127.8295605858854,1.93,0.03,0.02,0.05,2.5,1.2078583333333341,1.7492041666666678,1.2892166666666676,1.3987375000000009,1.6240375000000014,111.45,53.05,61.79,61.79,6,2017,240.0,4800.0,96.0
2017-09-30,375.27000000000004,232.57999999999998,0.042470022521151625,0.016175056302879052,226.07000000000002,245.75,246.98999999999998,0.77,129.51,206.39999999999998,190.19,361.52,0.0,2081.81,37.88,2813.58,100.0,131.26,10.05,249.54,52.12,301.66,704.7,2433.17,-44.78,56.95000000000002,-10.890000000000043,1.24,4.531431550434259,1.78,0.12,0.06,0.06,1.0,33.06999086980339,40.74290827195812,38.22302026903646,40.65796822691582,41.16760849716964,77.07,59.07,8.34,8.34,9,2017,88.57999999999998,5476.333333333333,328.58
