,revenue,net_profit,eps,dps,gross_profit,ebit,ebitda,close_price,allowance_doubtful_accounts,expense,operating_profit,cash,account_receivable,current_asset,property_plant_equipment,total_asset,short_term_loan,account_payable,current_portion_long_term_debt,current_liability,non_current_liability,total_liability,paid_in_capital,total_equity,cash_flow_operation,cash_flow_investment,cash_flow_financing,depreciation,P/E,P/BV,D/E,EPS,DPS,DPR%,ROA%,ROAA%,ROE%,ROAE%,ROCE%,NPM%,NPMA%,TIE,CurrentRatio,QuickRatio,month,year,dividend,number_of_shares,return_old
2003-06-30,,,,,,,,,0.0,,,3.58,59.33,100.22,367.66,582.7,44.04,6.72,23.89,89.56,10.49,100.05,250.0,482.65,,,,,,0.0,0.21,0.18,0.0,0.0,,,,,,34.41,34.29,0.0,1.12,1.12,6,2003,,182.94444444444446,32.93
2003-09-30,62.97000000000001,28.880000000000003,0.12148196084775928,0.07,35.53,30.299999999999997,41.33,6.5,0.0,32.669999999999995,30.199999999999996,233.66,76.62,312.99,607.05,1097.16,0.0,6.22,23.17,42.02,135.49,177.51,350.0,890.25,60.38,-312.81,482.52,11.030000000000001,13.376471606648199,2.56,0.2,0.26,0.07,0.27,10.522206762659764,0.0,12.970535512053067,0.0,11.77440543601359,38.98,38.88,0.0,7.45,7.45,9,2003,16.64115384615385,237.73076923076923,61.81
2003-12-31,74.03,33.39999999999999,0.12278122046003569,0.008825713200778844,40.650000000000006,34.55,45.69999999999999,6.05,0.0,39.47000000000001,31.370000000000005,312.7,86.96,414.77,994.33,1622.67,0.0,0.29,36.99,87.21,244.92,332.13,402.5,1188.47,17.959999999999994,-418.08000000000004,479.16,11.149999999999999,12.321713323353295,2.05,0.28,0.35,0.07,0.2,8.236865875433251,0.0,11.239743724398696,0.0,9.233147778594683,41.5,40.86,0.0,4.76,4.76,12,2003,2.400846153846153,272.0285714285714,95.21
2004-03-31,96.23,21.38,0.05,0.0,36.29,22.35,39.73,5.45,0.0,73.88,21.68,282.36,102.82,403.13,1849.88,2497.61,0.0,36.36,33.81,163.9,953.97,1117.86,402.5,1209.85,55.77,-883.33,797.22,17.38,27.250000000000004,1.81,0.92,0.05,0.0,0.0,3.44,0.0,7.080000000000001,0.0,3.8399999999999994,22.37,22.22,0.0,2.46,2.46,3,2004,0.0,427.59999999999997,21.38
2004-06-30,145.77999999999997,17.040000000000003,0.0399167100468506,0.0,54.29,19.299999999999997,45.910000000000004,4.44,0.0,126.49000000000001,21.410000000000004,235.52,62.38,349.0,590.67,1432.35,0.0,5.99,40.6,58.22,147.23,205.46,442.75,1226.9,4.989999999999995,-770.41,718.5799999999999,26.610000000000003,27.80602406103286,1.6,0.17,0.09,0.0,0.0,4.754523685580428,7.326933888599688,5.552857886517439,7.965601249349299,5.375450286309214,15.93,15.88,0.0,5.99,5.99,6,2004,0.0,426.8888888888889,38.42
2004-09-30,77.81,29.36,0.06930658011212747,0.0,38.7,31.809999999999995,50.760000000000005,4.02,0.0,45.99000000000001,32.47,141.91,46.68,233.08,592.74,1444.78,0.0,0.49,37.16,51.19,137.34,188.53,442.75,1256.25,68.73000000000002,-149.01,-13.329999999999927,18.949999999999996,14.503673365122616,1.42,0.15,0.16,0.0,0.0,8.126196518146946,10.01480082620242,9.356388315137208,10.95043965771614,9.131141929772793,21.32,21.19,0.0,4.55,4.55,9,2004,0.0,423.625,67.78
2004-12-31,116.97000000000003,74.72,0.13633122807017542,0.0,28.99000000000001,77.24,94.09,3.16,0.0,39.72999999999996,22.090000000000003,298.18,34.17,378.2,583.12,1728.59,0.0,1.07,34.89,60.01,130.06,190.07,593.54,1538.53,48.370000000000005,-90.09999999999991,198.01,16.85000000000001,5.792876739828694,1.22,0.12,0.26,0.0,0.0,17.2826049122807,18.855657543859646,19.42195649122807,21.917866666666665,18.939553684210523,37.13,32.62,0.0,6.3,6.3,12,2004,0.0,548.0769230769231,142.5
2005-03-31,63.6,18.37,0.03,0.0,26.98,20.74,38.84,2.7,0.0,42.85,21.25,281.27,38.83,369.71,639.8,1772.74,0.0,1.25,41.14,70.59,145.26,215.84,593.54,1556.9,33.66,-72.02,21.45,18.1,22.5,1.03,0.14,0.03,0.0,0.0,4.16,3.8799999999999994,4.72,5.32,4.88,29.23,28.88,0.0,5.24,5.24,3,2005,0.0,612.3333333333334,18.37
2005-06-30,64.4,-24.82,-0.03848062015503876,0.0,26.09,-22.38,-3.3400000000000034,1.93,0.0,86.78999999999999,20.15,54.54,38.02,96.25,625.04,1737.76,0.0,1.52,41.1,68.91,136.33,205.24,593.54,1532.52,82.88000000000001,-301.09000000000003,-8.52,19.04,-12.538779210314264,0.75,0.13,-0.01,0.0,0.0,-5.695131782945737,-1.5392248062015503,-6.464744186046512,-7.2343565891472865,-1.5392248062015503,-5.11,-5.04,0.0,1.4,1.4,6,2005,0.0,645.0,-6.45
2005-09-30,73.72,69.05,0.12133386581469648,0.0,25.690000000000005,72.95,92.3,1.88,0.0,0.7700000000000102,19.75,114.59,48.85,168.62,804.64,1799.94,0.24,1.06,41.25,73.2,125.15,198.35,593.99,1601.6,27.34999999999998,43.460000000000036,-10.76,19.35,3.873403330919624,0.7,0.12,0.11,0.0,0.0,15.354249201277954,19.41341853035144,17.2514696485623,19.325175718849838,18.222140575079873,32.68,31.03,0.0,2.3,2.3,9,2005,0.0,569.0909090909091,62.6
2005-12-31,87.02000000000001,18.729999999999997,0.03224148530677487,0.0,14.64,20.429999999999993,36.82000000000001,1.67,0.0,66.59,-16.299999999999997,205.98,37.64,246.77,784.1,1790.13,0.0,4.75,41.25,53.62,116.17,169.8,594.02,1620.33,4.360000000000014,105.91999999999999,-18.89,16.389999999999993,12.95070608649226,0.61,0.1,0.14,0.0,0.0,4.182181236935939,4.799375384237059,4.624350178285995,4.744104266568302,4.863858354850608,33.63,28.17,0.0,4.6,4.6,12,2005,0.0,580.9285714285713,81.33
2006-03-31,68.08,20.01,0.03,0.0,16.27,22.36,40.42,1.6,0.0,45.72,5.2,221.87,31.16,258.02,768.92,1799.69,0.0,3.83,41.25,54.84,104.51,159.35,594.02,1640.34,29.34,-0.11,-13.34,18.06,13.332499999999998,0.58,0.1,0.03,0.0,0.0,4.44,5.0,4.88,5.0,5.12,39.3,29.39,0.0,4.7,4.7,3,2006,0.0,667.0000000000001,20.01
2006-06-30,48.620000000000005,2.8699999999999974,0.005017482517482513,0.0,14.030000000000001,5.32,22.479999999999997,1.6,0.0,43.31,4.05,217.56,31.82,253.01,755.09,1792.55,0.0,5.12,41.25,53.8,95.55,149.35,594.02,1643.2,27.029999999999998,-20.6,-10.73,17.16,79.72125435540076,0.58,0.09,0.04,0.0,0.0,0.6422377622377617,0.7877447552447545,0.6974300699300693,0.7225174825174819,0.7977797202797198,23.28,19.61,0.0,4.7,4.7,6,2006,0.0,572.0,22.88
2006-09-30,161.95,-33.44,-0.06333333333333332,0.0,-10.66,-24.59,19.860000000000007,1.45,0.0,186.53,-29.39,234.24,135.64,378.26,3055.8,3651.65,0.0,225.81,292.8,599.6,1002.14,1601.74,594.02,1609.88,31.830000000000005,75.1,-90.25,44.45,-5.723684210526316,0.54,0.99,-0.02,0.0,0.0,-3.6733333333333325,1.393333333333333,-8.36,-8.36,1.2666666666666666,-4.13,-3.79,0.0,0.63,0.63,9,2006,0.0,528.0,-10.56
2006-12-31,169.53000000000003,-15.97,-0.024078401809272523,0.0,1.4600000000000009,-2.6999999999999997,33.86,1.11,0.0,172.23000000000002,-22.35,142.41,125.37,281.67,3023.21,3519.7,0.0,266.83,272.58,617.37,880.22,1497.59,594.13,2022.11,43.2,-13.399999999999999,-121.64000000000001,36.56,-11.524851283656856,0.33,0.74,-0.04,0.0,0.0,-1.805880135695439,0.024078401809272523,-3.1542706370147005,-3.515446664153788,0.024078401809272523,-6.55,-5.92,0.0,0.46,0.46,12,2006,0.0,663.25,-26.53
2007-03-31,165.67,1.76,0.01,0.0,3.52,27.83,73.56,0.99,0.0,137.84,-9.27,157.15,108.29,276.42,3000.68,3489.14,0.0,228.79,265.5,584.11,812.59,1396.7,660.21,1661.75,22.03,-20.78,13.49,45.73,24.75,0.39,0.84,0.01,0.0,0.0,0.2,4.2,0.44,0.44,3.84,1.37,1.06,0.0,0.47,0.47,3,2007,0.0,176.0,1.76
2007-06-30,131.60999999999999,-38.28,-0.06289156626506023,0.0,-20.69,-28.56,17.539999999999992,1.0,0.0,160.16,-45.620000000000005,119.3,70.21,198.53,2948.48,3359.76,0.0,237.53,264.86,575.02,742.46,1317.48,660.21,1623.47,51.25,1.0,-90.1,46.1,-3.975890804597702,0.41,0.81,-0.06,0.0,0.0,-4.57012048192771,-0.12578313253012047,-9.433734939759036,-9.391807228915663,-0.12578313253012047,-15.02,-12.28,0.0,0.35,0.35,6,2007,0.0,608.6666666666667,-36.52
2007-09-30,109.81,-39.85999999999999,-0.06262372348782402,0.0,-24.39,-36.49,8.89,1.1,0.0,146.31,-46.42999999999999,85.58,66.29,159.17,2921.89,3291.0,0.0,265.16,172.92,520.91,784.02,1304.93,660.21,1583.61,39.03,-18.939999999999998,-53.80999999999999,45.38000000000001,-4.3929039136979435,0.46,0.82,-0.12,0.0,0.0,-4.842901283058391,-2.233579471065724,-10.061544907043727,-9.978046609059962,-2.7971929824561403,-22.27,-18.76,0.0,0.31,0.31,9,2007,0.0,636.5,-76.38
2007-12-31,127.06,-59.81,-0.09222483295396139,0.0,-25.39,-74.89,-29.849999999999994,0.88,0.0,201.95,-34.849999999999994,69.82,86.11,168.56,2848.54,3224.22,0.0,336.01,198.0,623.38,708.35,1331.73,660.21,1523.8,87.27000000000001,-19.22,-83.81,45.03999999999999,-2.3852035612773785,0.38,0.87,-0.21,0.0,0.0,-7.413119906013657,-5.832122769660034,-15.704571554445996,-13.491175563550922,-7.571219619649019,-30.1,-25.5,0.0,0.27,0.27,12,2007,0.0,648.5238095238095,-136.19
2008-03-31,212.66,13.05,0.02,0.0,-24.76,39.23,84.34,0.81,0.0,173.43,-54.67,83.36,113.57,211.37,2792.2,3207.91,0.0,358.53,199.31,670.96,609.88,1280.84,660.21,1548.7,7.02,26.48,-19.96,45.11,10.124999999999998,0.35,0.83,0.02,0.0,0.0,1.64,4.68,3.3600000000000003,3.24,6.2,11.9,6.14,0.0,0.32,0.32,3,2008,0.0,652.5,13.05
2008-06-30,14.530000000000001,-229.06,-0.34993657701032366,0.0,-6.0,-243.23999999999998,-202.41,0.7,0.0,257.77,-9.799999999999997,38.03,52.98,100.15,2732.76,2897.96,0.0,332.2,213.48,646.09,582.83,1228.93,660.21,1319.64,51.099999999999994,-12.22,-84.22,40.83,-0.4998048546232428,0.35,0.93,-0.33,0.0,0.0,-31.60033331790195,-27.655593722512844,-69.43590018980603,-62.26750243044303,-38.4293986389519,-108.31,-95.08,0.0,0.16,0.16,6,2008,0.0,654.5757575757575,-216.01
2008-09-30,85.63,-35.83000000000001,-0.05406369123252861,0.0,-15.239999999999998,-34.58000000000001,-0.710000000000008,0.48,0.0,120.21999999999997,-31.64,16.81,76.48,98.84,2683.89,2847.02,0.0,350.5,221.4,678.89,545.99,1224.88,660.21,1283.81,9.440000000000005,16.03,-46.68000000000001,33.870000000000005,-2.2140552609545066,0.25,0.95,-0.38,0.0,0.0,-5.036459656925033,-4.421840851334181,-11.165574968233802,-9.998937420584502,-6.260006353240154,-89.31,-80.51,0.0,0.15,0.15,9,2008,0.0,662.7368421052631,-251.84
2008-12-31,41.5,-205.61999999999998,-0.3101425261225024,0.0,-45.83,-307.9599999999999,-270.14,0.3,0.0,349.45000000000005,-59.17999999999999,17.22,35.68,66.78,2373.12,2503.44,0.0,328.87,180.57,838.84,362.28,1201.11,660.21,1078.2,-8.730000000000004,51.54,-42.369999999999976,37.81999999999999,-0.23916423499659567,0.18,1.11,-0.69,0.0,0.0,-32.848138853670264,-34.304460280680274,-76.28607178769728,-63.2151374983605,-59.02596598609714,-142.17,-129.11,0.0,0.08,0.08,12,2008,0.0,662.9855072463769,-457.46
2009-03-31,21.04,-64.44,-0.1,0.0,-52.14,-81.96,-50.79,0.25,0.0,103.0,-63.36,17.52,14.48,46.74,2341.01,2450.55,0.0,350.57,68.29,968.17,273.1,1241.27,660.21,1013.76,6.25,1.16,-7.14,31.17,-0.625,0.16,1.22,-0.1,0.0,0.0,-10.52,-11.6,-25.44,-20.12,-22.12,-307.0,-306.27,0.0,0.05,0.05,3,2009,0.0,644.4,-64.44
2009-06-30,56.88,-24.08,-0.03536375960234975,0.0,-53.0,-19.55000000000001,10.96,0.38,0.0,76.43,-65.82000000000001,14.02,19.6,43.71,2287.13,2402.9,0.0,368.28,94.52,992.39,228.62,1221.01,660.21,989.68,-11.8,14.19,-5.86,30.509999999999998,-2.6835382059800663,0.25,1.23,-0.13,0.0,0.0,-4.004265702666064,-4.167483054676909,-9.727754179846361,-8.345847266154541,-7.83443289652056,-185.93,-113.6,-8.7,0.04,0.04,6,2009,0.0,680.9230769230769,-88.52
2009-09-30,47.25,-95.56000000000002,-0.14535419382877013,0.0,-41.14999999999999,-130.49,-99.77,0.42,0.0,177.74,-49.5,4.93,19.83,29.75,2187.04,2278.18,0.0,403.54,117.9,684.91,549.86,1234.78,660.21,894.11,5.25,0.0,-14.350000000000001,30.720000000000006,-0.7223733779824193,0.31,1.38,-0.28,0.0,0.0,-16.778026944806605,-18.79222077357671,-42.7548978704911,-35.092655367231636,-30.233672316384183,-233.04,-147.06,-8.3,0.04,0.04,9,2009,0.0,657.4285714285714,-184.08
2009-12-31,37.58,-107.33000000000001,-0.16205758210082016,0.0,-36.72,-139.66000000000003,-108.51000000000002,0.44,0.0,177.23999999999995,-45.76999999999998,7.58,23.56,35.78,1984.09,2080.64,0.0,403.46,115.76,666.69,517.73,1184.42,660.21,786.78,-8.35,69.13000000000001,-58.13999999999999,31.14999999999999,-0.6787710798472002,0.37,1.51,-0.44,0.0,0.0,-20.640242956659005,-23.896127106139115,-54.56920764558526,-46.03908582409664,-38.73176212209602,-264.49,-179.05,-10.62,0.05,0.05,12,2009,0.0,662.2954545454546,-291.41
2010-03-31,58.64,-16.6,-0.03,0.0,-38.67,-15.54,12.66,0.38,0.0,74.17,-46.44,6.65,23.64,39.95,1956.51,2046.62,0.0,410.14,24.72,838.63,410.27,1248.91,660.21,693.38,-0.47,9.98,-10.42,28.2,-3.1675,0.36,1.8,-0.03,0.0,0.0,-3.24,-2.76,-9.56,-7.76,-5.16,-63.07,-28.31,-25.48,0.05,0.05,3,2010,0.0,553.3333333333334,-16.6
2010-06-30,11.5,-42.53,-0.06473363774733638,0.0,-44.489999999999995,-54.300000000000004,-25.86,0.36,0.0,65.80999999999999,-51.900000000000006,2.81,11.9,22.63,1928.71,2000.88,0.0,424.76,256.81,1184.56,79.29,1263.85,660.21,650.86,0.42,0.5,-4.779999999999999,28.44,-1.3903127204326358,0.37,1.94,-0.09,0.0,0.0,-8.51606967698292,-9.120250295958058,-26.123619144258413,-20.743534584813123,-24.627552849653306,-151.23,-84.3,-9.96,0.02,0.02,6,2010,0.0,657.0,-59.13
2010-09-30,91.33999999999999,-0.3200000000000003,-0.0004844407064760306,0.0,-57.46000000000001,8.780000000000001,36.230000000000004,0.48,0.0,82.56,-63.69999999999999,33.98,9.66,47.72,1864.92,1961.56,0.0,441.62,265.7,859.05,363.35,1222.4,660.21,650.54,13.09,40.519999999999996,-22.430000000000003,27.450000000000003,-247.55351562499982,0.49,1.88,-0.09,0.0,0.0,-0.06523801513877213,-0.062008410428931925,-0.19679058031959648,-0.16578637510513053,-0.11928006728343156,-104.87,-36.82,-3.75,0.06,0.06,9,2010,0.0,660.5555555555557,-59.45
2010-12-31,31.450000000000017,-211.54000000000002,-0.3200538765268091,0.0,-20.579999999999984,-349.95,-323.03999999999996,0.41,0.0,381.4000000000001,-27.76000000000002,29.48,15.61,47.4,1511.42,1607.11,0.0,438.42,0.0,1142.08,81.78,1223.86,660.21,439.0,-7.119999999999999,-2.979999999999997,5.600000000000001,26.909999999999997,-0.32025857993760043,0.62,2.79,-0.41,0.0,0.0,-52.64495959260489,-69.60000885641537,-192.7504955902432,-138.0759260489317,-275.96450348721356,-343.9,-140.46,-22.62,0.04,0.04,12,2010,0.0,660.9512195121952,-270.99
2011-03-31,21.48,-33.36,-0.05,0.0,-27.64,-41.22,-21.66,0.34,0.0,62.7,-36.79,25.42,15.67,44.24,1492.5,1584.42,0.0,444.43,0.0,1165.16,87.42,1252.58,660.21,401.6,-5.02,-0.03,0.99,19.56,-1.7,0.56,3.12,-0.05,0.0,0.0,-8.44,-9.08,-33.24,-24.36,-39.32,-156.25,-155.31,-8.83,0.04,0.04,3,2011,0.0,667.1999999999999,-33.36
2011-06-30,20.360000000000003,-45.83,-0.06944816264679884,0.0,-38.42,-63.269999999999996,-43.44,0.37,0.0,83.61999999999999,-46.86000000000001,24.48,14.32,44.42,1476.8,1564.78,0.0,472.03,0.0,1212.91,88.53,1301.44,660.21,355.77,0.27999999999999936,-3.5100000000000002,2.29,19.830000000000002,-1.3304887628191142,0.69,3.66,-0.12,0.0,0.0,-11.713590099760069,-13.565541103674708,-51.530536683924744,-36.413986614471526,-68.75368102033084,-190.59,-189.27,-10.87,0.04,0.04,6,2011,0.0,659.9166666666666,-79.19
2011-09-30,22.019999999999996,-45.120000000000005,-0.06896307618051645,0.0,-37.81,-61.92999999999999,-40.900000000000006,0.32,0.0,83.96000000000001,-45.359999999999985,22.63,16.66,43.79,1466.13,1552.87,0.0,512.97,0.0,1267.85,89.1,1356.95,660.21,310.65,6.76,-9.75,1.1300000000000003,21.03,-1.1571409574468083,0.68,4.37,-0.19,0.0,0.0,-11.629352425388143,-13.749059609041913,-58.10320649987934,-37.559469069262335,-84.77376880379697,-196.04,-194.66,-11.52,0.03,0.03,9,2011,0.0,654.2631578947369,-124.31
2011-12-31,39.09,-102.63,-0.15375958403102144,0.0,-27.319999999999993,-102.00000000000003,-80.43,0.32,0.0,141.09,-34.76000000000002,30.31,19.52,54.8,1399.09,1496.21,0.0,543.79,0.0,1384.78,90.41,1475.19,660.21,208.02,15.98,-3.2600000000000016,-5.03,21.569999999999993,-0.5196424047549449,1.02,7.09,-0.34,0.0,0.0,-27.44156340883053,-31.294597691019653,-197.35494844452276,-126.89688023266064,-435.7546611439147,-224.16,-220.44,-15.88,0.04,0.04,12,2011,0.0,667.470588235294,-226.94
2012-03-31,14.86,143.07,0.22,0.0,-3.85,-7.26,-0.51,0.36,3.54,22.12,-7.27,30.3,6.23,40.29,363.92,445.89,0.0,1.61,0.0,3.76,91.05,94.8,660.21,351.09,0.76,-0.3,0.0,6.75,0.41,0.68,0.27,0.22,0.0,0.0,128.36,-2.88,163.0,152.08,-6.5600000000000005,1266.11,962.79,0.0,10.72,10.72,3,2012,0.0,650.3181818181818,143.07
2012-06-30,14.350000000000001,-8.340000000000003,-0.012999331997327996,0.0,-4.109999999999999,-8.34,-1.59,0.68,7.84,22.679999999999996,-7.68,29.9,5.55,38.94,357.8,437.81,0.0,1.14,0.0,2.77,92.29,95.06,660.21,342.75,0.6699999999999999,-1.07,0.0,6.75,-13.085287769784166,1.31,0.28,0.21,0.0,0.0,-7.618846582052998,0.38626586506346045,-9.733404586951687,-9.552651970607887,0.8889067022934762,611.85,461.25,0.0,14.06,14.06,6,2012,0.0,641.5714285714286,134.73
2012-09-30,19.14,-3.859999999999985,-0.005898983724306541,0.0,-0.3899999999999997,-3.8499999999999996,3.0100000000000002,0.76,11.49,23.0,-3.780000000000001,29.26,9.67,42.37,353.41,436.23,0.0,1.42,0.0,3.72,93.62,97.34,660.21,338.89,1.5600000000000003,-2.67,0.0,6.859999999999999,-32.20893782383432,1.48,0.29,0.2,0.0,0.0,-3.5393902345839248,0.23124016199281638,-4.556375028654372,-4.754580881791072,0.5309085351875887,348.34,270.67,0.0,11.39,11.39,9,2012,0.0,654.35,130.87
2012-12-31,24.869999999999997,-3.6300000000000097,-0.005420465262496086,0.0,4.3999999999999995,-3.629999999999999,3.2699999999999996,0.76,16.09,28.5,0.620000000000001,29.55,14.12,47.48,350.13,434.01,0.0,1.41,0.0,3.8,94.95,98.75,660.21,335.26,4.59,-4.3,0.0,6.900000000000002,-35.05234159779605,1.5,0.29,0.19,0.0,0.0,-3.345853505187057,0.27273498899717147,-4.330666457088978,-5.3451493241119294,0.6116567117258741,216.8,173.78,0.0,12.49,12.49,12,2012,0.0,669.6842105263157,127.24
2013-03-31,18.53,-7.92,-0.01,0.0,-0.82,-7.92,-1.15,2.02,7.64,26.45,-4.49,25.6,10.04,39.59,350.56,426.0,0.0,1.41,0.0,5.36,93.29,98.65,660.21,327.35,7.02,-10.97,0.0,6.77,-50.5,4.07,0.3,-0.01,0.0,0.0,-7.44,-7.28,-9.68,-9.32,-7.52,-55.31,-42.74,0.0,7.39,7.39,3,2013,0.0,792.0,-7.92
2013-06-30,6.579999999999998,-279.46999999999997,-0.4278743171300323,0.0,-6.58,-279.46999999999997,-272.52000000000004,0.99,13.86,286.05,-9.629999999999999,14.01,6.18,24.03,134.47,403.54,0.0,0.45,0.0,264.25,91.42,355.67,660.21,47.87,-2.1599999999999993,-9.42,0.0,6.950000000000001,-0.5784408881096361,13.65,7.43,-0.44,0.0,0.0,-277.0291715090991,-265.7488486029437,-2335.2602275653294,-572.3791433244024,-802.5366282751661,-1243.57,-1144.52,0.0,0.09,0.09,6,2013,0.0,653.1590909090909,-287.39
2013-09-30,11.509999999999998,-19.420000000000016,-0.02911639125191489,0.0,-2.0600000000000005,-19.420000000000016,-12.399999999999977,0.95,13.86,30.930000000000007,-6.49,12.42,7.0,23.22,337.84,395.77,0.0,0.53,0.0,276.97,90.35,367.32,660.21,28.45,-1.5900000000000003,-0.00999999999999801,0.0,7.019999999999998,-8.175807157569508,22.05,12.91,-0.46,0.0,0.0,-19.626979563899496,-18.672468302858462,-273.0408578599135,-42.29219125843359,-65.38781917147426,-892.67,-837.82,0.0,0.08,0.08,9,2013,0.0,666.9782608695652,-306.81
2013-12-31,10.690000000000005,71.17000000000002,0.10873026650823292,0.0,-3.1999999999999993,71.17000000000002,78.19,0.68,13.86,-60.48000000000002,-6.859999999999999,10.03,6.75,20.9,121.65,386.46,0.0,0.32,0.0,219.75,67.08,286.83,660.21,99.62,-2.42,0.029999999999997584,0.0,7.020000000000003,1.5644218069411264,4.51,2.88,-0.36,0.0,0.0,73.65871498896624,69.39407231369889,285.7673026650824,130.92332201663558,170.7669241215414,-526.1,-498.08,0.0,0.1,0.1,12,2013,0.0,654.5555555555555,-235.64
2014-03-31,6.45,-11.17,-0.02,0.0,-7.21,-11.15,-4.22,0.81,0.21,17.6,-11.14,8.17,2.54,16.1,326.78,376.62,0.0,0.3,0.36,220.85,67.31,288.17,660.21,88.45,-1.55,-1.93,1.62,6.93,-10.125,6.05,3.26,-0.02,0.0,0.0,-11.88,-11.12,-50.519999999999996,-21.48,-28.64,-178.72,-173.18,-557.5,0.07,0.07,3,2014,0.0,558.5,-11.17
2014-06-30,6.249999999999999,-11.56,-0.015257369115706115,0.0,-7.420000000000001,-11.53,-4.500000000000001,0.99,0.21,17.78,-11.75,6.03,2.32,11.94,320.34,365.46,0.0,0.34,0.36,211.56,77.01,288.57,660.21,76.89,-2.04,0.0,-0.1100000000000001,7.030000000000001,-16.22166955017301,8.5,3.75,-0.03,0.0,0.0,-12.653444786625604,-12.00246370435548,-60.13437747470304,-74.13047074351077,-29.985816102067755,-185.1,-178.98,-453.6,0.06,0.06,6,2014,0.0,757.6666666666667,-22.73
2014-09-30,4.210000000000001,-12.8,-0.018012946805516464,0.0,-9.449999999999998,-12.780000000000001,-5.67,0.94,0.21,16.979999999999997,-12.969999999999999,1.48,1.56,6.77,314.3,353.53,0.0,0.26,0.37,211.82,77.62,289.44,660.21,64.09,-3.95,-0.4800000000000002,-0.1200000000000001,7.109999999999999,-13.046171875,9.68,4.52,-0.05,0.0,0.0,-14.48240923163524,-13.632198142414863,-79.89102167182662,-110.65713481564876,-36.05471432592176,-217.98,-210.11,-506.57,0.03,0.03,9,2014,0.0,710.6,-35.53
2014-12-31,6.16,-11.439999999999998,-0.01704918032786885,0.0,-8.36,-11.39,-4.280000000000001,1.38,0.52,17.560000000000002,-11.829999999999998,1.35,1.65,6.37,307.79,346.05,0.0,0.35,0.37,215.36,78.04,293.4,660.21,52.65,-2.9899999999999993,-0.020000000000000018,2.8900000000000006,7.109999999999999,-20.23117788461539,17.3,5.57,-0.07,0.0,0.0,-13.220421545667445,-12.460515222482432,-86.911850117096,-60.10079625292739,-34.92646370023419,-216.35,-203.6,-468.5,0.03,0.03,12,2014,0.0,670.9999999999999,-46.97
2015-03-31,6.18,-41.17,-0.06,0.0,-6.67,-41.03,-34.5,1.3,0.06,47.21,-10.93,3.35,2.15,9.46,92.06,342.62,0.0,0.3,0.38,252.5,78.64,331.13,660.21,11.48,-3.88,-0.01,5.89,6.53,-5.4175,74.76,28.84,-0.06,0.0,0.0,-48.08,-45.64,-1434.48,-329.6000000000001,-182.12,-688.46,-666.18,-2051.5,0.04,0.04,3,2015,0.0,686.1666666666667,-41.17
2015-06-30,6.030000000000001,-11.829999999999998,-0.017856603773584903,0.0,-6.460000000000001,-11.649999999999999,-5.880000000000003,0.33,0.17,17.669999999999995,-11.79,420.48,1.32,425.64,86.85,753.02,0.0,0.29,0.39,259.42,75.95,335.37,6620.18,417.65,-3.76,0.01,420.88,5.7700000000000005,-4.625739644970414,5.23,0.8,-0.08,0.0,0.0,-6.285524528301886,-8.41046037735849,-11.33001509433962,-19.133350943396223,-9.526498113207547,-451.06,-434.07,-1317.0,1.64,1.64,6,2015,0.0,662.5,-53.0
2015-09-30,8.21,-9.560000000000002,-0.003056265984654732,0.0,-4.549999999999999,-9.54,-3.6899999999999977,0.33,0.24,17.760000000000005,-10.259999999999998,33.83,2.54,41.26,81.72,536.88,0.0,0.34,0.39,23.53,73.17,96.7,7015.84,440.18,-233.05,-172.83,19.230000000000018,5.849999999999998,-26.99372384937238,5.26,0.22,-0.02,0.0,0.0,-7.121099744245527,-8.545319693094632,-8.68590792838875,-15.16519181585678,-7.40838874680307,-324.82,-306.37,-168.16,1.75,1.75,9,2015,0.0,3128.0,-62.56
2015-12-31,63.55,37.910000000000004,0.015379310344827589,0.0,-4.18,37.93,43.11,0.19,0.58,25.620000000000005,-15.130000000000003,30.34,5.75,40.96,123.57,579.72,0.0,1.12,0.4,30.43,70.38,100.81,7015.84,478.91,-8.550000000000011,5.170000000000016,-0.11000000000001364,5.18,3.088565022421524,2.78,0.21,-0.01,0.0,0.0,26.1448275862069,32.296551724137935,31.681379310344838,57.026482758620695,27.190620689655173,-83.84,-29.36,-62.28,1.35,1.35,12,2015,0.0,2465.0,-24.65
2016-03-31,19.25,-14.79,0.0,,-5.98,-14.77,-8.03,0.11,0.06,34.02,-15.71,6.56,16.39,28.93,191.72,552.2,0.0,5.88,0.41,38.47,67.7,106.17,7015.84,446.03,-6.58,-17.08,-0.12,6.74,0.0,1.73,0.24,0.0,0.0,0.0,-10.72,-13.2,-13.28,-25.88,-11.52,-81.04,-76.83,-738.5,0.75,0.75,3,2016,,-inf,-14.79
2016-06-30,27.78,-9.73,0.0,,-0.21999999999999975,-9.719999999999999,-2.950000000000001,0.1,0.06,37.51,-10.3,7.06,18.17,31.85,186.39,541.04,0.0,3.83,0.42,26.04,78.7,104.74,7015.84,436.3,-17.0,17.619999999999997,-0.11000000000000001,6.77,0.0,1.61,0.24,0.0,0.0,0.0,-7.190358890701469,-5.999902120717781,-8.920489396411094,-9.110962479608485,-7.555432300163132,-53.95,-52.14,-816.33,1.22,1.22,6,2016,,-inf,-24.52
2016-09-30,24.340000000000003,-14.440000000000001,-0.0037063655030800825,,-4.819999999999999,-14.390000000000004,-7.289999999999999,0.08,0.06,38.72,-14.709999999999997,7.91,14.57,30.32,196.6,547.57,0.0,5.77,2.67,38.16,87.44,125.6,7015.84,421.97,-1.4800000000000004,2.56,-0.23999999999999996,7.1,-5.39612188365651,1.33,0.3,-0.01,0.0,0.0,-10.555728952772075,-10.629856262833677,-13.683901437371665,-13.402217659137577,-11.311827515400411,-56.09,-54.59,-486.0,0.79,0.79,9,2016,,3896.0,-38.96
2016-12-31,27.159999999999997,-14.61,-0.002727272727272727,0.0,-3.59,-14.25,-6.050000000000001,0.08,0.06,41.41,-14.770000000000003,7.08,17.68,33.09,203.03,542.34,0.0,7.32,5.17,39.99,94.96,134.95,7015.84,407.39,-8.41,8.97,-1.3900000000000001,8.2,-7.333333333333334,1.38,0.33,-0.01,0.0,0.0,-10.778181818181817,-10.330909090909092,-14.345454545454546,-13.18909090909091,-11.541818181818181,-55.74,-54.37,-129.59,0.83,0.83,12,2016,0.0,5357.0,-53.57
2017-03-31,28.12,-14.36,0.0,,-3.96,-14.0,-5.86,0.08,0.0,42.12,-14.57,11.11,21.61,33.15,196.46,526.93,0.0,12.39,5.31,42.38,91.67,134.05,7015.84,392.88,-5.54,11.08,-1.52,8.14,0.0,1.43,0.34,0.0,0.0,0.0,-10.92,-10.36,-14.640000000000002,-13.68,-11.56,-52.14,-51.07,-36.84,0.78,0.78,3,2017,,-inf,-14.36
2017-06-30,33.92999999999999,-13.920000000000002,0.0,,0.9699999999999998,-13.57,-5.319999999999999,0.06,0.0,47.50000000000001,-10.11,15.89,14.24,31.14,185.17,510.85,0.0,13.58,5.27,43.53,88.4,131.94,7015.84,378.91,1.56,4.84,-1.6099999999999999,8.25,0.0,1.11,0.35,0.0,0.0,0.0,-10.907609618104669,-10.316944837340879,-14.68786421499293,-13.664045261669026,-11.616407355021218,-46.33,-45.58,-38.83,0.72,0.72,6,2017,,-inf,-28.28
2017-09-30,32.480000000000004,-12.030000000000001,-0.002984371123790623,,-0.8199999999999998,-11.689999999999998,-3.33,1.0,0.0,44.16,-12.060000000000002,6.28,18.08,32.87,178.01,496.29,0.0,14.22,5.24,44.14,85.32,129.46,7015.84,366.83,-11.33,3.380000000000001,-1.67,8.36,-83.76974231088944,19.13,0.35,-0.01,0.0,0.0,-9.693237410071943,-8.976988340362192,-13.11929546018358,-12.200109154056067,-10.361736541801042,-43.28,-42.64,-36.35,0.74,0.74,9,2017,,4031.0,-40.31
