,revenue,net_profit,eps,dps,gross_profit,ebit,ebitda,close_price,allowance_doubtful_accounts,expense,operating_profit,cash,account_receivable,inventory,current_asset,property_plant_equipment,total_asset,short_term_loan,account_payable,current_portion_long_term_debt,current_liability,non_current_liability,total_liability,paid_in_capital,total_equity,cash_flow_operation,cash_flow_investment,cash_flow_financing,depreciation,P/E,P/BV,D/E,EPS,DPS,DPR%,ROA%,ROAA%,ROE%,ROAE%,ROCE%,NPM%,NPMA%,TIE,CurrentRatio,QuickRatio,month,year,dividend,number_of_shares,return_old
2000-03-31,120.29,5.67,0.47,0.0,44.94,11.04,15.18,10.0,0.0,109.25,8.14,4.9,105.8,177.87,333.74,242.78,708.47,86.33,41.87,9.58,159.5,85.15,244.65,120.0,463.82,16.33,0.58,-21.33,4.14,5.32,2.59,0.53,0.47,0.0,0.0,3.2000000000000006,0.0,4.88,0.0,8.04,4.89,4.71,0.0,2.09,0.98,3,2000,0.0,12.063829787234043,5.67
2000-06-30,107.02999999999999,-13.36,-1.1118855656697009,0.75,31.379999999999995,-14.04,-9.55,10.5,0.0,121.07,-12.43,6.28,105.62,157.06,299.88,238.56,674.28,96.3,31.12,5.15,147.54,85.73,233.28,120.0,441.0,-8.119999999999997,12.37,-2.8800000000000026,4.490000000000001,-2.3613940868263477,2.86,0.53,-0.64,0.75,-1.17,-7.9221846553966175,0.0,-12.091755526657996,0.0,-3.9610923276983088,-3.46,-3.38,0.0,2.03,0.97,6,2000,9.01171875,12.015625,-7.69
2000-09-30,144.04000000000002,9.81,0.8329245283018868,-0.015145931603773534,57.03,11.75,15.48,10.25,0.0,132.29000000000002,7.140000000000001,5.81,126.46,154.08,295.6,236.47,691.42,91.39,41.3,4.99,151.62,88.37,239.99,120.0,451.43,5.299999999999999,-3.369999999999999,-2.4299999999999997,3.7299999999999986,3.076269113149847,2.72,0.53,0.18,0.75,4.17,5.737924528301887,0.0,8.69943396226415,0.0,29.98528301886793,0.59,0.57,0.0,1.95,0.93,9,2000,-0.17838541666666607,11.777777777777779,2.12
2000-12-31,134.31,7.9799999999999995,0.6636831683168316,0.015346534653465254,61.95000000000002,12.510000000000002,16.82,10.0,0.0,121.80000000000001,5.700000000000001,6.37,133.47,165.48,311.83,232.91,704.04,95.76,36.9,10.58,166.46,74.22,240.68,120.0,463.36,-1.8699999999999992,6.8199999999999985,-4.399999999999999,4.310000000000002,3.7653508771929824,2.59,0.52,0.84,0.75,0.89,4.519366336633663,0.0,6.8896633663366345,0.0,12.483564356435643,2.07,2.0,0.0,1.87,0.88,12,2000,0.18452380952380842,12.023809523809524,10.1
2001-03-31,107.3,5.13,0.43,0.0,48.54,9.3,12.84,9.0,0.0,98.0,4.1,5.51,142.32,186.23,339.44,229.98,727.73,106.39,50.48,9.75,189.45,70.68,260.13,120.0,467.59,-6.62,-0.44,6.38,3.54,5.2325,2.31,0.56,0.43,0.0,0.0,2.8,5.200000000000001,4.4,4.4,6.919999999999999,5.02,4.78,0.0,1.79,0.81,3,2001,0.0,11.930232558139535,5.13
2001-06-30,79.8,-7.04,-0.589738219895288,0.5,35.1,-6.720000000000001,-3.1899999999999995,10.5,0.0,86.50999999999999,-10.86,6.68,112.37,179.07,304.26,226.87,697.3,112.15,33.43,10.4,174.01,59.24,233.25,120.0,464.04,11.719999999999999,1.08,-11.629999999999999,3.5300000000000002,-4.4514666193181816,2.72,0.5,-0.16,0.5,-3.13,-3.980732984293194,5.602513089005236,-6.0448167539267015,-6.1922513089005236,7.224293193717277,-1.07,-1.02,0.0,1.75,0.72,6,2001,5.96875,11.9375,-1.91
2001-09-30,110.38000000000002,0.26,0.10400000000000002,-1.8875000000000004,33.84,1.88,5.42,13.75,0.0,108.50999999999999,-8.58,9.31,99.0,171.08,290.97,225.09,654.84,48.63,50.12,10.73,132.02,58.91,190.92,120.0,463.91,42.03,23.54,-62.95,3.539999999999999,33.04759615384615,3.56,0.41,-0.66,0.5,-0.76,0.1575757575757576,-0.41600000000000004,0.22690909090909092,0.22690909090909092,-0.5357575757575758,-0.6,-0.55,0.0,2.2,0.91,9,2001,-4.71875,2.4999999999999996,-1.65
2001-12-31,109.08999999999997,-3.4600000000000004,-0.2911545988258317,0.39481409001956946,46.95,-0.6600000000000001,3.4299999999999997,13.5,0.0,109.75,-3.3099999999999987,3.9,102.09,79.87,195.1,219.77,644.61,62.65,46.05,2.14,126.03,56.26,182.29,120.0,462.31,-8.170000000000002,3.8900000000000006,2.5400000000000063,4.09,-11.593497109826588,3.5,0.39,-0.43,0.5,-1.16,-2.1396477495107633,1.5167123287671236,-3.0063405088062627,-2.9792563600782787,1.9771428571428573,-1.35,-1.26,0.0,1.55,0.91,12,2001,4.69186046511628,11.88372093023256,-5.11
2002-03-31,94.19,5.0,0.42,0.0,44.17,8.79,12.22,11.9,0.0,85.4,5.71,2.98,112.15,86.59,208.9,218.16,660.82,103.89,47.85,1.66,180.32,11.43,191.75,120.0,469.06,2.49,-5.26,1.85,3.43,7.082499999999999,3.04,0.41,0.42,0.0,0.0,3.04,5.08,4.28,4.28,7.32,5.49,5.31,0.0,1.16,0.68,3,2002,0.0,11.904761904761905,5.0
2002-06-30,92.64000000000001,-2.06,-0.17517006802721088,0.5,36.44,-2.709999999999999,0.8699999999999992,13.0,0.0,95.35,-7.5600000000000005,4.46,106.13,82.2,198.94,220.65,651.81,76.64,70.53,1.17,183.95,10.72,194.66,120.0,457.14,31.989999999999995,-5.140000000000001,-25.380000000000003,3.5799999999999996,-18.553398058252426,3.41,0.43,0.25,0.5,2.0,-1.2612244897959184,-2.522448979591837,-1.7937414965986396,-1.7937414965986396,-3.6435374149659867,1.64,1.57,0.0,1.08,0.63,6,2002,5.88,11.76,2.94
2002-09-30,102.4,0.16999999999999993,0.014212218649517681,0.008424437299035312,30.92,1.2599999999999998,5.0,16.2,0.0,101.13999999999999,-17.619999999999997,3.11,107.83,101.92,216.71,217.21,655.61,85.82,83.4,0.51,193.54,10.22,203.77,120.0,451.84,-6.599999999999998,11.23,-5.969999999999999,3.74,284.97661764705896,4.3,0.45,0.26,0.5,1.92,0.10276527331189705,0.2448874598070739,0.1508681672025723,0.14868167202572344,0.34765273311897094,1.19,1.08,0.0,1.12,0.59,9,2002,0.10076923076923006,11.96153846153846,3.11
2002-12-31,86.50999999999999,2.5900000000000003,0.21810526315789477,-0.0036437246963562063,55.849999999999994,5.43,1.2399999999999984,16.2,0.0,81.08000000000004,8.259999999999998,3.17,18.36,129.91,157.43,153.88,584.8,97.74,59.78,2.02,184.65,5.52,190.17,120.0,394.62,-18.83,-0.38999999999999996,19.27,-4.19,18.56901544401544,4.93,0.48,0.48,0.5,1.04,1.7630175438596494,3.780491228070176,2.617263157894737,2.4173333333333336,5.797964912280702,1.62,1.52,0.0,0.85,0.15,12,2002,-0.04326923076922995,11.875,5.7
2003-03-31,103.27,9.12,0.76,0.0,51.21,11.27,14.79,24.0,0.0,92.0,7.11,6.73,27.44,131.2,168.67,152.65,591.38,100.09,56.42,1.32,184.44,5.23,189.67,120.0,401.7,-2.11,-0.37,6.04,3.52,7.8950000000000005,7.17,0.47,0.76,0.0,0.0,6.16,7.2,9.08,8.36,11.08,9.24,8.83,0.0,0.91,0.2,3,2003,0.0,11.999999999999998,9.12
2003-06-30,103.08,-0.9099999999999984,-0.07537149817295967,0.0,40.49999999999999,-0.33999999999999986,3.120000000000001,18.0,0.0,103.41999999999999,-10.21,2.51,19.64,117.05,142.97,151.39,557.25,44.82,64.76,2.02,147.36,3.84,151.2,120.0,406.04,37.19,8.68,-50.1,3.4600000000000004,-59.70293956043967,5.32,0.37,0.68,0.0,0.0,-0.6517417783191218,-0.8024847746650411,-0.8955907429963442,-0.8423873325213138,-1.1837758830694254,4.27,3.98,0.0,0.97,0.18,6,2003,0.0,12.073529411764707,8.21
2003-09-30,104.76000000000002,-7.920000000000001,-0.5462068965517243,0.0,40.040000000000006,-7.1,-3.67,23.0,0.0,111.85999999999999,-11.64,0.91,23.94,109.69,140.7,150.57,554.32,70.55,36.68,0.0,152.59,0.08,152.68,120.0,401.63,-36.559999999999995,1.25,33.72,3.4299999999999997,-10.527146464646464,6.87,0.38,0.02,0.0,0.0,-5.4620689655172425,-68.82206896551725,-7.64689655172414,-7.64689655172414,-103.7793103448276,0.1,0.09,0.0,0.92,0.2,9,2003,0.0,14.499999999999998,0.29
2003-12-31,129.57999999999998,9.850000000000001,0.8159763313609467,0.0,58.69,11.24,14.819999999999999,22.0,0.0,118.34000000000003,-7.860000000000001,1.44,36.05,115.91,161.82,151.69,568.83,68.61,32.46,0.0,156.42,0.08,156.5,120.0,412.32,-17.29,9.56,8.26,3.58,6.740269035532995,6.4,0.38,0.84,0.0,0.0,6.916370808678502,10.141420118343197,9.558579881656806,9.752859960552268,14.182445759368836,2.52,2.3,0.0,1.03,0.29,12,2003,0.0,12.071428571428573,10.14
2004-03-31,98.48,3.14,0.26,0.0,47.34,4.21,8.22,17.3,0.0,94.26,-0.2,12.41,43.27,112.89,176.67,150.88,561.44,44.73,43.66,0.0,149.64,0.08,149.72,120.0,411.71,21.33,13.12,-23.48,4.01,16.635,5.04,0.36,0.26,0.0,0.0,2.24,2.92,3.04,3.08,4.08,3.34,3.19,0.0,1.18,0.43,3,2004,0.0,12.076923076923077,3.14
2004-06-30,109.39,7.399999999999999,0.6178368121442125,0.75,51.849999999999994,8.350000000000001,11.65,16.5,0.0,101.05,2.71,7.38,28.72,99.5,144.91,149.86,516.79,30.29,10.7,0.0,105.98,0.08,106.07,120.0,410.71,4.220000000000002,9.910000000000002,-19.169999999999998,3.3,6.67652027027027,4.82,0.26,0.88,0.75,0.85,5.729032258064516,6.571537001897532,7.217457305502845,7.2455407969639465,8.593548387096773,5.33,5.07,0.0,1.37,0.43,6,2004,8.982954545454545,11.977272727272727,10.54
2004-09-30,93.25,-1.4899999999999984,-0.12348066298342526,0.005556253139126166,43.00999999999999,-0.7200000000000006,3.1899999999999977,20.5,0.0,93.96999999999997,-7.13,5.21,24.87,105.12,151.4,151.7,524.53,26.13,23.29,0.22,115.3,0.45,115.75,120.0,408.77,13.02,-3.0,-12.18,3.910000000000001,-41.499412751677895,6.02,0.28,0.75,0.75,1.0,-1.1393149171270707,-1.4422541436464071,-1.4554254143646392,-1.4685966850828713,-1.9032486187845283,3.18,3.01,0.0,1.31,0.4,9,2004,0.06704545454545574,12.066666666666668,9.05
2004-12-31,141.26,4.869999999999999,0.40583333333333327,-0.004166666666666726,59.110000000000014,5.710000000000001,1.8300000000000018,17.0,0.0,135.55,9.07,3.62,41.35,104.12,162.09,151.75,534.32,30.02,6.01,0.22,120.46,0.39,120.85,120.0,413.46,-24.12,-2.240000000000002,24.77,-3.880000000000001,10.475728952772076,4.93,0.29,1.16,0.75,0.65,3.6524999999999994,4.450172413793103,4.716063218390804,4.716063218390804,5.933563218390804,3.3,3.15,0.0,1.35,0.48,12,2004,-0.05000000000000071,12.0,13.92
2005-03-31,109.97,6.7,0.56,0.0,54.54,7.6,9.76,16.2,0.0,102.36,5.46,4.7,43.34,113.66,179.78,154.62,554.4,7.35,35.73,0.43,134.0,0.74,134.74,120.0,419.66,18.54,-5.32,-12.15,2.16,7.232500000000001,4.63,0.32,0.56,0.0,0.0,4.84,5.44,6.4,6.44,7.24,6.39,6.09,0.0,1.34,0.49,3,2005,0.0,11.964285714285714,6.7
2005-06-30,98.94999999999999,2.0599999999999996,0.17166666666666663,1.0,46.61000000000001,3.1500000000000004,9.160000000000002,18.6,0.0,95.80999999999999,-1.88,10.2,37.26,114.03,182.22,155.28,554.46,1.05,35.92,0.73,143.48,1.49,144.97,120.0,409.48,10.170000000000002,-1.6999999999999993,-2.9499999999999993,6.01,27.08796116504855,5.45,0.35,0.73,1.0,1.37,1.4862100456621004,1.8906849315068488,2.01296803652968,2.01296803652968,2.4644748858447483,4.45,4.19,0.0,1.27,0.48,6,2005,12.0,12.0,8.76
2005-09-30,105.53999999999999,1.4600000000000009,0.12142857142857148,0.001956947162426755,49.18000000000001,2.41,6.77,15.0,0.0,103.13000000000002,-1.4300000000000002,7.91,29.21,102.08,156.25,159.19,542.15,2.63,30.6,0.73,129.98,1.29,131.27,120.0,410.87,18.67,-16.35,-4.619999999999999,4.359999999999999,30.887499999999985,4.38,0.32,0.85,1.0,1.18,1.0800000000000005,1.4114285714285724,1.4228571428571437,1.4228571428571437,1.8228571428571436,3.45,3.25,0.0,1.2,0.42,9,2005,0.023529411764707575,12.023529411764708,10.22
2005-12-31,129.70000000000005,3.92,0.3271287128712871,-0.0033779848573093235,57.22,4.940000000000001,9.499999999999996,14.4,0.0,124.75999999999999,1.7000000000000002,2.27,63.72,106.31,191.65,161.1,577.15,6.54,58.28,0.73,161.64,1.1,162.74,120.0,414.4,-3.280000000000001,-4.59,2.2300000000000004,4.5600000000000005,11.001785714285715,4.17,0.39,1.18,1.0,0.85,2.716831683168317,3.6150495049504943,3.781386138613861,3.7924752475247523,4.834851485148515,3.36,3.18,0.0,1.19,0.53,12,2005,-0.04047856430707952,11.983050847457628,14.14
2006-03-31,105.62,-7.88,-0.66,0.0,49.61,-6.63,-2.24,14.1,0.0,112.25,-8.56,3.89,75.84,108.29,221.15,161.47,605.15,37.46,63.02,0.73,197.54,0.92,198.46,120.0,406.68,-20.88,-2.88,25.38,4.39,-5.34,4.16,0.49,-0.66,0.0,0.0,-5.2,-4.56,-7.76,-7.64,-6.52,-7.81,-7.46,0.0,1.12,0.57,3,2006,0.0,11.93939393939394,-7.88
2006-06-30,109.34,-4.13,-0.34388009991673607,0.7000000000000001,48.959999999999994,-2.4300000000000006,2.3800000000000003,13.6,0.0,111.78,-11.959999999999999,6.49,52.17,104.74,196.38,160.53,574.44,8.56,48.71,0.71,180.76,0.76,181.52,120.0,392.92,18.22,-1.96,-13.659999999999998,4.81,-9.887167070217917,4.15,0.46,-1.0,0.7,-0.7,-2.874837635303913,-2.2145878434637805,-4.2090924229808495,-4.112805995004163,-3.1636969192339714,-5.9,-5.59,0.0,1.09,0.51,6,2006,8.407,12.01,-12.01
2006-09-30,125.73999999999998,-1.17,-0.09764795144157816,-0.0016464339908953405,52.54000000000002,0.23000000000000043,5.17,14.1,0.44,125.51000000000002,-6.969999999999999,3.16,48.64,117.78,204.23,158.74,577.82,7.27,63.09,0.71,185.46,0.58,186.04,120.0,391.78,1.34,-1.21,-3.460000000000001,4.940000000000001,-36.104188034188034,4.32,0.47,-1.1,0.7,-0.64,-0.8095902883156297,-0.5610318664643399,-1.193080424886191,-1.1646737481031866,-0.798937784522003,-4.1,-3.87,0.0,1.1,0.47,9,2006,-0.01972727272727326,11.98181818181818,-13.18
2006-12-31,115.84000000000003,-7.02,-0.5838415841584158,0.002444644464446437,48.97999999999999,-5.35,-0.3799999999999999,14.3,0.0,121.18,-11.66,4.84,42.56,117.48,180.2,158.94,553.08,20.75,39.36,0.6,168.06,0.63,168.68,120.0,384.39,-8.34,-3.2299999999999995,13.24,4.969999999999999,-6.121866096866097,4.46,0.44,-1.68,0.7,-0.42,-5.0738613861386135,-3.489148514851485,-7.311920792079207,-7.033900990099009,-5.115564356435644,-4.68,-4.42,0.0,1.07,0.37,12,2006,0.029393939393939306,12.023809523809524,-20.2
2007-03-31,106.72,1.01,0.08,0.0,56.91,2.77,7.67,14.5,0.0,103.96,-0.1,4.39,46.16,142.38,219.87,158.38,589.69,21.91,40.91,0.49,204.34,0.55,204.89,120.0,384.79,-17.62,-2.44,19.61,4.9,45.3125,4.52,0.53,0.08,0.0,0.0,0.68,1.84,1.04,1.04,2.88,0.97,0.95,0.0,1.08,0.38,3,2007,0.0,12.625,1.01
2007-06-30,117.99000000000001,3.51,0.29508849557522127,0.0,60.69,5.290000000000001,10.33,16.5,0.0,112.69000000000001,1.02,7.61,34.58,126.08,192.07,156.17,562.19,3.8,18.28,0.4,172.72,0.48,173.2,120.0,388.99,5.260000000000002,-0.8999999999999999,-1.1400000000000006,5.039999999999999,13.978518518518518,5.09,0.45,0.38,0.0,0.0,2.4849557522123895,4.410796460176991,3.6031858407079644,3.6031858407079644,6.429823008849557,2.08,2.01,0.0,1.11,0.38,6,2007,0.0,11.894736842105262,4.52
2007-09-30,106.20000000000002,-0.4899999999999993,-0.041339950372208376,0.0,56.150000000000006,0.8599999999999994,5.579999999999998,17.0,0.0,105.34,-3.21,4.53,36.04,132.84,189.06,87.57,555.97,13.15,28.34,0.35,167.74,0.4,168.14,120.0,387.82,18.82,-2.67,-19.23,4.720000000000001,-102.80612244897974,5.26,0.43,0.34,0.0,0.0,-0.350173697270471,-0.7635732009925548,-0.5058064516129025,-0.5009429280397015,-1.1186104218362267,1.26,1.22,0.0,1.13,0.34,9,2007,0.0,11.852941176470589,4.03
2007-12-31,130.26,3.8599999999999994,0.32288973384030417,0.0,65.55000000000001,5.25,10.010000000000005,10.5,0.0,125.00999999999999,2.49,3.66,52.28,125.22,196.37,34.16,562.43,18.01,34.03,0.3,170.73,0.27,171.0,120.0,391.42,-1.0199999999999996,-2.4800000000000004,2.63,4.760000000000002,8.130174870466321,3.22,0.44,0.66,0.0,0.0,2.7396704689480353,4.970544993662863,3.9529531051964506,3.972522179974651,7.084005069708492,1.76,1.71,0.0,1.15,0.42,12,2007,0.0,11.954545454545453,7.89
2008-03-31,130.14,3.36,0.28,0.0,63.33,4.66,9.39,14.0,0.0,125.48,1.52,4.02,52.81,129.51,211.38,32.22,571.08,11.06,45.48,0.3,177.0,0.2,177.2,120.0,393.87,9.3,0.67,-9.62,4.73,12.5,4.27,0.45,0.28,0.0,0.0,2.36,3.2,3.4,3.4399999999999995,4.72,2.66,2.58,0.0,1.19,0.46,3,2008,0.0,11.999999999999998,3.36
2008-06-30,133.51,0.54,0.04430769230769231,0.11,61.78,1.7299999999999995,5.85,13.2,0.0,131.77999999999997,-3.13,9.92,51.55,115.84,207.32,30.44,563.32,6.4,40.03,0.27,169.42,2.18,171.59,120.0,391.72,6.17,4.71,-4.98,4.119999999999999,74.47916666666666,4.04,0.44,0.32,0.11,0.34,0.3821538461538461,0.6313846153846153,0.553846153846154,0.553846153846154,0.8972307692307694,1.54,1.48,0.0,1.22,0.54,6,2008,1.340625,12.1875,3.9
2008-09-30,111.15000000000003,-2.24,-0.18891566265060245,-0.003064759036144595,56.66000000000001,-1.0899999999999999,3.5299999999999994,12.0,0.0,112.23000000000002,-3.6899999999999995,13.01,38.18,125.97,208.29,28.98,560.87,6.83,46.79,0.27,169.57,2.23,171.8,120.0,389.06,9.159999999999998,-0.41000000000000014,-5.660000000000002,4.620000000000001,-15.879308035714283,3.7,0.44,0.14,0.11,0.79,-1.6192771084337352,-5.127710843373494,-2.320963855421687,-2.320963855421687,-7.286746987951809,0.46,0.44,0.0,1.23,0.49,9,2008,-0.03633928571428591,11.857142857142856,1.66
2008-12-31,134.33999999999997,1.5200000000000002,0.12427672955974844,0.003360287511230928,62.72,3.0699999999999994,6.98,14.0,0.0,131.27999999999997,-3.910000000000001,1.91,51.47,102.53,169.83,29.98,523.84,11.15,12.02,0.26,131.58,2.29,133.87,120.0,389.96,-6.640000000000001,-4.77,0.3200000000000003,3.9099999999999984,28.16496710526316,4.31,0.34,0.26,0.11,0.42,1.1662893081761008,2.944402515723271,1.567798742138365,1.5486792452830191,4.07245283018868,0.65,0.62,0.0,1.29,0.51,12,2008,0.04109890109890135,12.230769230769232,3.18
2009-03-31,123.65,1.12,0.09,0.0,63.36,2.18,6.41,13.0,0.0,121.47,-1.28,7.75,56.43,110.4,196.17,29.28,546.39,3.72,38.32,0.19,153.27,2.12,155.39,120.0,390.99,14.81,-1.49,-7.48,4.23,36.11,3.99,0.4,0.09,0.0,0.0,0.8,1.56,1.16,1.16,2.2,0.93,0.91,0.0,1.28,0.56,3,2009,0.0,12.444444444444446,1.12
2009-06-30,138.42,4.3999999999999995,0.3666666666666667,0.11,68.22000000000001,5.32,9.96,12.0,0.0,133.11,0.4,9.18,60.82,97.07,183.91,27.91,532.64,10.5,36.06,0.22,136.17,2.22,138.39,120.0,394.24,17.239999999999995,0.78,-16.59,4.639999999999999,8.182772727272727,3.65,0.35,0.46,0.11,0.24,3.3159420289855075,4.368115942028986,4.463768115942028,4.463768115942028,6.0260869565217385,2.18,2.11,0.0,1.35,0.64,6,2009,1.3199999999999998,11.999999999999998,5.52
2009-09-30,122.31,-2.9199999999999995,-0.24707692307692303,-0.001692307692307675,59.369999999999976,-2.13,2.5199999999999996,13.5,0.0,124.42999999999998,-5.96,4.53,43.94,113.78,181.08,27.46,530.39,8.25,39.62,0.44,135.93,2.65,138.58,120.0,391.8,-3.009999999999998,-1.38,-0.259999999999998,4.65,-13.658904109589043,4.13,0.35,0.22,0.11,0.5,-2.2012307692307687,-4.402461538461537,-2.964923076923076,-3.0098461538461536,-6.1095384615384605,0.7,0.68,0.0,1.33,0.5,9,2009,-0.019999999999999796,11.818181818181818,2.6
2009-12-31,141.15999999999997,4.3100000000000005,0.3617655571635311,0.000882778581765564,73.22000000000003,5.989999999999999,10.329999999999998,13.0,0.0,135.16999999999996,0.8099999999999996,2.73,55.64,113.59,196.58,28.92,546.59,21.74,37.81,0.56,147.74,2.8,150.54,120.0,396.04,-13.6,-1.1100000000000003,12.909999999999998,4.34,8.98219837587007,3.94,0.38,0.58,0.11,0.19,3.1436179450072363,5.289261939218525,4.341186685962374,4.391085383502171,7.110564399421129,1.36,1.31,0.0,1.33,0.56,12,2009,0.010517241379310427,11.913793103448278,6.91
2010-03-31,141.09,2.65,0.22,0.0,73.99,3.61,8.89,12.0,0.0,137.48,0.34,6.32,58.25,134.09,224.68,28.38,575.2,9.71,53.02,0.56,174.01,2.53,176.54,120.0,398.64,2.43,-2.69,3.86,5.28,13.637499999999998,3.61,0.44,0.22,0.0,0.0,1.84,2.56,2.64,2.6799999999999997,3.6,1.92,1.88,0.0,1.29,0.52,3,2010,0.0,12.045454545454545,2.65
2010-06-30,143.15,1.4200000000000004,0.11862407862407866,0.35,69.95,2.44,6.729999999999999,13.0,0.0,140.71,1.5499999999999998,7.57,52.9,131.42,221.36,25.96,571.12,2.89,39.43,0.56,172.99,2.35,175.34,120.0,395.78,1.8699999999999997,-0.69,0.06000000000000005,4.29,27.40084507042253,3.94,0.44,0.34,0.35,1.03,0.9908599508599509,1.5351351351351357,1.4374447174447178,1.4374447174447178,2.1212776412776417,1.47,1.43,0.0,1.28,0.52,6,2010,4.189705882352941,11.970588235294118,4.07
2010-09-30,147.3,4.959999999999999,0.4119601328903654,0.0020177838577291178,72.53,9.879999999999999,13.090000000000002,15.2,0.0,137.42000000000002,4.7,2.98,69.95,151.3,267.08,26.82,620.39,18.04,56.92,0.56,217.6,2.21,219.8,120.0,400.58,-18.85,-7.180000000000001,21.439999999999998,3.209999999999999,9.225710685483872,4.55,0.55,0.75,0.35,0.47,3.2077962347729785,6.086024363233665,4.943521594684385,5.0094352159468425,8.678626799557032,2.15,2.09,0.0,1.23,0.53,9,2010,0.024294117647058577,12.04,9.03
2010-12-31,192.94,9.040000000000001,0.7554178195904815,-0.002138350857775236,87.23999999999998,8.8,12.339999999999996,14.5,0.0,184.14,4.3100000000000005,2.8,91.26,127.68,251.59,26.78,606.36,43.97,42.46,0.56,193.62,0.95,194.56,120.0,411.79,-0.33999999999999986,-3.76,3.9200000000000017,3.540000000000001,4.797345132743363,4.23,0.47,1.51,0.35,0.23,5.9632982844493645,8.584748201438849,8.78485888212507,8.944947426674046,11.986629773104594,2.97,2.89,0.0,1.3,0.64,12,2010,-0.02558940397350895,11.966887417218544,18.07
2011-03-31,161.13,2.27,0.19,0.0,78.3,3.68,7.19,15.8,0.0,157.45,1.45,5.44,79.78,147.96,268.67,28.2,616.1,8.39,56.42,0.56,200.14,12.61,212.75,120.0,403.35,19.14,-5.65,-10.86,3.51,20.79,4.7,0.53,0.19,0.0,0.0,1.48,2.48,2.24,2.28,3.52,1.45,1.41,0.0,1.34,0.6,3,2011,0.0,11.947368421052632,2.27
2011-06-30,154.45999999999998,-0.95,-0.07916666666666666,0.75,73.46,0.8599999999999999,5.069999999999999,13.0,0.0,153.60000000000002,-1.13,1.79,76.29,148.24,255.48,34.46,623.22,16.05,47.74,1.01,221.75,14.84,236.6,120.0,386.62,-9.82,-18.229999999999997,24.41,4.21,-41.05200000000001,4.03,0.61,0.11,0.75,6.82,-0.6045454545454545,-2.1878787878787875,-0.9787878787878788,-0.9787878787878788,-3.2530303030303025,0.43,0.42,0.0,1.15,0.48,6,2011,9.0,12.0,1.32
2011-09-30,200.36000000000007,8.34,0.6906832298136646,0.004658385093167584,94.10000000000002,13.7,18.520000000000003,15.5,0.0,186.64999999999998,12.69,2.27,93.77,176.27,303.24,46.25,694.58,39.06,68.91,1.01,285.36,14.95,300.31,120.0,394.26,-11.85,-19.27,31.599999999999998,4.819999999999999,5.611834532374101,4.72,0.76,0.8,0.75,0.94,4.800248447204968,9.565962732919255,8.460869565217392,8.391801242236026,15.402236024844719,1.92,1.87,0.0,1.06,0.44,9,2011,0.05624999999999858,12.075,9.66
2011-12-31,188.7199999999999,4.02,0.33499999999999996,-0.004687499999999882,82.37,7.180000000000003,12.79,14.7,0.0,181.55,-0.22000000000000064,1.51,114.51,159.07,296.24,52.86,695.17,95.52,43.47,0.98,281.76,15.07,296.82,120.0,398.34,-29.54,0.740000000000002,28.04,5.609999999999999,10.966119402985077,4.43,0.75,1.14,0.75,0.66,2.3156140350877195,4.595964912280701,4.031754385964912,3.9729824561403504,7.228947368421052,2.01,1.94,0.0,1.05,0.49,12,2011,-0.05624999999999858,12.0,13.68
2012-03-31,192.57,-7.7,-0.64,0.0,98.63,-4.77,1.31,15.0,0.0,197.34,-6.37,2.65,95.24,179.35,296.95,54.26,704.88,114.44,57.47,0.98,299.15,15.14,314.29,120.0,390.59,19.93,-11.62,-7.16,6.08,-5.860000000000001,4.61,0.8,-0.64,0.0,0.0,-4.36,-2.88,-7.879999999999999,-7.76,-4.72,-4.1,-4.0,0.0,0.99,0.39,3,2012,0.0,12.03125,-7.7
2012-06-30,213.86,0.4400000000000004,0.0363636363636364,0.5,102.93,3.3699999999999997,9.93,14.0,0.0,210.48,-4.930000000000001,6.27,109.28,171.75,308.69,60.47,723.01,104.0,46.85,0.98,311.38,15.26,326.64,120.0,384.87,-16.22,3.6099999999999994,16.22,6.5600000000000005,96.2362499999999,4.37,0.85,-0.6,0.5,-0.83,0.24242424242424265,0.05090909090909095,0.45818181818181863,0.4557575757575762,0.0824242424242425,-1.86,-1.79,0.0,0.99,0.44,6,2012,6.05,12.1,-7.26
2012-09-30,215.95999999999998,7.71,0.3426666666666667,0.23111111111111113,106.66000000000003,11.02,18.46,19.6,0.0,204.94,7.500000000000001,3.18,103.76,193.21,324.46,60.86,735.2,50.54,67.39,0.98,316.34,15.35,331.68,120.0,392.19,17.47,-8.1,-12.46,7.439999999999998,14.299610894941635,6.0,0.85,0.02,0.5,25.0,4.112,92.52,7.538666666666666,7.538666666666666,157.62666666666667,0.08,0.07,0.0,1.03,0.41,9,2012,5.2,22.5,0.45
2012-12-31,234.76999999999998,1.8699999999999999,0.1289655172413793,-0.27586206896551735,121.91999999999996,7.209999999999999,16.16,19.0,0.0,227.57000000000005,12.100000000000001,3.08,100.22,177.24,300.55,64.06,721.99,54.72,55.93,0.89,296.09,15.52,311.61,120.0,399.32,17.520000000000003,-19.89,2.28,8.950000000000003,36.83155080213904,5.71,0.78,0.16,0.5,3.13,1.0317241379310347,7.67344827586207,1.8699999999999999,1.8699999999999999,12.735344827586207,0.28,0.27,0.0,1.02,0.42,12,2012,-4.000000000000001,14.499999999999998,2.32
2013-03-31,253.51,-2.0,-0.18,0.0,128.01,0.22,9.04,20.4,0.0,253.29,-0.85,5.39,114.69,204.36,347.71,68.48,797.5,80.41,60.44,1.02,360.34,16.42,376.76,120.0,409.87,-19.08,-17.95,39.34,8.82,-28.3325,5.97,0.92,-0.18,0.0,0.0,-1.0,0.12,-1.96,-2.0,0.2,-0.8,-0.79,0.0,0.96,0.4,3,2013,0.0,11.11111111111111,-2.0
2013-06-30,224.49,-4.05,-0.36148760330578517,0.5,115.27000000000001,-0.82,9.560000000000002,17.0,0.0,225.31000000000003,-0.36,5.74,106.91,197.24,332.05,76.74,788.17,73.43,54.79,0.91,345.06,11.87,356.93,120.0,405.6,8.519999999999998,-17.279999999999998,9.119999999999997,10.379999999999999,-11.756419753086421,5.03,0.88,-0.54,0.5,-0.93,-2.061818181818182,-0.21421487603305786,-3.9897520661157024,-4.096859504132231,-0.3748760330578513,-1.29,-1.27,0.0,0.96,0.39,6,2013,5.601851851851851,11.203703703703702,-6.05
2013-09-30,214.38,-9.02,-0.7541605839416058,0.03163017031630176,111.35999999999999,-6.12,3.84,16.3,0.0,220.51,-6.989999999999999,5.34,92.64,245.1,369.2,72.99,821.58,97.28,73.2,1.04,387.9,12.64,400.54,120.0,395.82,-8.94,-6.32,14.850000000000001,9.96,-5.404817073170732,4.94,1.01,-1.26,0.5,-0.4,-4.381313868613138,-2.058978102189781,-9.121751824817517,-9.145693430656934,-3.710948905109489,-2.22,-2.18,0.0,0.95,0.32,9,2013,0.37830687830687904,11.96031746031746,-15.07
2013-12-31,314.01,15.01,-0.0,,137.86,19.0,29.580000000000002,16.0,0.0,295.01,10.19,17.78,176.88,232.17,441.43,75.21,905.53,142.82,148.75,1.04,435.43,12.76,448.19,120.0,416.41,-4.079999999999998,-18.540000000000006,35.06,10.580000000000002,-0.0,4.61,1.08,0.0,0.5,0.0,10.006666666666668,-1511.0066666666667,10.006666666666668,10.006666666666668,-2611.74,-0.01,-0.01,0.0,1.01,0.48,12,2013,-inf,-inf,-0.06
2014-03-31,218.22,-14.64,-1.22,0.0,108.01,-13.24,-2.02,12.3,0.0,231.47,-18.06,2.85,116.33,271.93,424.56,67.85,889.12,153.75,96.05,0.9,434.07,12.85,446.92,120.0,401.81,-10.27,-9.78,5.11,11.22,-2.52,3.67,1.11,-1.22,0.0,0.0,-6.6,-6.28,-14.56,-14.44,-11.64,-6.86,-6.71,-4.01,0.98,0.35,3,2014,0.0,12.0,-14.64
2014-06-30,284.98,4.66,0.38755511022044087,0.0,130.18,13.790000000000001,24.8,16.3,0.0,271.16999999999996,6.359999999999999,2.53,139.35,226.46,418.36,65.19,890.62,156.54,53.3,0.91,411.89,13.05,424.94,120.0,409.76,-12.82,-14.680000000000001,27.18,11.01,10.51540772532189,4.77,1.04,-0.83,0.0,0.0,2.09186372745491,-0.13074148296593188,4.557274549098197,4.575951903807615,-0.2054509018036072,-2.03,-1.98,0.07,1.02,0.47,6,2014,0.0,12.024096385542169,-9.98
2014-09-30,277.74000000000007,5.79,0.4836515513126491,0.0,118.56,5.82,17.479999999999997,23.5,0.0,271.93000000000006,-8.670000000000002,2.95,114.2,279.92,451.36,73.99,948.8,122.81,113.03,1.04,463.05,13.71,476.76,120.0,415.83,43.989999999999995,-23.22,-20.35,11.66,12.146658031088085,6.78,1.15,-0.35,0.0,0.0,2.4320763723150356,-3.9797613365155127,5.58272076372315,5.69326968973747,-7.240954653937948,-0.56,-0.54,0.61,0.97,0.37,9,2014,0.0,11.971428571428573,-4.19
2014-12-31,290.8799999999999,-0.9699999999999998,-0.08083333333333331,0.0,130.39999999999998,8.21,21.15,29.0,0.0,282.66999999999996,-5.77,2.81,116.5,261.33,431.58,77.05,928.78,149.02,95.48,1.27,414.24,15.73,429.97,120.0,428.33,11.880000000000003,-22.419999999999995,10.410000000000002,12.939999999999998,-89.68824742268045,8.12,1.0,-0.43,0.0,0.0,-0.4210852713178294,1.1955813953488368,-0.9023255813953486,-0.917364341085271,2.1279844961240304,-0.5,-0.48,1.06,1.04,0.41,12,2014,0.0,12.0,-5.16
2015-03-31,228.14,-12.06,-1.01,0.0,115.97,-13.84,-2.98,24.5,0.0,241.97,-18.68,3.18,93.89,314.23,461.38,76.72,978.12,149.95,119.87,1.28,479.26,15.87,495.14,120.0,413.8,12.0,-14.14,2.51,10.86,-6.0649999999999995,7.1,1.2,-1.01,0.0,0.0,-4.92,-5.92,-11.64,-11.84,-11.08,-5.4,-5.29,-3.73,0.96,0.31,3,2015,0.0,11.94059405940594,-12.06
2015-06-30,232.94,4.540000000000001,0.3803457446808512,0.5,110.11000000000001,2.92,24.400000000000002,22.1,0.0,230.03,-19.6,6.66,72.8,294.85,420.69,60.49,826.84,160.46,111.44,1.3,378.78,16.01,394.79,120.0,432.04,-29.14,21.78,10.85,21.480000000000004,14.52651982378854,6.14,0.91,-0.63,0.5,-0.79,2.1975531914893622,3.0669148936170223,4.2019148936170225,4.322659574468086,5.892340425531916,-1.73,-1.63,-1.58,1.11,0.33,6,2015,5.9682539682539675,11.936507936507935,-7.52
2015-09-30,244.42000000000002,-0.35000000000000053,-0.029351969504447312,-0.0005143099171052935,114.98999999999998,2.6099999999999994,8.5,25.5,0.0,241.82000000000005,-4.689999999999998,2.98,74.04,306.92,439.59,57.34,850.3,154.09,87.98,1.17,402.8,16.28,419.08,120.0,431.22,25.04,-7.75,-20.98,5.8899999999999935,-217.2119999999997,7.1,0.97,-0.66,0.5,-0.76,-0.1654383735705212,-0.16365946632782744,-0.3255400254129611,-0.3308767471410424,-0.3308767471410424,-1.17,-1.12,-0.85,1.09,0.33,9,2015,-0.006132756132755546,11.924242424242424,-7.87
2015-12-31,296.35,0.020000000000000462,0.001656050955414051,0.006321173518625752,126.44999999999999,9.9,14.600000000000001,25.0,0.0,286.43999999999994,-2.1400000000000006,5.53,101.82,295.96,448.47,54.54,835.0,174.03,81.46,1.05,387.84,16.55,404.4,120.0,430.6,20.53,-26.87,8.89,4.700000000000003,3773.887499999913,6.97,0.94,-0.65,0.5,-0.77,0.009579617834395126,-0.0018343949044586413,0.018547770700637373,0.018649681528662854,-0.0036687898089172825,-0.83,-0.78,0.13,1.16,0.39,12,2015,0.07634032634032639,12.076923076923077,-7.85
2016-03-31,220.95,-12.35,-1.03,0.0,105.61,-12.52,-2.44,27.0,0.0,233.47,-19.23,4.42,64.2,308.65,426.29,53.12,827.82,161.27,100.74,0.89,392.71,16.84,409.56,120.0,418.26,30.71,-10.42,-21.4,10.08,-6.552500000000001,7.75,0.98,-1.03,0.0,0.0,-5.96,-5.56,-11.8,-11.88,-11.52,-5.79,-5.59,-4.8,1.09,0.3,3,2016,0.0,11.990291262135921,-12.35
2016-06-30,267.73,13.37,1.0486274509803921,0.0,115.33999999999999,15.299999999999999,23.860000000000003,17.2,0.0,252.42999999999998,-0.46000000000000085,3.71,81.56,280.76,409.53,56.76,793.0,152.5,68.48,0.7,343.91,17.71,361.62,120.0,431.38,-1.0700000000000003,9.56,-9.200000000000003,8.56,4.100598354525056,4.78,0.84,0.08,0.0,0.0,6.816078431372548,17.826666666666668,12.583529411764705,12.583529411764705,32.50745098039215,0.22,0.21,0.5,1.19,0.37,6,2016,0.0,12.75,1.02
2016-09-30,217.04000000000002,-0.96,-0.16,0.0,101.75,3.2000000000000006,5.029999999999998,22.0,0.0,213.84000000000003,-4.449999999999999,4.65,62.4,308.92,415.36,59.31,808.19,147.32,83.98,0.61,359.69,18.21,377.9,120.0,430.29,18.85,-3.5100000000000002,-14.399999999999999,1.8299999999999983,-34.375,6.14,0.88,0.01,0.0,0.0,-0.64,-46.08,-0.64,-0.64,-85.12,0.01,0.01,0.73,1.15,0.3,9,2016,0.0,6.0,0.06
2016-12-31,235.40999999999997,22.630000000000003,1.885002203613927,0.0,110.37,33.2,39.47,20.0,0.0,202.21000000000004,14.270000000000001,2.8,56.36,344.43,454.34,58.61,805.86,163.85,81.12,0.52,340.99,8.52,349.51,120.0,456.35,-13.260000000000005,12.14,-0.7199999999999989,6.27,2.6520128148475473,5.26,0.77,1.89,0.0,0.0,11.250171881886294,19.069440282062583,19.827430586161306,20.42584398413398,33.63083296606435,2.55,2.41,3.66,1.33,0.32,12,2016,0.0,12.005291005291006,22.69
2017-03-31,182.73,6.52,0.54,0.0,82.28,10.57,16.56,17.3,0.0,172.16,-3.49,3.12,52.97,363.6,442.75,58.37,803.37,154.23,50.05,0.45,331.92,8.62,340.54,120.0,462.83,-22.38,9.64,13.07,5.99,8.01,4.49,0.74,0.54,0.0,0.0,3.24,5.2,5.64,5.92,8.96,3.87,3.57,4.21,1.33,0.24,3,2017,0.0,12.074074074074073,6.52
2017-06-30,188.65,0.29000000000000004,0.024273127753303966,0.75,84.47,2.9000000000000004,8.870000000000001,26.0,0.0,185.75000000000003,-1.3499999999999996,4.98,51.68,339.6,412.25,57.86,763.74,135.51,39.73,0.43,301.15,8.6,309.76,120.0,453.98,19.509999999999998,-2.8000000000000007,-14.86,5.970000000000001,267.7621551724137,6.87,0.68,0.57,0.75,1.32,0.15160058737151252,0.2946842878120412,0.25550660792951546,0.26232011747430256,0.49568281938326003,1.93,1.83,2.6,1.37,0.24,6,2017,8.960526315789474,11.947368421052632,6.81
2017-09-30,200.0,-2.9899999999999998,-0.2504712041884817,-0.000620005511160154,77.22,-1.540000000000001,4.09,21.6,0.0,201.54000000000002,-14.18,1.68,53.13,330.33,413.12,56.55,761.83,123.16,46.09,0.46,302.23,8.72,310.95,120.0,450.88,28.11,-16.689999999999998,-14.71,5.629999999999999,-21.559364548494983,5.75,0.69,0.32,0.75,2.34,-1.5654450261780104,-4.758952879581152,-2.661256544502618,-2.723874345549738,-8.140314136125655,0.71,0.67,1.56,1.37,0.27,9,2017,-0.007401315789474339,11.9375,3.82
