,revenue,net_profit,eps,dps,gross_profit,ebit,ebitda,close_price,allowance_doubtful_accounts,expense,operating_profit,cash,account_receivable,inventory,current_asset,property_plant_equipment,total_asset,short_term_loan,account_payable,current_portion_long_term_debt,current_liability,non_current_liability,total_liability,paid_in_capital,total_equity,cash_flow_operation,cash_flow_investment,cash_flow_financing,depreciation,P/E,P/BV,D/E,EPS,DPS,DPR%,ROA%,ROAA%,ROE%,ROAE%,ROCE%,NPM%,NPMA%,TIE,CurrentRatio,QuickRatio,month,year,dividend,number_of_shares,return_old
1999-06-30,,,,,,,,14.36,0.0,,,400.48,1159.64,3475.71,6774.68,2735.77,65357.68,11039.34,1936.02,8079.12,30242.63,27061.86,57304.49,3677.47,3412.86,,,,,,24.18,16.79,-1.53,0.0,0.0,,,,,,-1066.12,-343.39,0.0,0.22,0.11,6,1999,,367.35947712418294,-562.06
1999-09-30,67.0,-2138.01,-5.812069094504958,0.0,4.5,-1422.35,-1366.25,7.63,0.0,1489.3500000000001,-85.00999999999999,2287.11,1139.69,3485.4,8643.96,2692.64,71989.12,11106.71,1677.17,8747.41,33020.38,31129.32,64149.7,3677.47,1267.8,465.44000000000005,-3141.3,4562.66,56.099999999999994,-0.3283512238015725,34.58,50.6,-7.34,0.0,0.0,-11.877525397489695,0.0,-674.5484223742349,0.0,-11.43409778265008,-1787.18,-1170.48,0.0,0.26,0.16,9,1999,0.0,367.85694822888286,-2700.07
1999-12-31,1038.24,1000.9700000000003,2.7217240892237076,0.0,18.209999999999997,1703.51,1762.11,7.72,0.0,-665.2600000000001,-432.3,1696.17,1102.04,3478.91,7896.97,2650.33,75014.54,7631.31,4401.57,8334.27,30560.46,36402.65,66963.12,3677.47,1606.8,962.04,-6121.42,4559.34,58.599999999999994,0.7086868237809323,27.62,41.67,-4.62,0.0,0.0,5.349189335530577,-0.0,249.17325125066216,-0.0,-1.5788356188570425,-480.68,-133.9,0.0,0.26,0.14,12,1999,0.0,367.7705627705627,-1699.1
2000-03-31,1555.03,-3099.14,-8.43,0.0,122.76,-914.96,-614.66,4.43,0.0,2469.98,-732.21,1123.46,1051.35,3468.62,7268.32,2614.94,72906.43,7387.59,1109.87,8135.16,27439.66,37033.44,64473.1,3677.47,2530.11,-1763.69,-11952.52,14696.46,300.3,-0.1325,10.05,25.48,-8.43,0.0,0.0,-17.0,0.0,-489.9599999999999,0.0,-8.04,-353.98,-199.3,0.0,0.26,0.14,3,2000,0.0,367.63226571767495,-3099.14
2000-06-30,-1127.59,1189.2599999999998,3.2317524661235253,0.0,-176.26,-420.31999999999994,-624.6899999999999,1.7,0.0,-707.26,538.01,933.06,1065.78,0.0,7084.56,2565.74,72685.87,7476.83,1174.36,8305.87,29097.24,37769.7,66866.94,3677.47,620.12,1675.26,11870.300000000001,-14716.22,-204.37,0.13249003582059438,15.71,107.83,-5.19,0.0,0.0,6.550681299348648,4.8071539573166895,767.1271229606047,235.89924937692413,7.621705238025424,-481.42,-446.82,0.0,0.24,0.24,6,2000,0.0,367.9922928709056,-1909.88
2000-09-30,850.6799999999998,-3561.1800000000003,-9.679065226848179,0.0,-424.16,-3657.04,-3538.5400000000004,2.26,0.0,4507.719999999999,-624.72,996.43,767.81,2781.54,6240.63,2699.15,67902.23,2685.3,1718.62,8750.56,25620.8,40007.82,65628.62,3677.47,-3829.63,403.25,-295.79999999999995,-42.0,118.5,-0.057611451822148836,-3.39,-17.14,-14.87,0.0,0.0,-20.985411090355438,-18.590053993193276,371.9572988049848,1112.0705688477187,-30.74909491030989,-498.22,-428.06,0.0,0.24,0.14,9,2000,0.0,367.9260255548084,-5471.06
2000-12-31,1037.9100000000003,-1445.5599999999995,-3.931253068695402,0.0,-282.23999999999995,-1569.87,-1441.5599999999995,2.35,0.0,2607.7699999999995,-465.44999999999993,1170.65,870.72,1909.81,5672.94,2279.47,66505.79,1355.7,2005.95,8894.54,25858.48,40857.58,66716.06,3677.47,-5275.2,162.72000000000003,23.49000000000001,-11.990000000000002,128.31,-0.1555038531780072,-2.56,-12.65,-18.81,0.0,0.0,-8.694318323111574,-7.749647197619644,109.61529024292209,315.24427850597533,-13.492913243752003,-354.77,-298.64,0.0,0.22,0.15,12,2000,0.0,367.7097288676236,-6916.62
2001-03-31,2561.06,-8871.2,-24.12,0.0,-1231.8,-8615.68,-7926.12,1.98,0.0,11176.74,-2119.85,591.12,478.68,0.0,4509.02,2245.18,65005.08,674.69,1823.55,10059.91,27645.99,40880.28,68526.27,3677.47,-7229.74,-147.11,-282.88,-102.56,689.56,-0.02,-1.57,-9.48,-24.12,0.0,0.0,-54.6,-49.96,490.8,1510.12,-92.24,-416.48,-346.39,0.0,0.16,0.16,3,2001,0.0,367.7943615257048,-8871.2
2001-06-30,-2031.83,8033.56,21.86681247313882,0.0,1192.54,8094.75,7559.26,1.51,0.0,-10126.58,1917.3799999999999,684.1,451.82,0.0,4582.33,2212.39,64937.78,679.3,2119.51,10057.22,28999.12,41082.86,70081.98,3677.47,-8067.39,261.82,275.85,87.76,-535.49,0.01720415357574973,-1.07,-8.69,-2.28,0.0,0.0,49.488049281314176,29.155749964185095,-398.206163984528,-863.1636502554798,55.62610190535314,-178.91,-158.28,0.0,0.16,0.16,6,2001,0.0,367.3859649122807,-837.64
2001-09-30,1067.8899999999999,-74.65999999999997,-0.20295604516058305,0.0,-27.449999999999996,631.4699999999999,805.45,0.94,0.0,436.41999999999985,-235.57000000000002,555.96,460.53,1868.04,3945.51,2173.01,64195.37,1177.65,2185.37,10039.72,29282.96,40575.57,69858.54,3677.47,-8152.97,-79.85,-38.199999999999996,-7.719999999999999,173.98000000000002,-1.1608424859362447,-0.66,-8.57,-2.48,0.0,0.0,-0.46483481310972247,0.05564923818919214,3.6630292666885875,4.9855170448317425,0.10475150717965578,-93.28,-57.12,0.0,0.13,0.07,9,2001,0.0,367.86290322580646,-912.3
2001-12-31,746.81,-488.31999999999994,-1.328339735260099,0.0,5.269999999999996,9.919999999999987,187.03000000000003,0.94,0.0,736.9000000000001,-188.92000000000002,568.03,458.73,1899.11,4015.73,2130.7,64096.17,1180.08,2409.68,9095.0,30203.43,40449.74,70653.17,3677.47,-8641.2,44.3,-29.15,-3.0599999999999987,177.11,-0.17926513351900394,-0.63,-8.18,-3.81,0.0,0.0,-3.0541354542988106,0.25102483186017616,22.60618069140809,28.072943696363037,0.5020496637203523,-91.88,-59.76,0.0,0.13,0.07,12,2001,0.0,367.61679790026244,-1400.62
2002-03-31,3496.26,-6508.23,-17.7,0.0,617.83,-4220.11,-3429.99,0.94,0.0,7716.37,-5825.34,869.8,215.97,1796.86,3244.32,1108.5,59464.93,2101.62,2439.56,14539.14,36217.1,34517.48,70734.58,3677.47,-13696.38,380.96,-95.17,-7.45,790.12,-0.0125,-0.4,-5.16,-17.7,0.0,0.0,-43.76,-27.119999999999997,190.08,248.8,-72.6,-358.15,-186.15,0.0,0.09,0.04,3,2002,0.0,367.6966101694915,-6508.23
2002-09-30,-2145.54,5666.469999999999,15.415577242919595,0.0,-240.48000000000002,4436.53,4021.04,0.94,0.0,-6582.07,5898.99,856.74,216.84,1776.93,3193.67,1051.62,59059.81,2245.73,2435.04,15775.95,42227.25,29444.46,71671.71,3677.47,-14538.21,-388.2,84.31,12.49,-415.49,0.01522648138964823,-0.37,-4.93,-2.29,0.0,0.0,38.50528464170309,-9.424370366850406,-155.90601264018244,-199.79665177722865,-34.73553649496293,-69.89,-62.32,0.0,0.08,0.03,9,2002,0.0,367.5807860262009,-841.76
2003-03-31,3246.33,-4088.3,-11.12,0.0,745.81,-1839.48,-1068.36,0.94,8.49,5085.8,53.13,887.33,239.72,1739.5,3238.93,1421.33,56190.72,2242.61,2552.51,17061.26,44517.64,27841.14,72358.79,3677.47,-17784.73,120.23,-106.08,3.32,771.12,-0.02,-0.3,-4.07,-11.12,0.0,0.0,-29.12,-12.72,91.96,103.88,-63.04,-162.99,-125.94,0.0,0.07,0.03,3,2003,0.0,367.65287769784175,-4088.3
2003-09-30,996.8100000000004,4770.110000000001,12.94305378331207,0.0,-439.99999999999994,4824.46,4445.37,0.94,0.0,-3827.65,-32.45,1014.75,219.22,1756.03,3351.84,1002.19,55911.32,2234.39,2659.57,17836.94,45524.27,25052.25,70576.52,3677.47,-17101.7,35.86,77.31,-3.2199999999999998,-379.09000000000003,0.01822406087071367,-0.32,-4.13,1.85,0.0,0.0,34.14167700679076,145.24205218462626,-111.66007480089765,-120.61526876989191,804.2883583403002,53.97,16.07,0.0,0.07,0.04,9,2003,0.0,368.5459459459459,681.81
2004-03-31,7531.17,-5820.03,-15.830000000000002,0.0,633.63,-2258.33,-1434.75,0.94,0.0,9789.5,-6.83,1148.3,261.3,2236.77,3995.53,1471.5,56770.74,1740.12,2934.62,22762.12,47865.66,30278.48,78144.15,3677.47,-23604.14,307.12,-44.98,1.51,823.58,-0.015,-0.23,-3.31,-15.83,0.0,0.0,-41.0,-16.0,98.64,112.47999999999999,-101.44,-216.25,-77.28,0.0,0.08,0.04,3,2004,0.0,367.65824384080855,-5820.03
2004-09-30,-5996.39,3704.12,10.06597161504979,0.0,-381.07,169.86000000000013,-186.5,0.94,0.0,-6166.24,-83.15,1235.96,213.03,2229.47,4037.52,1419.72,56389.33,1747.2,3317.34,25372.25,52059.64,29289.88,81349.52,3677.47,-25720.34,-199.64,24.229999999999997,-0.5700000000000001,-356.36,0.022849259743204862,-0.21,-3.16,-5.75,0.0,0.0,26.25905638708641,26.04898393598972,-57.62987575085898,-69.183860561177,337.79650136347954,-146.57,-137.86,0.0,0.08,0.03,9,2004,0.0,367.98434782608695,-2115.91
2005-03-31,3541.66,-2601.01,-7.07,0.0,106.88,-804.16,177.79,0.94,0.0,4345.82,-675.92,1306.18,299.1,2223.36,4289.02,1366.75,56300.4,2259.47,4176.33,21527.56,54232.93,26739.81,80972.74,3677.47,-25597.76,411.8,-261.36,7.43,981.95,-0.0325,-0.21,-3.16,-7.07,0.0,0.0,-18.48,-5.68,40.64,42.28000000000001,-155.6,-85.18,-73.44,0.0,0.08,0.04,3,2005,0.0,367.8939179632249,-2601.01
2005-09-30,-640.8799999999997,1204.1600000000003,2.258581236353224,0.0,-80.32,-373.2400000000001,-1311.29,0.94,0.0,-267.6399999999999,552.88,83.97,18.44,1315.15,4758.4,878.48,7157.27,0.0,12.96,36409.33,36606.93,28.86,36635.79,533.33,-29478.52,-357.31,204.82000000000002,-3.3,-938.0500000000001,0.10440182367791652,-0.03,-1.24,-2.62,0.0,0.0,67.3091690589541,12.792879979954902,-16.3445420768157,-17.447971077782157,-13.792862512080758,-2162.98,-48.15,0.0,0.13,0.09,9,2005,0.0,533.1488549618321,-1396.85
2005-12-31,82.51999999999998,-186.11000000000013,-0.3491855132157479,0.0,11.55,-184.8599999999999,-165.26999999999998,0.94,3383.52,267.3899999999999,-32.7,82.81,20.98,1313.47,4602.18,866.72,6978.45,0.0,13.47,36409.32,36614.19,28.88,36643.07,533.33,-29664.62,29.57999999999999,-30.729999999999997,-0.009999999999999787,19.590000000000003,-0.6804405996453706,-0.03,-1.24,-2.97,0.0,0.0,-10.666030221862846,0.0,2.51131399403649,0.0,2.1633041896194483,-1644.46,-53.06,0.0,0.13,0.09,12,2005,0.0,532.983164983165,-1582.96
2006-03-31,4407.66,-449.81,-0.8399999999999999,0.0,51.09,-228.43,-147.07,0.94,3414.91,4636.09,-209.75,99.17,14.49,1313.47,4638.9,854.64,6926.84,0.0,12.99,35164.64,35432.1,26.04,35458.15,533.33,-28531.31,5.45,-119.06,130.89,81.36,-0.28,-0.03,-1.24,-0.84,0.0,0.0,-25.96,-2.88,6.32,6.64,3.2,-351.22,-10.21,0.0,0.13,0.09,3,2006,0.0,535.4880952380953,-449.81
2006-09-30,-1536.2399999999998,3105.41,5.823520786262993,0.0,-10.030000000000001,2885.1699999999996,2843.03,0.94,50.2,-4421.41,150.65,26.17,23.33,1367.51,3660.63,833.23,5732.52,0.0,5.7,31336.9,31579.54,28.75,31608.29,533.33,-25875.77,-141.29,215.51999999999998,-164.51,-42.14,0.0406197571335186,-0.03,-1.22,4.98,0.0,0.0,216.70981367675853,192.80765205603254,-47.991424310890196,-44.857481397800875,-48.084974845609274,2912.8,92.48,0.0,0.12,0.07,9,2006,0.0,533.2530120481927,2655.6
2006-12-31,560.6700000000001,24233.49,11.878326793506215,0.0,60.209999999999994,-207.02999999999975,-85.32000000000016,1.27,75.31,767.7,-35.24999999999999,142.94,24.62,1312.55,3098.06,722.49,5768.81,0.0,4.51,4037.14,4267.04,771.75,5038.79,5333.33,730.02,113.26,-26.879999999999995,30.379999999999995,121.71000000000001,0.02773959714428256,14.51,6.9,13.18,0.0,0.0,1680.3055847408746,138.5744709992045,13278.275026280176,-670.0169401642079,588.0402629914214,4345.57,783.46,0.0,0.73,0.42,12,2006,0.0,2040.1433990895296,26889.09
2007-03-31,3519.46,26214.86,9.22,0.0,102.38,1774.25,1951.12,1.0,115.57,1745.21,-197.97,117.3,13.84,1248.19,3089.28,2270.7,6944.97,0.0,8.35,4020.98,4233.46,767.8,5001.27,5333.33,1943.7,-56.78,-23.56,97.75,176.87,0.027499999999999997,4.28,2.57,9.22,0.0,0.0,1509.88,102.32,5394.84,-788.8,261.72,4085.22,744.85,0.0,0.73,0.43,3,2007,0.0,2843.2603036876353,26214.86
2007-06-30,-2080.16,-25147.100000000002,-4.474740578407133,0.0,-144.91,-706.49,-872.56,1.14,18.84,-1373.67,98.45,214.51,14.0,1119.56,1944.28,2266.52,6394.17,0.0,4.68,1787.72,2001.54,767.37,2768.91,5813.33,3625.26,50.53,-484.41,513.57,-166.07,-0.06369084307932127,2.86,0.76,0.19,0.0,0.0,-1573.2245823031394,-0.0,-2774.3391586124226,-0.0,-2290.1251254963663,424.96,74.19,0.0,0.97,0.41,6,2007,0.0,5619.789473684211,1067.76
2007-09-30,521.0800000000002,70.87000000000012,0.012448293124193129,0.0,19.6,58.87000000000012,67.04999999999995,0.95,36.72,462.21,-67.24,157.03,15.76,1117.63,1962.3,2269.42,6478.77,0.0,4.57,1742.54,2027.59,755.1,2782.69,5813.33,3696.07,-29.17,-27.059999999999945,-1.2300000000000182,8.18,19.11908706081555,2.34,0.75,0.2,0.0,0.0,4.374330203841466,4.593420162827264,7.670638223127805,-2.5568794077092685,6.3013259794665615,181.15,58.08,0.0,0.97,0.42,9,2007,0.0,5693.150000000001,1138.63
2007-12-31,212.96000000000004,-28.52000000000021,-0.004881318067578925,0.0,13.87,-28.5300000000002,-19.939999999999827,0.86,10.8,241.48000000000002,-57.18000000000001,149.52,16.85,1123.81,1972.85,2295.23,6516.49,0.0,6.8,1969.44,2232.41,604.39,2836.8,5813.33,3667.44,9.190000000000001,-25.56000000000006,8.850000000000023,8.59,-43.88671195652142,2.12,0.77,0.19,0.0,0.0,-1.751108628874629,-1.8374308852276036,-3.11068416643398,-5.188584194359157,-2.6338564646746914,132.43,51.08,0.0,0.88,0.38,12,2007,0.0,5842.684210526315,1110.11
2008-03-31,2478.87,1089.42,0.19,0.0,45.74,1077.4,1107.36,0.8,11.67,1401.46,-271.87,153.79,8.5,1121.82,1974.86,2350.77,6658.42,132.2,18.55,1888.56,2396.54,604.93,3001.47,5813.33,3645.06,-8.9,-705.1,750.41,29.96,1.0525,1.99,0.82,0.19,0.0,0.0,65.44,63.36,119.56,155.96,101.12,99.6,43.95,0.0,0.82,0.36,3,2008,0.0,5733.789473684211,1089.42
2008-06-30,-2312.16,-1090.29,0.0,,-27.8,-1076.42,-1097.4399999999998,0.6,0.22,-1235.73,224.82,93.11,9.99,1122.95,1849.71,2403.68,6638.32,212.2,14.14,1870.84,2379.79,603.41,2983.2,5813.33,3644.06,-7.290000000000001,598.32,-688.13,-21.020000000000003,0.0,1.5,0.82,0.0,0.0,0.0,-50.12827586206896,100.25655172413792,-100.25655172413792,-100.25655172413792,100.25655172413792,-0.74,-0.52,0.0,0.78,0.31,6,2008,,-inf,-0.87
2008-09-30,212.51000000000002,-19.72,0.0,,30.359999999999996,-16.11,-5.15,0.35,3.52,228.60999999999999,-51.2,92.88,293.85,1122.19,2161.41,2288.97,6825.1,400.0,21.1,1933.6,2591.36,599.74,3191.09,5813.33,3624.2,-36.459999999999994,-214.34,250.55999999999997,10.959999999999999,0.0,0.87,0.88,0.0,0.0,0.0,-1.1492957746478871,-0.8811267605633802,-2.1836619718309858,-2.1453521126760564,-1.3791549295774646,-7.16,-5.43,0.0,0.83,0.4,9,2008,,-inf,-20.59
2008-12-31,341.2099999999999,122.73,0.024031721167025653,,33.56,134.89000000000001,147.14999999999998,0.23,8.32,206.32999999999998,-41.77000000000001,63.23,287.79,1152.08,2130.65,2268.47,6854.36,400.0,27.4,2058.26,2789.17,310.26,3099.43,5813.33,3747.19,-25.96,-3.5500000000000114,-0.48999999999995225,12.259999999999998,2.3510592357206876,0.55,0.83,0.02,0.0,0.0,7.161452907773644,8.603356177795183,13.121319757196005,13.265510084198159,14.178715488545135,22.86,14.18,0.0,0.76,0.35,12,2008,,5107.0,102.14
2009-03-31,1070.74,20.26,0.0,,82.79,51.46,95.36,0.35,0.0,1019.27,-150.6,61.35,50.32,1041.19,2054.88,2249.24,6768.48,400.0,17.51,2036.77,2813.64,278.78,3092.42,5813.33,3664.89,-71.76,-316.71,296.05,43.9,0.0,0.86,0.84,0.0,0.0,0.0,1.2,3.08,2.2,2.2,5.2,2.53,1.89,0.0,0.73,0.36,3,2009,,inf,20.26
2009-06-30,-772.6,-71.47,-0.013956258543253271,,-99.03,-93.93,-125.4,0.5,0.0,-678.66,79.24,334.74,27.76,1037.1,2243.71,2436.7,6952.98,400.0,7.24,2034.16,3055.76,272.18,3327.94,5813.33,3613.88,388.03999999999996,276.16999999999996,-298.48,-31.47,-8.942224709668393,1.25,0.92,-0.01,0.0,0.0,-4.131052528802968,-3.4611521187268113,-7.927154852567857,-7.871329818394845,-6.084928724858426,-19.8,-17.18,0.0,0.73,0.39,6,2009,,5121.0,-51.21
2009-09-30,334.12,-69.4,-0.011508166818671752,0.0,-16.51,-57.72,-45.11000000000001,0.59,25.01,391.85,-76.99,263.76,10.96,1014.37,2229.03,2428.02,7620.7,500.0,6.02,2016.92,3224.89,272.16,3497.05,6848.13,4112.27,-127.02999999999997,-123.68,179.75,12.61,-12.8908454610951,1.54,0.85,-0.02,0.0,0.0,-3.6365807147002744,-3.199270375590747,-6.743785755741648,-7.181096094851173,-5.2477240693143195,-22.52,-19.08,0.0,0.69,0.38,9,2009,0.0,6030.5,-120.61
2009-12-31,352.32000000000005,76.91,0.017599542334096108,0.0,-32.959999999999994,87.88,100.64,0.54,25.45,264.43999999999994,-106.27000000000001,359.81,83.05,1000.18,2213.12,2417.92,7597.7,500.0,5.96,1743.57,2880.4,132.09,3012.49,7614.39,4572.26,-82.19,-7.689999999999998,185.93,12.759999999999998,7.625198283708231,1.4,0.66,-0.01,0.0,0.0,4.083093821510296,1.1967688787185355,6.758224256292905,7.391807780320366,1.8303524027459952,-6.39,-4.44,0.0,0.77,0.42,12,2009,0.0,4370.0,-43.7
2010-03-31,1573.26,224.71,0.03,0.0,128.37,269.67,320.34,0.67,0.0,1303.59,-168.19,314.43,106.18,1041.4,2270.99,2581.5,7835.02,500.0,12.37,1688.77,2782.37,197.07,2979.43,7614.39,4840.62,108.48,-198.64,343.24,50.67,5.5725,1.64,0.62,0.03,0.0,0.0,11.48,14.759999999999998,18.56,21.12,21.36,21.19,14.28,0.0,0.82,0.44,3,2010,0.0,7490.333333333334,224.71
2010-06-30,-352.45000000000005,-478.57000000000005,-0.018851729299613963,0.0,434.77,-54.410000000000025,131.27000000000004,0.86,0.0,-298.03999999999996,487.75,1976.94,469.25,5095.14,8272.56,6988.42,61416.0,1000.0,195.28,1688.76,4282.67,21044.39,25327.06,54813.28,33060.05,69.11999999999999,-21397.55,20574.539999999997,185.68,-11.404789268027667,2.23,0.77,-0.01,0.0,0.0,-3.0916836051366894,4.750635783502719,-5.8063326242811,-10.406154573386907,2.8654628535413225,-21.29,-20.79,0.0,1.93,0.74,6,2010,0.0,25386.0,-253.86
2010-09-30,2218.9,602.94,0.01727225850807838,0.0,575.14,991.1400000000001,1294.3000000000002,0.84,0.0,1227.7700000000002,194.23999999999995,2393.66,447.24,2904.93,6697.79,9315.27,62063.82,900.0,188.63,818.6,3347.03,21164.05,24511.08,55889.28,34490.02,338.17999999999995,-732.880000000001,812.5500000000029,303.15999999999997,12.15822469897502,2.13,0.71,0.01,0.0,0.0,3.8689859058095575,23.904805775180478,6.977992437263666,12.505115159848748,14.16325197662427,12.99,10.15,0.0,2.0,1.13,9,2010,0.0,34908.0,349.08
2010-12-31,1699.1800000000003,12.350000000000023,0.00034169825415709883,0.0,701.6500000000001,405.03,750.3999999999999,0.82,0.0,1294.1399999999999,486.82000000000005,2665.64,542.97,2888.15,6982.24,5481.69,63446.65,900.0,241.99,753.06,3413.51,22455.19,25868.69,55889.28,34500.99,306.76,-1354.0800000000017,1322.0899999999965,345.37,599.9445344129545,2.08,0.75,0.01,0.0,0.0,0.07790720194781853,0.6205240295492914,0.14351326674598153,0.25285670807625316,0.3663005284564099,8.38,7.03,0.0,2.05,1.2,12,2010,0.0,36143.0,361.43
2011-03-31,6831.91,284.91,0.01,0.01,2532.3,2053.82,3241.3,0.75,0.0,4778.09,1416.34,1825.42,571.93,3043.54,6293.34,10375.94,63826.2,500.0,267.48,897.11,3661.73,22305.24,25966.97,35769.14,34760.2,1360.46,-24779.64,22767.56,1187.48,18.75,1.21,0.75,0.01,0.01,1.29,1.8000000000000003,22.92,3.28,5.76,13.64,4.83,4.17,6.73,1.72,0.89,3,2011,284.91,28491.000000000004,284.91
2011-06-30,-5065.12,-148.56000000000003,-0.0,,-1714.4900000000002,-1500.8600000000001,-2367.84,0.68,0.0,-3564.2700000000004,-934.76,2103.06,731.4,2977.31,6627.51,52981.55,64664.41,500.0,413.41,1041.16,3983.32,23009.31,26992.63,36600.5,35630.41,-889.4200000000001,24201.13,-22377.66,-866.98,-0.0,1.09,0.76,0.0,0.02,0.0,-0.9152211221122115,-3.835212321232124,-1.6561144114411446,-1.743278327832784,-3.965958195819583,8.06,7.72,0.0,1.66,0.92,6,2011,inf,inf,136.35
2011-09-30,3099.49,1281.5700000000002,0.02711514048747461,-inf,1017.3,1744.9299999999998,2377.12,0.59,0.0,1354.57,691.03,1052.31,644.98,3209.24,7032.07,6093.55,64901.5,200.0,159.37,3675.7,6142.72,21103.2,27245.91,36600.5,35966.57,279.63999999999993,-313.26,-1022.8,632.19,5.4406872820056655,0.94,0.76,0.03,0.02,0.75,7.8814675016926214,13.087574475287747,14.244487136086663,14.53371530128639,14.136026574136764,38.05,29.14,0.0,1.14,0.62,9,2011,-inf,47264.00000000001,1417.92
2011-12-31,2119.26,328.76,0.005646598117571621,0.003764398745047745,1040.6500000000003,742.77,883.8800000000001,0.7,0.0,1376.48,710.0800000000002,1374.64,978.98,3419.96,7783.34,54504.67,67171.26,941.5,382.11,3821.99,7542.82,21624.12,29166.93,36600.5,36295.98,541.38,-1506.67,1287.32,141.1099999999999,30.987684328993794,1.1,0.8,0.03,0.02,0.75,1.9574873474248287,3.5084196303845006,3.621351592735933,3.7116971626170785,3.8396867199487024,29.98,25.0,0.0,1.03,0.58,12,2011,219.17333333333318,58222.66666666667,1746.68
2012-03-31,9251.87,2105.63,0.04,0.05000000000000001,3956.34,3840.21,5343.61,0.78,0.0,5411.66,2566.96,1333.24,1106.68,3442.02,7867.67,9089.53,66888.88,1941.5,1452.44,3824.52,8338.01,21618.62,29956.63,36600.5,35289.8,1755.85,-2319.57,70.6,1503.4,4.875,1.26,0.85,0.04,0.05,1.16,12.6,23.52,23.88,24.04,26.24,26.4,22.76,0.0,0.94,0.53,3,2012,2632.0375000000004,52640.75,2105.63
2012-06-30,-7016.170000000001,-1796.3300000000002,-0.058077271257678635,-0.0650965890720983,-2860.69,-3085.55,-4066.9599999999996,0.78,0.0,-3930.62,-1824.2,1064.76,1467.11,3637.24,8197.22,6538.41,67275.57,1583.13,1416.14,3827.06,8176.28,21778.17,29954.44,36641.91,35661.88,-1508.1399999999999,2076.28,-343.82000000000005,-981.4100000000001,-3.357595764698023,1.25,0.84,0.01,0.02,2.41,-10.68621791141287,-26.483235693501452,-20.210890397672163,-20.210890397672163,-29.73556288393146,14.0,13.83,0.0,1.0,0.56,6,2012,-2013.4375000000005,30930.0,309.3
2012-09-30,2769.59,691.19,0.07599366310507852,-0.04801267378984298,1271.87,1198.0100000000002,1513.1,5.65,0.0,1571.58,880.1500000000001,927.36,866.71,3841.25,7751.61,6661.9,65562.53,2813.13,1454.74,3845.52,9429.47,17180.55,26610.02,38666.91,37298.37,1185.9099999999999,1211.82,-2535.0199999999995,315.09000000000003,18.585760210651195,1.46,0.71,0.11,0.02,0.22,4.22801107457346,8.262583733970356,7.405927895331288,7.544098191885976,9.6166526402063,21.45,19.99,0.0,0.82,0.41,9,2012,-436.6927272727273,9095.363636363636,1000.49
2012-12-31,3490.750000000001,1088.3799999999999,0.11462829185157525,0.0008415076093773198,1269.4099999999999,1503.2399999999998,2255.9799999999996,7.15,0.0,1987.5200000000004,742.5599999999997,2582.33,968.05,3831.49,8282.27,6378.14,65289.76,50.0,1605.67,3240.28,6101.44,10884.89,16986.32,43701.28,46500.6,1887.65,3697.3100000000004,-3997.5,752.7399999999999,15.593881502783955,1.68,0.37,0.22,0.02,0.11,6.669282435000742,10.87926697209496,9.357836916610415,10.524961342735544,12.171440443876353,28.24,24.59,0.0,1.36,0.73,12,2012,7.990000000000009,9494.863636363636,2088.87
2013-03-31,6716.51,2488.3,0.25,0.19,2702.24,2528.48,4454.23,9.4,0.0,4188.03,1431.15,3592.16,945.65,3539.46,52230.33,9590.8,67031.09,1117.0,1939.81,4791.23,9021.88,7406.49,16428.37,44426.54,48700.26,4683.08,4979.8,-7494.7,1925.75,9.4,2.14,0.34,0.25,0.19,0.75,14.84,15.119999999999997,20.44,23.72,17.44,44.56,37.05,0.0,5.79,5.4,3,2013,1891.1080000000002,9953.2,2488.3
2013-06-30,9454.41,8335.509999999998,0.7316032432202707,0.06401846484740584,-1643.0599999999997,12039.76,10238.03,7.65,0.0,-2585.3499999999995,-804.4800000000001,6357.83,1487.63,3113.79,40600.96,10317.19,79623.87,0.0,1876.39,3437.61,6837.52,11824.8,18662.32,45611.17,58472.21,-3915.29,1177.8099999999995,3413.56,-1801.73,2.61326752952129,1.49,0.32,0.95,0.23,0.24,41.863107685740964,61.08502026550723,57.01884645055669,70.84999829080516,61.67030286008346,485.52,66.93,0.0,5.94,5.48,6,2013,729.3933684210524,11393.484210526316,10823.81
2013-09-30,3069.449999999999,959.1000000000004,0.08383947598683182,0.1909295573441803,1064.91,1490.0699999999997,1613.2099999999991,8.75,0.0,1579.3700000000001,603.11,7021.81,1210.48,2769.96,30186.55,10575.05,76234.57,0.0,1856.15,4350.85,7942.02,8188.85,16130.88,46104.82,58062.77,1552.0300000000002,3675.87,-4564.220000000001,123.14,26.106437024293598,1.74,0.28,1.03,0.42,0.4,5.03362446118998,7.3746179848611275,6.606225117564339,8.045333792755782,7.654625555147247,267.08,61.24,0.0,3.8,3.45,9,2013,2184.1803791517623,11439.71844660194,11782.91
2013-12-31,2568.790000000001,449.0699999999997,0.03854841979793947,0.007563433315664662,1120.7599999999998,1178.2500000000018,1291.1200000000008,8.7,0.0,1390.5500000000002,676.52,11123.58,1382.9,2507.01,40081.92,11463.8,80510.52,0.0,2025.25,4354.79,8543.05,8332.89,16875.93,47656.92,61787.4,581.1599999999999,3480.0,-85.5,112.86999999999998,56.451730353842414,1.68,0.27,1.05,0.42,0.4,2.2306685589740973,3.471560548660149,2.907652236187435,3.3173668694683913,3.5170843968024776,188.8,56.09,0.0,4.69,4.4,12,2013,88.1102524271846,11649.504761904762,12231.98
2014-03-31,23919.77,12644.86,1.08,0.62,4025.93,17991.79,18502.82,8.4,0.0,5927.98,2187.13,8015.44,1074.45,2580.76,37226.77,11554.03,76757.07,0.0,2373.49,4362.99,8630.17,8364.59,16994.75,47656.92,57900.54,3218.46,12180.34,-11048.39,511.03,1.945,1.73,0.29,1.08,0.62,0.57,65.88,100.12,87.36,94.88,105.64,155.82,52.86,0.0,4.31,4.01,3,2014,7259.0862962962965,11708.203703703704,12644.86
2014-06-30,-21575.88,-11994.66,-0.9223823438941864,-0.3482194937170329,-3189.5,-16883.63,-17282.52,8.65,0.0,-4692.25,-1733.46,7631.2,1419.51,2513.94,36419.58,7676.12,77125.01,200.0,2011.62,4371.19,8671.05,9593.42,18264.47,47656.92,57387.75,-2864.07,-14894.09,12207.119999999999,-398.89,-2.3444724569099917,1.8,0.32,0.05,0.21,4.2,-61.98409350968932,-104.04472839126421,-83.38336388803444,-82.64545801291911,-119.54075176868655,38.56,27.74,0.0,4.2,3.91,6,2014,-4528.246296296296,13004.0,650.2
2014-09-30,2322.0099999999998,633.3599999999999,0.05427841316338932,-0.02403066471376485,926.86,1054.7099999999998,1178.43,10.0,0.0,1267.3000000000002,485.00999999999993,6135.51,1451.84,2487.07,31806.23,8241.69,71305.71,220.0,2558.84,2233.52,6514.74,8151.58,14666.32,47656.92,55198.64,-540.66,6374.79,-7347.67,123.72000000000001,46.05928681950234,2.16,0.27,0.11,0.21,1.91,3.5527688616036643,5.783118202499299,4.598861915298077,4.480436286577954,6.592359998753466,37.29,27.51,0.0,4.88,4.5,9,2014,-280.4072727272728,11668.727272727272,1283.56
2014-12-31,2691.6800000000003,981.29,0.08232116917235137,0.004431322965398096,872.5,1443.9700000000003,1499.7599999999998,9.65,0.0,1247.6999999999998,446.12,7229.18,1804.09,2463.19,27332.92,8537.92,71284.93,240.0,1815.1,2175.03,5764.58,8671.52,14436.1,47677.0,55349.08,-357.63,2707.2200000000003,-1076.0900000000001,55.789999999999964,29.306252866125202,2.08,0.26,0.19,0.21,1.11,5.511185641433207,8.232116917235137,7.0882859350508856,6.7070089409894695,9.531924851535422,44.19,30.78,0.0,4.74,4.31,12,2014,52.82253588516778,11920.263157894737,2264.85
2015-03-31,9039.47,2944.03,0.25,0.51,3089.13,4528.37,4988.37,9.15,0.0,4511.11,1950.56,10322.45,1218.14,2237.79,26002.71,5776.18,66811.46,530.0,2062.13,2177.27,6795.37,8003.62,14798.99,47677.0,50728.37,-73.93,14009.21,-12425.4,460.0,9.15,2.15,0.29,0.25,0.51,2.04,17.64,25.24,23.2,21.68,30.2,47.97,32.57,0.0,3.83,3.5,3,2015,6005.8212,11776.12,2944.03
2015-06-30,-3945.879999999999,72.34999999999991,0.006236283226914372,-0.5176779822170947,-2428.05,-324.9200000000001,-678.6400000000003,10.0,0.0,-3620.97,-1616.94,4854.23,935.16,2213.38,20554.6,5520.54,69800.84,530.0,1956.66,3197.32,8581.13,7214.62,15795.75,47677.0,52733.62,895.0699999999999,-19422.05,11463.779999999999,-353.72,400.8637691776094,2.26,0.3,0.26,0.0,0.0,0.4144729775426168,0.5487929239684648,0.5487929239684648,0.5257666474383195,0.6591271656754114,233.14,59.22,0.0,2.4,2.14,6,2015,-6005.8212,11601.461538461539,3016.38
2015-09-30,2216.3499999999995,473.75999999999976,0.04072272172462994,0.3,741.5099999999999,726.3100000000004,833.9100000000008,9.75,0.0,1490.04,229.76999999999998,1499.58,880.82,638.48,14321.27,5599.51,63418.33,530.0,1480.68,3082.0,7484.06,5918.08,13402.14,47696.31,48758.76,-103.08000000000004,2788.3900000000003,-5770.150000000001,107.6,59.85601887031412,2.38,0.27,0.3,0.3,1.0,2.9863329264728624,3.974537640323882,3.8876625006446717,3.643326170296892,4.783562378586531,128.01,47.75,0.0,1.91,1.83,9,2015,3490.14,11633.8,3490.14
2015-12-31,1784.1000000000013,607.3600000000001,0.05187943868212325,0.0018794386821232732,640.51,690.8400000000001,806.5,9.1,0.0,1093.2600000000002,249.58000000000004,1827.05,1304.19,630.85,9633.03,5569.94,63781.19,1620.0,1780.69,3871.1,8328.83,5476.01,13804.84,47717.4,48636.84,-1010.9499999999999,-577.3400000000001,1873.3400000000001,115.66000000000003,43.85166952054794,2.23,0.28,0.35,0.3,0.86,3.8064685295912146,4.932993483831606,4.9922842708968895,4.672114020744357,6.01208580841977,102.43,45.06,0.0,1.16,1.08,12,2015,22.002857142857465,11707.142857142859,4097.5
2016-03-31,10816.07,4141.08,0.35,0.64,2712.21,5813.95,6248.02,8.95,0.0,5002.12,1184.32,2364.65,1111.27,627.06,10285.26,5765.16,65168.69,3750.0,4540.3,3089.03,12455.43,5796.37,18251.8,47717.4,45457.35,332.34,-3559.7,-4588.21,434.07,6.3925,2.35,0.4,0.35,0.64,1.83,25.4,35.24,36.44,34.44,44.12,78.66,38.29,0.0,0.83,0.78,3,2016,7572.260571428573,11831.657142857144,4141.08
2016-06-30,-8759.13,-3593.0299999999997,-0.32780129550223525,-0.6908366546326589,-2044.48,-4948.139999999999,-5257.280000000001,9.6,0.0,-3810.9799999999996,-958.9599999999999,3317.61,1558.13,502.85,11411.09,6077.28,67745.48,440.0,1824.18,9730.22,13300.35,5876.62,19176.98,47717.4,46350.18,-9.259999999999991,3136.45,5641.38,-309.14,-7.3215085874596095,2.47,0.41,0.05,0.0,0.0,-21.24152394854484,-33.04237058662531,-30.944442295411,-29.108755040598492,-41.69632478788432,41.45,26.64,0.0,0.86,0.82,6,2016,-7572.260571428573,10960.999999999998,548.05
2016-09-30,2201.48,548.1400000000001,0.04500369461498463,0.34,781.7,847.0,983.19,8.65,0.0,1354.47,325.09000000000003,2524.23,961.84,728.42,10068.75,6249.23,69482.92,1020.0,1663.57,13635.0,17448.0,6058.43,23506.42,47739.52,43820.96,-2501.36,365.83,1340.5,136.19,48.05105488561316,2.36,0.54,0.09,0.34,3.78,3.1602594440744767,5.160423649184905,5.00041051277607,4.740389166111715,6.580540234813308,37.71,25.74,0.0,0.58,0.54,9,2016,4141.162222222223,12179.88888888889,1096.19
2016-12-31,2374.91,468.0999999999999,0.03890135460816088,-0.0041504381469478005,672.8900000000001,824.5900000000001,975.1699999999998,8.55,0.0,1550.3199999999997,182.76999999999998,20955.49,1249.06,706.73,27723.23,6352.51,92091.43,940.0,14900.01,513.5,17511.23,27906.75,45417.98,47739.52,44103.17,-865.31,-2321.5099999999998,21717.699999999997,150.57999999999998,54.9473153706473,2.31,1.03,0.13,0.34,2.62,2.0348400871961076,3.9021051083878304,4.249224887968343,4.03377123167699,4.069680174392215,34.15,23.58,0.0,1.58,1.54,12,2016,-49.94222222222288,12033.0,1564.29
2017-03-31,10405.77,2003.48,0.17,0.51,3336.51,3539.89,4116.86,8.45,0.0,6865.87,1170.39,15094.51,2175.92,663.77,26704.69,6404.36,93651.27,778.0,2802.27,13694.03,18636.21,29832.98,48469.19,47739.82,42147.08,-4322.8,-7297.92,24359.83,576.97,12.4275,2.39,1.15,0.17,0.51,2.97,8.56,17.84,19.0,18.28,18.88,26.41,19.25,0.0,1.43,1.4,3,2017,6010.44,11785.176470588234,2003.48
2017-06-30,-10405.77,,,,-3336.51,-3539.89,-3932.43,8.5,,-6865.87,-1170.39,21326.18,2005.54,660.08,33234.31,6477.54,101271.59,2333.0,2862.66,17200.47,23989.06,30041.37,54030.43,47739.82,42570.24,4703.46,6862.47,-18082.190000000002,-392.54,,2.38,1.27,,0.0,0.0,,,,,,,,0.0,1.39,1.36,6,2017,,,
2017-09-30,6324.1,,,,1872.56,2152.26,2344.28,8.55,0.0,4171.84,786.4,9025.16,2095.43,649.4,22597.09,6348.91,100893.12,1655.0,2706.62,18947.15,24957.2,29935.53,54892.73,47761.48,41238.56,-707.69,-10389.789999999999,-1234.9300000000003,192.01999999999998,,2.48,1.33,0.09,0.18,1.94,,,,,,21.41,16.72,0.0,0.91,0.88,9,2017,,11750.0,1057.5
