,revenue,net_profit,eps,dps,gross_profit,ebit,ebitda,close_price,expense,operating_profit,cash,account_receivable,inventory,current_asset,property_plant_equipment,total_asset,short_term_loan,account_payable,current_portion_long_term_debt,current_liability,non_current_liability,total_liability,paid_in_capital,total_equity,cash_flow_operation,cash_flow_investment,cash_flow_financing,depreciation,P/E,P/BV,D/E,EPS,DPS,DPR%,ROA%,ROAA%,ROE%,ROAE%,ROCE%,NPM%,NPMA%,TIE,CurrentRatio,QuickRatio,month,year,dividend,number_of_shares,return_old
2000-03-31,948.2,69.33,0.77,0.0,513.4,137.2,246.64,1.2,811.0,119.56,13.34,181.18,85.91,379.17,4265.88,4832.38,488.22,156.57,187.35,1217.82,935.09,2152.91,900.0,2410.89,139.18,-144.93,-3.05,109.44,0.39,0.45,0.89,0.77,0.0,0.0,5.72,0.0,11.52,0.0,15.2,7.47,7.31,0.0,0.31,0.24,3,2000,0.0,90.03896103896103,69.33
2000-06-30,818.05,-7.210000000000001,-0.08008531873792661,0.5,415.5,31.700000000000017,142.36,1.15,786.3599999999999,32.19,16.2,129.99,85.62,641.17,4178.77,4992.03,110.5,121.39,46.97,617.66,1779.03,2396.7,900.0,2345.98,56.129999999999995,-352.65,304.61,110.66,-3.5971012482662963,0.44,1.02,0.69,0.5,0.72,-0.575685769478429,-0.0,-1.2302962009014813,-0.0,-1.7920540888602707,3.59,3.52,0.0,1.04,0.9,6,2000,45.01449275362319,90.02898550724638,62.12
2000-09-30,857.25,36.79,0.4091497320796684,-0.0006161361741533951,442.38,83.75999999999999,178.07000000000005,0.97,773.4800000000002,67.87,21.94,151.02,87.96,637.44,4191.12,4944.26,133.82,141.93,26.17,633.09,1712.87,2345.96,900.0,2351.06,106.80000000000001,-39.81999999999999,-62.44999999999999,94.31000000000003,0.5914705082902963,0.37,1.0,1.1,0.5,0.45,2.975634415124861,0.0,6.263710443837832,0.0,8.718608836315843,3.85,3.77,0.0,1.01,0.87,9,2000,-0.05540184453228392,89.91818181818181,98.91
2000-12-31,955.4699999999998,54.72,0.6090685413005272,-0.00042339031794212786,501.68000000000006,108.23999999999998,210.90999999999997,0.69,847.23,82.26999999999998,39.67,189.29,99.32,688.84,4100.5,4980.62,164.32,171.65,24.63,742.59,1610.14,2352.72,900.0,2369.85,226.96000000000004,-114.97000000000003,-95.47000000000003,102.66999999999996,0.28777549342105263,0.26,0.99,1.71,0.5,0.29,4.3881429408318695,0.0,9.23219683655536,0.0,12.138629173989456,4.39,4.29,0.0,0.93,0.79,12,2000,-0.03803827751195854,89.84210526315789,153.63
2001-03-31,1062.11,123.0,1.36,0.0,599.6,197.38,302.76,0.71,864.73,179.1,64.88,228.4,91.2,777.9,4178.76,5173.62,132.64,166.86,19.0,872.92,1591.5,2464.41,900.0,2462.99,315.59,-249.78,-42.81,105.38,0.13,0.26,1.0,1.36,0.0,0.0,9.52,15.799999999999999,19.96,20.2,18.36,11.79,11.58,0.0,0.89,0.79,3,2001,0.0,90.44117647058823,123.0
2001-06-30,1029.5200000000002,44.06999999999999,0.4879960495600646,1.0,536.5400000000001,92.75,202.36,1.24,936.77,77.17999999999998,31.14,186.03,107.8,672.74,4218.96,5116.34,295.31,192.85,35.0,1002.2,1486.64,2488.83,900.0,2381.48,170.41000000000003,-170.66,-28.340000000000003,109.61000000000001,0.6349948944860451,0.47,1.05,1.85,1.0,0.54,3.4502639612138624,6.056426647513018,7.406988687376548,7.459745017058717,7.4386424851858495,8.13,7.99,0.0,0.67,0.56,6,2001,90.3081081081081,90.3081081081081,167.07
2001-09-30,1072.42,43.20000000000002,0.4807533171636469,-0.004998206938569185,542.8699999999999,92.37,202.99,1.26,980.0500000000002,67.30000000000001,32.34,206.99,113.04,502.33,4599.49,5333.08,296.0,220.48,31.0,1050.45,1638.6,2689.06,900.0,2392.19,181.11,-326.22999999999996,146.91000000000003,110.62,0.6570937499999998,0.47,1.12,2.34,1.0,0.43,3.237894136110716,6.114196033670997,7.223626765587104,7.2893708089599105,7.338678841489515,6.78,6.65,0.0,0.48,0.37,9,2001,-0.44913374913373616,89.85897435897436,210.27
2001-12-31,1109.4799999999996,44.81999999999999,0.49723862166294247,0.003093428061086402,578.3700000000001,98.88,193.71000000000004,1.3,1010.5999999999999,79.96000000000004,41.82,218.72,118.57,498.6,4591.86,5334.89,375.66,200.44,41.5,1091.54,1557.06,2648.59,900.0,2398.86,90.15999999999997,-81.60000000000002,0.11999999999999034,94.82999999999998,0.6545147255689425,0.49,1.1,2.83,1.0,0.35,3.3594354933552864,6.557224508996824,7.470878513465834,7.520075267552627,7.969874162060448,6.08,5.97,0.0,0.46,0.35,12,2001,0.278834828304781,90.13780918727915,255.09
2002-03-31,1175.44,112.1,1.25,0.0,652.99,199.13,311.73,1.86,976.31,174.96,41.34,237.64,107.75,502.9,4545.69,5308.62,299.22,174.63,43.0,998.72,1544.74,2543.46,900.0,2489.86,190.72,-109.91,-81.7,112.6,0.3725,0.67,1.02,1.25,0.0,0.0,8.44,15.2,18.0,18.12,18.48,9.75,9.54,0.0,0.5,0.4,3,2002,0.0,89.67999999999999,112.1
2002-06-30,1109.69,63.870000000000005,0.711400806955731,1.5,587.1199999999999,107.38999999999999,219.31999999999994,1.99,1002.3,93.05999999999997,34.95,164.03,113.9,416.93,4519.64,5184.59,455.86,170.22,44.0,1086.69,1420.13,2506.83,900.0,2397.44,205.61999999999998,-114.97,-96.99,111.93,0.702557538750587,0.75,1.05,1.96,1.5,0.77,4.921732113428425,8.638438370176736,10.656493720520544,10.68553048815139,10.859751093936469,7.84,7.7,0.0,0.38,0.28,6,2002,134.67091836734696,89.78061224489797,175.97
2002-09-30,1054.0499999999997,38.44,0.4266927848514528,0.005122029223050356,557.97,73.33000000000004,181.79000000000008,1.76,980.72,79.32,20.06,170.9,119.38,415.28,4206.72,5118.6,863.24,162.77,45.0,1476.81,937.36,2414.17,900.0,2419.44,145.95,-87.57999999999998,-72.88,108.46000000000001,1.031889958376691,0.65,1.0,2.38,1.5,0.63,3.0047777622312393,5.213540413226995,6.353778275267011,6.389634811809151,7.479673522690172,6.54,6.42,0.0,0.28,0.2,9,2002,0.46143457382950714,90.08823529411765,214.41
2002-12-31,1147.0900000000006,8.280000000000001,0.09183887915936954,0.001158957453384147,615.69,104.89999999999998,208.99,1.79,1042.19,69.91000000000003,94.26,210.35,125.87,536.06,4160.14,5205.84,278.55,189.02,46.0,980.7,1519.45,2500.15,900.0,2412.28,190.24,-89.02000000000004,-27.090000000000032,104.08999999999997,4.841086956521738,0.67,1.04,2.47,1.5,0.61,0.6365512595985452,1.3682877542772465,1.372749562171629,1.3772113700660111,1.705897884952176,5.04,4.96,0.0,0.55,0.42,12,2002,0.10448916408668651,90.1578947368421,222.69
2003-03-31,1158.96,94.62,1.05,0.0,623.65,151.62,244.42,1.72,1007.34,129.69,115.5,180.58,122.37,563.31,4209.38,5271.09,217.66,187.2,79.38,949.77,1520.45,2470.22,900.0,2491.92,209.78,-131.46,-57.38,92.8,0.40750000000000003,0.62,0.99,1.05,0.0,0.0,7.2,11.48,15.199999999999998,15.199999999999998,14.04,8.33,8.16,0.0,0.59,0.46,3,2003,0.0,90.11428571428571,94.62
2003-06-30,1009.9200000000001,1.9200000000000017,0.02128029832193911,1.5,520.9399999999999,38.25,130.14000000000001,1.71,971.67,26.599999999999994,19.16,116.2,119.1,373.39,4180.34,5030.88,272.73,162.64,120.96,970.42,1434.92,2405.34,900.0,2338.68,144.63000000000002,-107.26999999999998,-134.73000000000002,91.89,20.112499999999986,0.66,1.03,1.07,1.5,1.4,0.15274083281541342,0.29593536357986355,0.32855189558732156,0.32457426973275355,0.3723057799875702,4.52,4.45,0.0,0.38,0.26,6,2003,135.33644859813086,90.22429906542057,96.54
2003-09-30,1075.1,72.98,0.8093581878244455,-0.0008997366947024872,561.4200000000001,84.15999999999997,175.93,2.23,990.95,66.11000000000001,171.47,138.41,131.36,558.65,4138.56,5194.71,399.73,162.23,186.46,1178.63,1348.06,2526.68,900.0,2396.65,131.22999999999996,-91.93000000000004,110.50000000000001,91.76999999999998,0.685234310770074,0.84,1.05,1.88,1.5,0.8,5.613846153846153,9.144025483718735,12.17481359131666,12.123152430391695,11.744303916941954,5.31,5.23,0.0,0.47,0.36,9,2003,-0.08112944919466258,90.17021276595746,169.52
2003-12-31,1272.3899999999999,109.72,1.2180633147113593,-0.0015452276239155548,684.2,145.81,256.77,2.26,1126.58,126.77000000000001,59.72,192.55,144.74,505.65,4937.99,5952.53,414.36,243.67,201.96,1283.01,1886.11,3169.12,900.0,2495.49,238.89999999999998,-906.73,555.63,110.96000000000004,0.4644668246445498,0.82,1.27,3.1,1.5,0.48,7.37124767225326,11.83486033519553,17.5872625698324,17.885884543761637,14.129534450651768,6.28,6.18,0.0,0.39,0.28,12,2003,-0.13919011667812242,90.07741935483871,279.24
2004-03-31,1294.89,137.28,1.53,1.4999999999999998,722.94,198.4,298.37,1.97,1096.49,179.78,237.99,190.05,146.52,705.5,4896.12,6100.12,237.1,208.01,292.96,1193.59,1981.68,3175.27,900.0,2618.6,262.32,-99.03,14.74,99.97,0.3225,0.68,1.21,1.53,1.5,0.98,9.0,13.960000000000003,20.96,21.48,16.16,10.76,10.6,0.0,0.59,0.47,3,2004,134.58823529411762,89.72549019607843,137.28
2004-06-30,1292.99,89.58000000000001,0.4975350436392489,0.7524853369012247,687.0799999999999,136.60999999999999,229.52999999999997,2.16,1156.3799999999999,124.15,36.76,142.46,138.45,461.88,5074.86,6100.95,69.28,170.34,284.96,1006.51,1940.37,2946.89,900.0,2844.42,282.08,-108.50999999999999,-372.40000000000003,92.91999999999999,1.0889685197588745,0.68,1.04,1.26,1.5,1.19,5.875651943930178,9.5084475006612,12.604221105527639,13.820417878868026,10.392954244908756,8.9,8.77,0.0,0.46,0.32,6,2004,135.483193277311,180.04761904761907,226.86
2004-09-30,1406.58,172.46999999999997,0.9588145143114717,-0.0014112924863435162,797.3499999999999,221.01,319.83000000000004,2.35,1185.58,210.70999999999998,167.77,183.27,157.26,652.34,5064.37,6269.53,216.54,206.79,202.96,1081.87,1870.49,2952.35,900.0,2990.93,255.64,-107.78999999999999,-15.92999999999995,98.82,0.6135701861193252,0.71,0.99,2.22,1.5,0.68,11.004771993088422,16.75765907895725,23.06337615505972,25.602938922695515,18.519804672826982,10.14,10.0,0.0,0.6,0.46,9,2004,-0.25386100386106136,179.87837837837836,399.33
2004-12-31,1505.42,141.79000000000002,0.7887121156120639,-0.0008701921540106938,847.5500000000002,244.65999999999997,347.93000000000006,2.76,1260.75,235.93000000000006,56.26,236.48,179.59,616.38,5077.65,6260.79,66.3,246.82,201.96,1060.82,1766.58,2827.39,900.0,3092.54,348.1600000000001,-198.19,-265.92,103.27000000000004,0.877760067705762,0.8,0.91,3.01,1.5,0.5,9.055777646363099,13.740884831460676,18.342142223536374,20.30213113542283,16.141085156712005,9.97,9.84,0.0,0.58,0.41,12,2004,-0.15643799946121817,179.77408637873756,541.12
2005-03-31,1560.89,198.58,1.1,0.0,915.9,323.26,426.88,2.99,1237.63,305.86,462.64,254.08,171.74,1114.96,5135.91,6809.41,452.51,228.08,201.96,1502.26,1685.47,3187.74,900.0,3251.34,381.61,-275.32,300.26,103.62,0.6799999999999999,0.83,0.98,1.1,0.0,0.0,11.68,20.04,24.44,27.08,24.36,12.87,12.72,0.0,0.74,0.63,3,2005,0.0,180.52727272727273,198.58
2005-06-30,1508.99,110.23999999999998,0.6139913218055825,1.25,833.2300000000001,186.29000000000002,292.51,3.69,1322.6999999999998,190.63,40.33,197.84,167.56,640.13,5365.37,6955.98,613.41,233.15,201.96,1709.14,1940.1,3649.23,900.0,3096.75,303.97,-894.04,172.24,106.22,1.4987182510885344,1.07,1.18,1.72,1.25,0.73,6.339817369341364,11.151795868143253,14.236031345120134,14.850022666925714,13.86478077844699,10.19,10.06,0.0,0.37,0.28,6,2005,224.4331395348837,179.54651162790697,308.82
2005-09-30,1533.2399999999998,136.97000000000003,0.7619856883285854,0.0014430874480997635,833.25,211.33999999999997,320.0200000000001,3.98,1321.9099999999999,160.83000000000004,184.26,192.92,188.89,807.78,5722.38,7538.8,968.35,251.4,167.96,2001.17,2116.6,4117.77,900.0,3208.08,234.95999999999992,-565.0,473.39,108.67999999999998,1.3018617215448638,1.12,1.28,2.48,1.25,0.5,7.263444222616032,12.830855784113599,17.083227528656995,17.673151932524288,16.00169945490029,9.83,9.68,0.0,0.4,0.31,9,2005,0.25940078769693287,179.7540322580645,445.79
2005-12-31,1636.0,90.16000000000003,0.501309450508443,0.0006600052965945436,903.1799999999998,164.69000000000005,274.1199999999999,4.31,1471.3000000000002,147.69999999999993,74.32,236.02,203.34,799.19,6321.75,8070.1,555.16,317.84,167.96,1800.83,2766.3,4567.13,900.0,3273.51,347.98,-662.0000000000002,204.18999999999994,109.43,2.154856643744454,1.18,1.4,2.98,1.25,0.42,4.468046646142365,8.317026588301148,11.015349939360018,11.331612277264673,9.508057094878255,8.71,8.59,0.0,0.44,0.33,12,2005,0.11870128815766634,179.84899328859063,535.95
2006-03-31,1731.37,151.52,0.84,1.25,978.35,279.16,408.87,5.18,1452.21,251.55,583.56,255.74,219.01,1363.54,7072.96,9675.06,793.65,261.46,133.96,2518.88,3500.95,6019.83,900.0,3408.73,515.86,-1205.05,1193.16,129.71,1.5425,1.37,1.77,0.84,1.25,1.49,6.28,13.56,17.8,18.2,15.6,8.9,8.75,0.0,0.54,0.45,3,2006,225.4761904761905,180.3809523809524,151.52
2006-06-30,1859.8200000000002,184.04999999999998,0.20293381410733974,1.0013896043263986,952.9999999999999,302.34999999999997,450.41999999999996,6.13,1557.4699999999998,174.7,105.76,225.18,232.46,795.79,7354.06,9416.7,955.65,250.35,147.53,2222.75,3636.88,5859.63,900.0,3338.35,164.97000000000003,-392.19000000000005,-244.07000000000005,148.06999999999996,7.557390111382777,1.65,1.76,0.37,1.25,3.38,7.810209494293291,15.576541407157968,22.048484667878533,22.8821587150222,17.726542897160055,9.78,9.34,0.0,0.36,0.25,6,2006,908.206241956242,906.9459459459459,335.57
2006-09-30,1556.2599999999998,15.490000000000009,0.015443229077650552,0.11974063877584629,839.23,105.97000000000003,265.53999999999996,6.15,1450.2900000000004,93.25,196.6,225.1,210.24,874.97,7757.63,9851.95,830.96,216.54,483.64,2406.36,3176.17,5582.53,1350.0,4053.82,65.64999999999998,-421.5999999999999,446.77999999999986,159.57000000000005,99.55010006455772,2.05,1.38,0.35,1.25,3.57,0.6283188059021254,1.3960679086196102,1.5284384435709004,1.7066974306386382,1.6290400501338813,7.06,6.82,0.0,0.36,0.28,9,2006,120.10328185328171,1003.0285714285715,351.06
2006-12-31,1734.8000000000002,66.13999999999999,0.06024256951102588,0.1080091768250924,951.77,176.74,330.53,6.65,1558.0699999999997,146.80999999999995,80.62,296.03,214.91,866.38,8410.67,10493.12,1025.5,258.86,890.64,3339.63,2819.84,6159.48,1350.0,4101.19,408.8599999999999,-711.4400000000003,186.61000000000013,153.78999999999996,27.596764439068647,2.19,1.5,0.38,1.25,3.29,2.523846596356663,5.903771812080536,6.449125599232981,7.1720364333652915,7.660318312559922,6.24,6.06,0.0,0.26,0.2,12,2006,118.58270676691723,1097.8947368421052,417.2
2007-03-31,1889.19,207.11,0.15,0.0,1108.81,365.85,525.41,5.5,1523.34,345.7,208.86,277.62,213.13,993.61,9118.5,10895.09,1282.16,249.87,958.43,3654.44,2728.83,6383.27,1350.0,4290.46,492.7,-542.94,178.49,159.56,9.1675,1.73,1.49,0.15,0.0,0.0,7.6,14.24,19.32,21.52,20.2,11.08,10.96,0.0,0.27,0.21,3,2007,0.0,1380.7333333333336,207.11
2007-06-30,1625.92,19.079999999999984,0.014340156505592632,0.13,862.0,109.50999999999999,253.19000000000005,5.85,1516.41,99.50999999999999,61.29,168.12,192.35,695.3,8827.8,10451.91,581.01,221.28,953.72,2727.2,3401.68,6128.87,1350.0,4116.47,299.44,-677.69,236.69,143.68,101.9811045597485,1.92,1.49,0.17,0.13,0.76,0.7288173659312962,1.6162199920420872,1.8524108050753776,2.048111764445818,2.0751050002210514,6.52,6.43,0.0,0.25,0.18,6,2007,172.96882352941176,1330.5294117647059,226.19
2007-09-30,1699.3299999999995,7.72999999999999,0.005617732558139529,0.004295913132694915,910.5999999999999,110.89999999999998,271.7399999999999,5.7,1588.4300000000003,100.16000000000003,191.52,208.17,211.14,920.16,9300.51,11189.71,1765.74,237.13,663.9,3602.95,3306.8,6909.74,1350.0,4106.97,212.10000000000002,-832.1700000000001,750.31,160.83999999999997,253.66551099611934,1.87,1.68,0.17,0.13,0.76,0.27626025991792025,0.7362534199726394,0.7534370725034191,0.7574025307797528,1.021766415868672,4.55,4.49,0.0,0.26,0.2,9,2007,5.911176470588202,1375.9999999999998,233.92
2007-12-31,1967.5500000000002,163.09,0.11913075237399562,-0.0006647187728268576,1081.3200000000002,220.58000000000004,407.45000000000005,5.6,1746.9699999999993,1449.25,113.09,336.56,237.61,1001.87,9472.04,11816.24,1159.34,308.22,268.16,2780.63,4591.34,7371.97,1350.0,4252.36,354.1299999999999,-623.0899999999997,190.51999999999998,186.87000000000006,11.751583634802868,1.78,1.73,0.29,0.13,0.45,5.521094178987934,11.880211581572254,15.347327271353366,15.626668345885495,14.673622326893529,5.61,5.53,0.0,0.36,0.27,12,2007,-0.9099999999999682,1369.0,397.01
2008-03-31,2139.84,270.79,0.2,0.0,1231.35,400.05,583.38,5.75,1739.8,703.44,238.34,337.6,229.67,1207.95,9784.84,12448.37,1529.38,290.87,582.98,3523.66,4190.5,7714.16,1350.0,4517.21,618.05,-732.3,239.5,183.33,7.1875,1.72,1.71,0.2,0.0,0.0,8.72,13.72,23.96,24.6,17.92,12.89,12.65,0.0,0.34,0.28,3,2008,0.0,1353.95,270.79
2008-06-30,1910.0699999999997,30.120000000000005,0.022021202352862982,0.13,999.73,90.90999999999997,281.33000000000004,6.0,1819.1499999999999,476.40999999999985,44.61,223.6,242.38,934.32,10323.48,12696.27,2073.75,279.45,3085.93,6511.67,1636.38,8148.05,1350.0,4356.9,370.51,-756.26,192.01999999999998,190.42,68.10936005976096,1.86,1.87,0.22,0.13,0.59,0.9489136286597323,1.6976345086570739,2.7666637865142403,2.8427370310059485,3.1790608487587657,7.5,7.43,0.0,0.14,0.11,6,2008,177.81045454545458,1367.7727272727275,300.91
2008-09-30,1995.3100000000004,3.9399999999999977,0.002972609480072165,-0.004152548943593723,1008.5700000000002,116.01000000000005,333.28,4.96,1879.29,-638.8699999999999,556.7,265.58,254.36,1664.31,13364.8,16193.67,1834.94,296.19,2969.6,6379.7,959.15,7338.85,1350.0,6134.79,236.9000000000001,1403.83,-1128.6399999999999,217.26999999999998,417.2344225888328,1.09,1.2,0.23,0.13,0.57,0.097191405609316,0.22902017385599457,0.2569368541905854,0.3076004592422501,0.31949089716253876,5.13,5.04,0.0,0.26,0.22,9,2008,-5.503932806324116,1325.4347826086957,304.85
2008-12-31,2177.829999999999,18.96999999999997,0.014059662775616062,0.0022945920036090742,1123.4699999999998,85.03999999999996,250.4000000000001,3.06,2092.8,35.18999999999994,85.58,267.24,284.52,1413.87,14225.62,17664.45,2568.37,335.49,2975.22,7234.15,4000.51,11234.66,1350.0,6099.36,139.18000000000006,-1271.91,661.61,165.36,54.41097785977868,0.68,1.84,0.24,0.13,0.54,0.42881971465628993,1.0989969736273222,1.2442801556420215,1.4668914829226092,1.5535927367055749,4.04,3.94,0.0,0.2,0.16,12,2008,3.0959782608695434,1349.25,323.82
2009-03-31,2214.46,125.06,0.09,0.0,1178.76,232.94,475.66,3.08,1981.51,608.52,126.0,247.76,261.81,1386.64,10815.94,18352.03,3269.86,294.58,2630.74,7704.96,4097.9,11802.86,1350.0,6204.8,397.57,-615.27,258.13,242.72,8.555,0.67,1.9,0.09,0.0,0.0,2.72,6.04,8.08,9.32,8.76,5.93,5.65,0.0,0.18,0.15,3,2009,0.0,1389.5555555555557,125.06
2009-06-30,2086.8900000000003,41.41999999999999,0.029855838539163855,0.09999999999999999,1033.6200000000001,124.26999999999998,346.21,3.08,1962.6299999999999,540.96,88.31,185.91,243.61,1201.28,11293.56,18502.4,4052.97,260.25,136.2,5716.15,6355.75,12071.9,1350.0,6104.96,263.96,-641.8499999999999,340.19000000000005,221.94000000000003,25.793949782713675,0.68,1.98,0.12,0.1,0.83,0.8956751561749157,2.278995675156174,2.7168813070639106,3.164718885151369,2.7765929841422388,4.08,3.87,3.49,0.21,0.17,6,2009,138.73333333333332,1387.3333333333333,166.48
2009-09-30,2030.5,-166.17,-0.0,,994.4499999999998,-80.52999999999997,-3.769999999999982,4.44,2111.0400000000004,-1039.91,98.5,220.54,229.04,1147.49,14956.7,19038.71,1655.53,267.5,221.2,3447.09,9365.8,12812.89,1350.0,5925.33,248.64,-839.7600000000002,601.32,76.75999999999993,-0.0,1.01,2.16,0.0,0.1,0.0,-0.0,-3366.282580645161,-21.44129032258064,-21.44129032258064,-3795.108387096774,0.01,0.0,1.86,0.33,0.27,9,2009,inf,inf,0.31
2009-12-31,2329.34,52.78,0.039766434356752686,-inf,1230.29,178.69,405.88,4.22,2150.6399999999994,161.90000000000003,115.1,309.96,259.35,1424.95,15489.73,19816.99,1649.5,338.51,525.2,4097.97,9442.46,13540.43,1350.0,5965.43,398.65,-791.98,409.91999999999985,227.19000000000005,26.529911898446386,0.96,2.27,0.04,0.1,2.5,1.0736937276323224,9.663243548690902,3.5392126577509884,3.4994462233942363,11.532265963458277,0.64,0.61,2.14,0.35,0.28,12,2009,-inf,1327.25,53.09
2010-03-31,2573.48,205.69,0.15,0.0,1294.47,369.84,663.74,4.12,2203.64,757.85,131.3,313.9,252.4,1507.02,12292.64,19896.98,1722.8,323.55,442.2,4040.52,9367.3,13407.82,1350.0,6159.51,537.07,-458.2,-62.67,293.9,6.8675,0.9,2.18,0.15,0.0,0.0,4.12,7.72,13.360000000000001,13.32,9.32,8.79,7.99,4.84,0.37,0.31,3,2010,0.0,1371.2666666666667,205.69
2010-06-30,2042.1600000000003,-204.6,-0.0,,1131.3700000000001,-70.26999999999998,120.25999999999999,3.96,2112.43,-574.87,134.97,177.96,252.59,1333.18,15656.57,19808.68,1638.92,304.34,447.2,3891.67,9739.4,13631.07,1350.0,5874.61,180.82999999999993,-354.58,177.42000000000002,190.53000000000003,-0.0,0.91,2.32,0.0,0.05,0.0,-7.508256880733944,-1171.2880733944953,-15.016513761467888,-15.016513761467888,-1411.5522935779816,0.02,0.02,2.24,0.34,0.28,6,2010,inf,inf,1.09
2010-09-30,2178.9299999999994,-142.98,-0.11084502079075341,-inf,1083.8799999999997,-34.69999999999999,218.71000000000004,5.5,2213.63,-85.10999999999999,112.07,195.99,249.51,1359.56,16007.05,20190.37,1021.98,337.84,1944.03,4643.95,9555.32,14199.28,1350.0,5717.94,208.81000000000006,-850.1000000000001,618.4,253.41000000000003,-12.404706952021261,1.3,2.48,-0.11,0.05,-0.45,-2.821509620128268,5.4414828388188035,-9.99620551131158,-9.834976390161392,6.852237648882937,-2.17,-2.09,1.23,0.29,0.24,9,2010,-inf,1289.9090909090908,-141.89
2010-12-31,2705.67,90.77999999999999,0.07104676188612795,-0.00047580085733088046,1400.9200000000005,253.14,528.8599999999999,4.96,2452.5199999999995,138.06,299.35,345.88,304.06,1625.03,16424.69,20687.8,1124.69,467.2,1949.03,5222.0,9384.66,14606.65,1350.0,5796.82,673.4300000000001,-552.4099999999999,66.25999999999999,275.7199999999999,17.453293677021374,1.16,2.52,-0.04,0.05,-1.25,1.7761690471531986,-18.18797104284876,6.25211504597926,6.181068284093132,-23.800665231852864,-0.56,-0.54,1.85,0.31,0.25,12,2010,-0.6079545454545325,1277.75,-51.11
2011-03-31,3075.92,400.94,0.3,0.0,1688.81,599.79,807.23,5.2,2476.13,459.55,348.12,299.3,303.1,1704.21,15711.04,20578.23,1123.6,410.26,1950.98,5038.37,9436.26,14474.63,1350.0,5806.86,532.41,-268.91,-214.74,207.44,4.3325,1.21,2.49,0.3,0.0,0.0,7.799999999999999,11.84,27.6,26.8,15.440000000000001,13.76,13.03,7.51,0.34,0.28,3,2011,0.0,1336.4666666666667,400.94
2011-06-30,2652.91,42.54000000000002,0.031654640570037,0.05,1332.35,206.56000000000006,473.53,8.35,2446.3499999999995,133.18,568.35,190.58,326.96,1848.61,15714.77,20623.28,1463.36,399.4,1954.9,5231.52,9409.58,14641.09,1350.0,5710.85,418.22,-329.91,131.93,266.97,65.93819934179592,1.97,2.56,0.33,0.05,0.15,0.8249391178858125,1.5309335257508803,2.9812916027780294,2.9390854153513137,2.010549291963562,8.09,7.74,4.32,0.35,0.29,6,2011,67.19393939393939,1343.8787878787878,443.48
2011-09-30,2822.1100000000006,31.899999999999977,0.023486473978711748,0.0005282536331381518,1412.79,192.34000000000003,419.27,8.05,2629.7800000000007,93.41999999999996,172.57,208.36,363.36,1569.52,16018.64,21297.37,1853.37,447.61,2569.76,6491.11,8830.66,15321.77,1350.0,5731.98,461.9699999999999,-1144.98,287.23,226.93,85.68761755485899,1.9,2.67,0.35,0.05,0.14,0.5985695654003108,1.2910850267154685,2.2251756489545187,2.2278598174092292,1.8118137069291924,5.8,5.56,3.02,0.24,0.19,9,2011,0.7174891774891847,1358.2285714285715,475.38
2011-12-31,3101.2699999999986,75.00999999999999,0.05587692363596721,-0.0005890109091475377,1605.2200000000003,260.97,473.2900000000002,10.0,2840.289999999999,204.99,315.94,269.0,399.89,1759.7,16275.96,21683.59,1917.87,571.61,2068.97,6511.92,9123.03,15634.95,1350.0,5795.97,740.9000000000001,-400.3700000000001,-197.16,212.31999999999994,44.74074156779097,2.33,2.7,0.41,0.05,0.12,1.3846574247351877,3.2435872744780974,5.178836824796962,5.178836824796962,4.524667962717346,4.93,4.72,2.99,0.27,0.21,12,2011,-0.7906968641114958,1342.4146341463415,550.39
2012-03-31,3808.03,565.6,0.42,0.0,2089.73,770.08,1077.74,12.9,3037.95,588.82,166.71,401.3,424.69,1769.82,17236.24,22651.97,1981.7,570.99,2199.17,6453.46,9426.57,15880.03,1350.0,6353.13,615.53,-549.18,-215.58,307.66,7.6775,2.74,2.5,0.42,0.0,0.0,10.0,14.24,35.6,37.20000000000001,19.0,15.63,14.85,5.6,0.27,0.21,3,2012,0.0,1346.6666666666667,565.6
2012-06-30,3537.4999999999995,163.73000000000002,0.12347154237450812,0.15,1815.44,366.85,672.8,12.5,3170.6500000000005,282.30999999999995,209.23,269.13,461.0,1751.99,17504.58,22771.11,2306.35,523.09,2274.93,6706.09,9199.64,15905.74,1350.0,6328.09,626.1600000000001,-441.6600000000001,-120.46000000000001,305.95,25.312512825994013,2.67,2.51,0.55,0.15,0.27,2.8735195316249165,4.705388233035801,10.353650062386025,10.883455226029369,6.357661963720127,10.33,9.93,4.63,0.26,0.19,6,2012,198.90818181818182,1326.0545454545454,729.33
2012-09-30,3496.37,103.76999999999998,0.07722650342095785,0.001970864569352151,1763.2299999999996,257.56999999999994,510.9499999999998,17.3,3238.7999999999993,984.86,247.35,318.22,452.57,1685.76,17574.7,22735.07,2411.25,518.46,2409.81,6899.52,8922.75,15822.27,1350.0,6411.46,627.6299999999999,-385.1,-289.31,253.38,55.99761491760625,3.64,2.47,0.62,0.15,0.24,1.8235419517464886,3.1538307526107303,6.472079222182209,6.835791141519624,4.389454807346056,7.98,7.68,3.39,0.24,0.18,9,2012,2.648269794721415,1343.7096774193549,833.1
2012-12-31,4597.59,747.67,0.5533846796181607,0.0008188741011679375,165.71000000000004,928.31,1239.1200000000003,26.0,3669.2800000000007,-468.8399999999999,356.28,836.14,473.38,1989.03,21987.92,27757.18,2599.44,1851.4,2419.86,7843.24,9855.12,17698.36,1350.0,9377.09,840.1299999999999,-635.9199999999998,-3.4700000000000273,310.80999999999995,11.744723407385612,3.74,1.89,1.17,0.15,0.13,10.764987442828495,17.783986285164826,31.89766050722116,39.427475976897334,22.059710647342747,10.9,10.24,4.49,0.25,0.19,12,2012,1.1063688999172996,1351.0854700854702,1580.77
2013-03-31,4575.91,649.01,0.48,0.0,1932.21,905.13,1304.29,38.75,3670.78,749.18,329.08,973.0,455.48,2118.41,22002.58,27884.56,2079.32,1688.1,2499.38,7126.54,10519.56,17646.1,1350.0,9701.62,1056.43,-542.19,-681.32,399.16,20.1825,5.39,1.82,0.48,0.0,0.0,9.32,14.320000000000002,26.759999999999998,32.32,17.44,14.68,14.18,7.76,0.3,0.23,3,2013,0.0,1352.1041666666667,649.01
2013-06-30,4240.889999999999,188.62,0.13961343313873667,0.3,1600.15,438.86,778.5799999999999,33.25,3802.03,298.43999999999994,234.88,863.16,470.76,1950.63,19429.13,27851.28,2269.81,1619.74,2466.12,7169.96,10652.61,17822.56,1350.0,9487.73,596.0699999999999,-499.71000000000004,-161.04999999999995,339.71999999999997,59.540474101367835,4.73,1.88,0.62,0.3,0.48,2.711202798371596,4.782885999785107,7.9534620297744825,9.53875004476917,5.854756873559925,9.83,9.5,5.41,0.27,0.21,6,2013,405.3048387096774,1351.016129032258,837.63
2013-09-30,4114.960000000001,193.9699999999999,0.1429015122140364,0.0014039575229208197,1551.81,475.53,879.71,38.25,3639.4299999999994,415.6500000000001,385.6,837.4,503.85,2044.37,22091.44,27781.97,2247.1,1727.68,1289.69,6124.25,11499.48,17623.74,1350.0,9657.45,1004.23,-192.39999999999986,-758.41,404.17999999999995,66.91811620353666,5.35,1.82,0.76,0.3,0.39,2.7903400542846053,5.415215199689801,8.032569212873204,9.657133772780144,6.317751066304767,8.2,7.98,4.83,0.33,0.25,9,2013,1.9056876061119965,1357.3684210526314,1031.6
2013-12-31,4647.120000000001,290.32000000000016,0.21522754780924727,-0.0018838627068760883,1793.2299999999996,516.3000000000002,951.21,27.5,4130.82,389.6400000000001,741.52,936.36,614.96,2463.45,22945.23,29211.92,2168.83,2331.83,1250.51,6418.3,11641.84,18060.15,1350.0,10344.37,1256.7599999999998,-607.03,-45.52999999999997,434.9100000000001,31.941543124827756,3.59,1.75,0.98,0.3,0.31,3.9795134350036334,7.203534253207459,11.226971677559918,11.780413943355125,9.004417816509324,7.73,7.52,3.85,0.38,0.29,12,2013,-2.5411385606873864,1348.8979591836735,1321.92
2014-03-31,4674.58,501.88,0.37,0.0,1998.51,815.54,1227.42,30.25,3859.04,685.31,517.1,835.7,593.71,2112.12,22684.22,28540.5,1768.76,1810.03,1358.61,5650.19,11264.2,16914.39,1350.0,10788.71,945.51,-340.48,-879.39,411.88,20.44,3.79,1.57,0.37,0.0,0.0,7.04,11.56,18.6,19.6,14.24,11.04,10.74,6.24,0.37,0.27,3,2014,0.0,1356.4324324324325,501.88
2014-06-30,4352.83,41.65999999999997,0.03065827721970782,0.4,1604.7900000000002,265.0799999999999,589.96,37.0,4087.76,179.0100000000001,263.99,605.8,595.78,1771.18,22505.96,27899.78,2001.66,1954.53,1340.57,5925.11,10924.1,16849.21,1350.0,10255.86,740.8299999999999,-219.06999999999994,-1007.7700000000001,324.88,301.71297407585234,4.87,1.64,0.4,0.4,1.0,0.5978364057843025,1.1895411561246634,1.6248886926445145,1.6892710748059008,1.5083872392096247,6.17,6.02,4.24,0.3,0.2,6,2014,543.54,1358.85,543.54
2014-09-30,4389.1900000000005,167.98000000000002,0.12512564650326063,-0.004874353496739315,1713.1399999999994,334.74,843.1700000000001,40.25,4054.45,230.18999999999994,327.88,343.65,605.33,1870.69,22319.09,27785.36,1334.77,2121.56,880.16,4842.08,11738.57,16580.65,1350.0,10396.93,811.1900000000003,-259.87,-220.51999999999975,508.43000000000006,80.4155685200619,5.23,1.59,0.53,0.4,0.75,2.4175219248931867,4.806713514729031,6.4593163930739825,6.704845963570947,5.8266055767933445,5.43,5.3,3.86,0.39,0.26,9,2014,-6.54377358490558,1342.4905660377358,711.52
2014-12-31,5069.789999999999,476.97,0.35316544522881976,0.0023890152670337688,1903.7700000000004,703.6900000000003,1193.4899999999998,31.0,4366.09,573.7,645.65,1031.43,634.97,2473.32,22760.15,28708.87,1312.78,2485.28,955.68,5344.5,11648.22,16992.72,1350.0,10914.88,1243.5299999999997,-615.0300000000001,-288.75,489.79999999999995,21.9460881711638,3.83,1.56,0.88,0.4,0.45,6.645931560215063,11.750777541249821,17.48168953882658,17.947225807537297,14.560048128297254,6.61,6.43,5.21,0.46,0.34,12,2014,3.2265008576329137,1350.5568181818182,1188.49
2015-03-31,5200.17,833.83,0.62,0.0,2273.12,1117.01,1566.65,32.75,4083.16,963.57,507.53,542.74,607.6,2363.41,22454.44,28255.41,719.36,2006.57,1700.28,5125.92,10563.68,15689.61,1350.0,11710.01,1147.28,-238.9,-1153.08,449.64,13.205,3.78,1.34,0.62,0.0,0.0,11.8,15.72,28.479999999999997,29.640000000000004,19.32,16.52,16.03,9.01,0.46,0.34,3,2015,0.0,1344.8870967741937,833.83
2015-06-30,4556.76,246.2499999999999,0.18239389674838893,0.4,1741.3000000000002,460.6500000000001,922.7999999999997,37.25,4096.12,394.66999999999996,340.74,319.56,586.9,2039.42,22336.32,27760.95,748.27,2037.72,1759.98,5202.76,10346.25,15549.01,1350.0,11387.11,870.1100000000001,-218.72,-741.72,462.15,51.05433989847718,4.42,1.37,0.8,0.4,0.5,3.547561291756165,5.170866972816826,8.654590400711056,9.101455447744609,6.374666691356194,11.32,11.07,7.84,0.39,0.28,6,2015,540.04,1350.1,1080.08
2015-09-30,4559.110000000001,293.59000000000015,0.21800126667977035,-0.00099936666011481,1677.71,463.77,869.44,37.5,4095.340000000001,227.05999999999995,341.83,952.98,617.0,2105.98,22477.72,27993.85,689.39,2162.74,4303.96,7723.81,7770.52,15494.34,1350.0,11689.54,789.9999999999998,-380.36,-473.1899999999998,405.6700000000001,42.99883272591026,4.33,1.33,1.02,0.4,0.39,4.197593017245774,6.257918714101643,10.045156405832554,10.635042186260169,8.608912766530539,9.91,9.6,6.49,0.27,0.19,9,2015,-1.3458823529410893,1346.735294117647,1373.67
2015-12-31,4975.34,302.01,0.22348682325981092,0.0013673816705141132,2064.0999999999995,532.78,1308.2000000000003,44.0,4442.549999999997,593.9199999999998,448.31,492.64,675.07,2335.4,18915.48,24499.3,465.54,2524.83,4062.65,7665.94,6879.09,14545.04,1350.0,9257.81,1303.8300000000004,-928.4000000000001,-232.60000000000036,775.4200000000001,49.214534618059,6.42,1.57,1.24,0.4,0.32,4.93112861644228,6.9785562875966765,13.048746777427672,11.974568175307933,11.022946863362932,8.9,8.69,7.45,0.3,0.22,12,2015,1.847817836812169,1351.3548387096776,1675.68
2016-03-31,5344.86,757.66,0.56,0.0,2352.6,1076.39,1573.99,42.75,4268.47,923.52,856.02,1188.94,647.82,2886.07,18714.01,24713.31,331.21,2204.87,3247.1,6538.23,7426.58,13964.81,1350.0,9995.18,1220.16,-353.54,-514.55,497.6,19.085,5.77,1.4,0.56,0.0,0.0,12.28,16.24,30.319999999999997,27.920000000000005,23.679999999999996,14.59,14.18,9.48,0.44,0.34,3,2016,0.0,1352.9642857142856,757.66
2016-06-30,4905.680000000001,354.0200000000001,0.26113305987334484,0.5,1908.9100000000003,531.6499999999999,1018.95,37.25,4374.03,397.21000000000004,1135.22,840.95,642.15,2912.65,18547.96,24489.7,798.49,2186.94,4251.07,7866.99,6214.08,14081.07,1350.0,9674.78,1058.4999999999998,-306.08,-479.5300000000001,487.29999999999995,35.66438506299078,5.2,1.46,0.82,0.5,0.61,5.783141911341394,7.846729994242949,14.636189550949917,13.451537132987914,12.317837507196318,11.16,10.85,9.6,0.37,0.29,6,2016,677.8536585365855,1355.707317073171,1111.68
2016-09-30,4755.199999999999,321.9399999999998,0.23803825281455326,-0.0011961873081993309,1795.5199999999995,479.8299999999999,911.19,39.0,4275.370000000001,365.5999999999999,1056.66,0.0,707.32,2897.23,18403.02,24230.83,375.36,2245.42,1121.45,4253.62,9296.89,13550.51,1350.0,9986.61,746.2000000000003,-248.05999999999995,-480.13,431.36,40.957072591166074,5.27,1.36,1.06,0.5,0.47,5.317684742121341,7.186060462326136,12.898978529875414,11.883947489571849,9.386791478913514,9.82,9.55,8.06,0.68,0.51,9,2016,-1.6178094799818155,1352.4716981132074,1433.62
2016-12-31,4934.519999999999,415.93000000000006,0.30808796734340793,-0.000901902196505717,1935.6599999999999,581.3000000000002,1246.6099999999997,39.75,4353.219999999999,490.75,1089.3,937.88,780.76,3042.74,18288.24,24396.81,719.99,2232.78,1127.2,4705.65,8573.88,13279.53,1350.0,10404.24,1150.77,-657.7600000000001,-436.80999999999995,665.3100000000002,32.250285805303776,5.16,1.28,1.37,0.5,0.36,6.818413992592794,9.822833878510991,15.993588494498665,16.920101213808767,12.197584926063099,9.51,9.28,8.94,0.65,0.48,12,2016,-1.2176008814212764,1350.0364963503648,1849.55
2017-03-31,5360.0,783.01,0.58,0.0,2318.67,1082.87,1521.25,35.5,4277.13,889.56,1160.79,1072.17,704.49,3917.36,18009.48,24974.28,173.66,2054.57,1185.17,4187.05,9116.47,13303.52,1350.0,11128.83,1213.28,-914.96,-232.45,438.38,15.3025,4.31,1.2,0.58,0.0,0.0,12.56,17.44,28.16,29.639999999999997,20.84,15.15,14.61,11.63,0.94,0.77,3,2017,0.0,1350.0172413793105,783.01
2017-06-30,4805.75,398.28,0.2966980165751001,0.55,1908.62,472.5200000000002,930.02,38.0,4333.2300000000005,369.05999999999995,572.88,788.93,672.82,2904.16,17900.14,23799.72,208.96,2128.49,214.08,3179.35,9337.07,12516.42,1350.0,10772.92,1211.3100000000002,-259.18000000000006,-1477.45,457.5,32.01774015767802,4.76,1.16,0.88,0.55,0.63,6.689191646420439,8.685160121562022,14.794442008312945,15.576645870192756,10.16865020443752,11.97,11.62,11.81,0.91,0.7,6,2017,738.3062500000001,1342.375,1181.29
2017-09-30,4889.15,368.53999999999996,0.27346289593052137,0.0021643099565758625,1880.4399999999996,527.9799999999998,1076.0,44.5,4361.17,421.95000000000005,1276.95,370.24,644.81,2993.44,17778.51,24073.18,183.97,2227.32,231.08,3174.71,9278.82,12453.54,1350.0,11128.17,949.7799999999997,-72.6099999999999,-150.8699999999999,548.0200000000001,40.68650689206057,5.4,1.12,1.15,0.55,0.48,6.125568868843679,8.208642754366608,13.249871792390133,13.96325326003497,9.483217643225386,10.58,10.29,10.6,0.94,0.74,9,2017,2.9167934782608427,1347.6782608695653,1549.83
