,revenue,net_profit,eps,dps,gross_profit,ebit,ebitda,close_price,expense,operating_profit,cash,account_receivable,inventory,current_asset,property_plant_equipment,total_asset,short_term_loan,account_payable,current_portion_long_term_debt,current_liability,non_current_liability,total_liability,paid_in_capital,total_equity,cash_flow_operation,cash_flow_investment,cash_flow_financing,depreciation,P/E,P/BV,D/E,EPS,DPS,DPR%,ROA%,ROAA%,ROE%,ROAE%,ROCE%,NPM%,NPMA%,TIE,CurrentRatio,QuickRatio,month,year,dividend,number_of_shares,return_old
2000-03-31,858.5,86.43,6.04,0.0,102.69,97.08,114.05,3.5,761.42,89.9,156.22,133.7,572.08,998.37,533.99,1534.84,97.88,48.34,93.75,294.96,4.95,299.91,143.0,1244.86,142.34,-2.98,-138.07,16.97,0.145,0.4,0.24,6.04,0.0,0.0,22.52,0.0,27.76,0.0,31.32,10.29,10.07,0.0,3.38,1.45,3,2000,0.0,14.309602649006624,86.43
2000-06-30,1062.65,65.47,4.577296905859117,18.0,73.33000000000001,77.35000000000001,96.67999999999999,2.95,985.3000000000001,-21.930000000000007,81.15,314.03,610.25,1059.94,521.08,1583.6,386.61,55.26,31.25,537.69,4.9,542.58,143.0,1051.43,-125.80000000000001,72.87,-27.22,19.33,0.16241026424316482,0.4,0.52,10.62,18.0,1.69,16.533437788018432,0.0,24.91221856484529,0.0,28.756803159973668,8.37,7.91,0.0,1.97,0.84,6,2000,257.4576271186441,14.30320150659134,151.9
2000-09-30,1370.8199999999997,166.77,11.659822386795119,-0.0003010393303140849,205.77,177.63,196.85,3.07,1193.1899999999998,135.2,122.88,246.59,739.48,1150.36,508.93,1661.89,297.03,51.1,31.25,440.28,4.91,445.18,143.0,1217.7,183.55,-47.84,-94.07000000000002,19.220000000000006,0.06687923487437789,0.36,0.37,22.28,18.0,0.81,40.14998085794082,0.0,54.782325289484426,0.0,60.329637556092514,10.17,9.68,0.0,2.61,0.93,9,2000,-0.004305754191705091,14.302962298025134,318.67
2000-12-31,1544.8300000000004,169.82,11.875475854162826,-0.0036550549851426333,199.34999999999997,178.07999999999998,195.00000000000006,3.87,1366.75,119.75000000000003,121.69,324.56,703.49,1209.48,497.58,1709.63,186.84,49.3,0.0,315.83,4.89,320.73,143.0,1390.02,146.79,-14.010000000000002,-142.8,16.919999999999995,0.07910419856318456,0.4,0.23,34.16,18.0,0.53,39.728611844664165,0.0,48.8646629408995,0.0,52.89731867591967,10.58,10.1,0.0,3.83,1.6,12,2000,-0.05226750028373317,14.30005854800937,488.49
2001-03-31,1070.62,143.46,10.03,0.0,168.09,151.96,168.36,5.17,918.66,108.34,86.79,209.7,941.66,1298.01,486.56,1787.25,106.61,67.79,0.0,251.87,4.9,256.77,143.0,1530.48,50.61,-5.28,-80.22,16.4,0.13,0.48,0.17,10.03,0.0,0.0,32.12,36.6,37.48,41.36,39.6,13.98,13.4,0.0,5.15,1.41,3,2001,0.0,14.303090727816553,143.46
2001-06-30,965.8700000000001,135.31999999999996,4.7326565750771215,24.0,176.79,142.79,159.74,6.43,823.08,119.32999999999998,80.89,214.4,1220.54,1569.72,478.85,2051.19,606.92,64.19,0.0,716.69,4.9,721.59,143.0,1329.6,-129.12,-9.05,132.26,16.950000000000003,0.3399253621046409,0.69,0.54,9.75,24.0,2.46,26.386380658583825,31.492795752923445,40.71540856589424,45.47233517468971,42.89000358705788,14.16,13.69,0.0,2.19,0.49,6,2001,686.2276923076922,28.59282051282051,278.78
2001-09-30,923.3,125.38000000000005,4.383460510688838,0.008518180157138618,178.07000000000005,138.04000000000002,155.08999999999997,5.7,785.2700000000002,121.03999999999999,80.59,266.23,1507.63,1902.55,478.02,2383.02,816.7,66.68,0.0,927.5,5.04,932.54,143.0,1450.48,-194.13,-16.090000000000003,209.92,17.049999999999997,0.32234806189184867,0.56,0.64,14.13,24.0,1.7,21.045574030087103,26.55514647664292,34.5713262074426,37.58670031670626,36.89179928741094,14.06,13.66,0.0,2.05,0.43,9,2001,0.24364527192562946,28.602972399150744,404.16
2001-12-31,924.77,171.87999999999994,6.009414623984444,-0.0009942692408591138,272.28999999999996,182.32,199.26000000000005,7.07,742.4399999999996,188.63000000000005,64.03,196.26,1686.41,1992.24,471.43,2466.09,730.03,33.03,0.0,834.44,5.3,839.73,143.0,1626.36,100.05999999999997,-12.799999999999997,-86.82,16.940000000000005,0.29324819641610433,0.62,0.52,20.14,24.0,1.19,27.880819387542523,35.16134157350183,42.274769807652234,45.58084299701408,44.99601416568293,15.22,14.83,0.0,2.39,0.37,12,2001,-0.028437877532496714,28.60178748758689,576.04
2002-03-31,726.51,99.74,3.49,10.0,153.24,107.08,123.56,9.45,619.44,101.92,3.45,144.18,1794.89,1984.4,472.5,2519.33,694.36,51.03,0.0,786.58,5.44,792.02,143.0,1727.3,52.26,-17.17,-35.68,16.48,0.6775,0.78,0.46,3.49,10.0,2.87,15.84,19.88,23.08,24.48,24.72,13.9,13.73,0.0,2.52,0.24,3,2002,285.7879656160458,28.57879656160458,99.74
2002-06-30,536.6500000000001,11.36,0.026585058505850585,9.331189279386392,59.73999999999998,18.35000000000001,34.629999999999995,5.95,518.29,8.480000000000004,2.89,193.7,1928.36,2177.2,463.02,2702.63,1156.83,50.19,0.0,1240.71,5.47,1246.18,428.98,1456.46,-171.15,-5.869999999999997,176.48000000000002,16.279999999999998,55.94119718309859,1.75,0.86,0.26,10.0,38.46,1.680993699369937,2.1595247524752477,3.120676867686769,3.263827182718272,3.5092277227722772,8.97,8.8,0.0,1.75,0.2,6,2002,3987.288957460877,427.30769230769226,111.1
2002-09-30,671.8799999999999,41.45000000000002,0.0978171091445428,-0.08395734059450609,86.81000000000003,52.31,70.11000000000001,4.48,619.5799999999999,35.73999999999998,2.94,208.52,2100.8,2358.92,455.3,2876.68,1284.67,52.69,0.0,1374.98,5.58,1380.56,428.98,1496.11,-117.69000000000001,-10.11,127.83999999999997,17.800000000000004,11.445850422195411,1.28,0.92,0.36,10.0,27.78,5.760340871845298,7.347151753523437,11.085939036381518,11.248967551622423,12.868384136348743,8.04,7.88,0.0,1.72,0.19,9,2002,-35.57692307692196,423.75000000000006,152.55
2002-12-31,1086.42,-112.12,-0.24958694039079893,0.567029433588918,124.0,-99.28000000000002,-84.22,5.15,1185.69,-109.28999999999999,5.16,263.84,1968.14,2286.56,443.79,2792.83,1278.55,55.86,0.0,1398.34,5.3,1403.64,428.98,1389.19,11.810000000000002,-3.469999999999999,-6.1200000000000045,15.060000000000002,-5.15832277916518,1.59,1.01,0.09,10.0,111.11,-16.084491714073707,-33.05640366064803,-32.27991095721,-29.72857778877072,-62.452198862231015,1.36,1.34,0.0,1.64,0.23,12,2002,254.72222222222172,449.22222222222223,40.43
2003-03-31,796.84,40.01,0.09,0.0,119.35,51.08,108.82,4.3,745.75,62.54,3.04,252.52,2004.25,2307.83,435.24,2805.49,1295.26,42.98,0.0,1376.79,5.4,1382.19,428.98,1423.3,-46.94,28.12,16.71,57.74,11.945,1.3,0.97,0.09,0.0,0.0,5.72,7.680000000000001,11.24,10.16,14.32,5.21,5.02,0.0,1.68,0.22,3,2003,0.0,444.55555555555554,40.01
2003-06-30,694.4599999999999,-2.9399999999999977,-0.007137847315888853,0.07,75.16,7.530000000000001,52.31999999999999,4.76,686.94,20.029999999999994,3.99,193.02,2073.16,2286.78,420.09,2769.19,1291.5,49.31,0.0,1373.5,5.36,1378.87,428.98,1390.33,37.11,-2.3800000000000026,-33.79,44.79,-166.72043367346953,1.47,0.99,0.09,0.07,0.78,-0.4250984623684917,-0.678888589155651,-0.847024548152144,-0.8248179120582676,-1.3323981656325858,2.56,2.49,0.0,1.66,0.16,6,2003,28.832222222222228,411.8888888888889,37.07
2003-09-30,771.3399999999999,6.109999999999999,0.014150069476609541,0.003227831815140739,99.32,16.349999999999994,64.19000000000003,4.62,754.98,38.68000000000001,2.58,143.44,1998.6,2160.2,401.26,2623.77,1157.07,35.69,0.0,1222.14,5.19,1227.34,428.98,1396.44,134.24,-1.2099999999999973,-134.43,47.84,81.6250409165303,1.42,0.88,0.1,0.07,0.7,0.9339045854562297,1.5451875868457619,1.748948587308939,1.6923483094025011,3.028114867994441,1.95,1.91,0.0,1.77,0.13,9,2003,1.3937777777777711,431.79999999999995,43.18
2003-12-31,558.5799999999999,-82.03,-0.19003088803088802,-2.1621621621606893e-05,78.13,-72.75999999999999,-154.65,3.6,631.3400000000001,17.810000000000002,3.78,110.5,1876.7,2012.49,394.66,2461.47,1081.02,23.27,0.0,1140.63,6.44,1147.06,428.98,1314.4,78.17000000000002,-0.9299999999999997,-76.05000000000001,-81.89,-4.736072168718762,1.17,0.87,-0.09,0.07,-0.78,-13.344391248391249,0.6756653796653797,-24.999619047619046,-24.239495495495493,1.4357889317889319,-1.41,-1.38,0.0,1.76,0.12,12,2003,-0.009333333333326976,431.6666666666667,-38.85
2004-03-31,618.44,-12.74,-0.03,0.0,27.58,-4.8,12.92,3.12,623.24,-22.91,3.74,139.27,1555.96,1712.93,378.98,2146.23,800.61,14.68,0.0,838.13,6.43,844.56,428.98,1301.67,282.12,-1.76,-280.41,17.72,-26.0,1.03,0.65,-0.03,0.0,0.0,-2.36,-0.76,-3.9199999999999995,-3.76,-1.48,-2.1,-2.06,0.0,2.04,0.19,3,2004,0.0,424.6666666666667,-12.74
2004-06-30,656.8599999999999,27.54,0.05582432432432432,0.0,73.24,32.26,49.73,2.8,624.5999999999999,23.95,3.72,158.5,1195.71,1370.05,364.55,1788.91,409.5,16.78,0.0,453.11,6.6,459.71,428.98,1329.2,393.93999999999994,-2.8500000000000005,-391.10999999999996,17.47,12.53888888888889,0.9,0.35,0.03,0.0,0.0,6.177891891891892,8.93189189189189,8.261999999999999,8.113135135135135,15.33308108108108,1.18,1.16,0.0,3.02,0.38,6,2004,0.0,493.33333333333337,14.8
2004-09-30,743.22,46.7,0.10630894308943091,0.0,87.37,49.76,67.29999999999998,2.94,693.46,31.58,9.12,429.68,989.09,1437.74,350.18,1839.25,401.26,25.54,0.0,456.96,6.38,463.35,428.98,1375.9,13.960000000000036,-0.3199999999999994,-8.230000000000018,17.54,6.913811563169165,0.92,0.34,0.14,0.0,0.0,10.144910569105692,10.50939837398374,13.577170731707318,13.486048780487808,16.979056910569106,3.12,3.05,0.0,3.15,0.98,9,2004,0.0,439.2857142857142,61.5
2004-12-31,554.4299999999998,51.620000000000005,0.11864568599717115,0.0,90.95999999999998,54.22,69.12,2.98,500.20000000000005,-13.879999999999999,5.1,408.36,988.83,1410.17,334.06,1795.56,309.8,13.35,0.0,361.72,6.3,368.03,428.98,1427.53,88.74000000000001,-1.29,-91.47000000000003,14.899999999999999,6.278357225881441,0.9,0.26,0.26,0.0,0.0,11.49950495049505,11.28046676096181,14.456520509193778,15.058875530410186,16.738168316831686,4.46,4.4,0.0,3.9,1.16,12,2004,0.0,435.0769230769231,113.12
2005-03-31,375.91,2.87,0.01,0.0,50.33,4.68,21.04,3.54,371.22,-1.69,8.09,245.18,1102.18,1367.88,322.21,1741.43,255.02,17.83,0.0,304.73,6.29,311.02,428.98,1430.4,63.17,-5.4,-54.78,16.36,88.5,1.06,0.22,0.01,0.0,0.0,0.64,0.96,0.8,0.84,1.32,0.77,0.76,0.0,4.49,0.87,3,2005,0.0,287.0,2.87
2005-06-30,503.7,41.99,0.09360231832367366,0.26,95.11999999999999,44.160000000000004,60.589999999999996,3.02,459.54999999999995,38.65,8.1,278.65,1131.34,1429.6,308.23,1789.17,347.8,21.85,0.0,422.13,6.18,428.31,428.98,1360.86,21.700000000000003,-2.9399999999999995,-18.75,16.43,8.066039533222195,0.95,0.31,0.1,0.26,2.6,9.397672759696835,10.221373160945163,12.355506018724922,12.5052697280428,13.366411056620597,5.14,5.1,0.0,3.39,0.71,6,2005,116.636,448.59999999999997,44.86
2005-09-30,529.4499999999999,4.579999999999998,0.011116504854368927,-0.023097087378640756,110.53,7.039999999999999,23.58,3.42,522.4100000000001,10.82,1.46,168.85,1272.83,1456.59,297.01,1805.75,362.31,29.22,0.0,434.41,5.9,440.31,428.98,1365.44,-14.120000000000005,-7.029999999999999,14.509999999999998,16.54,76.91266375545854,1.07,0.32,0.12,0.26,2.17,1.0153074433656955,1.1375889967637536,1.3413915857605174,1.3376860841423943,1.5081391585760515,3.57,3.51,0.0,3.35,0.42,9,2005,-9.515999999999991,412.0,49.44
2005-12-31,586.8800000000001,66.09,0.15445598545832254,0.009654635159698746,103.87000000000003,69.12,80.01,2.52,517.76,40.349999999999994,8.73,194.05,1167.41,1377.9,287.57,1717.61,227.45,16.4,0.0,281.34,4.75,286.09,428.98,1431.52,144.51,-2.369999999999999,-134.85999999999999,10.89,4.077375170222424,0.76,0.2,0.27,0.26,0.96,15.399833809400159,16.292246169826022,18.46607115035056,18.488953518566607,19.907660347961567,5.89,5.79,0.0,4.9,0.75,12,2005,4.131111111111096,427.88888888888886,115.53
2006-03-31,510.67,19.99,0.05,0.0,65.42,22.16,31.48,3.18,488.52,11.53,4.65,172.02,1126.31,1311.61,277.28,1641.04,135.77,16.77,0.0,184.61,4.91,189.52,428.98,1451.52,88.12,-0.52,-91.68,9.32,15.900000000000002,0.94,0.13,0.05,0.0,0.0,4.88,5.240000000000001,5.52,5.5600000000000005,6.08,3.99,3.91,0.0,7.1,1.0,3,2006,0.0,399.79999999999995,19.99
2006-06-30,596.6899999999998,-5.659999999999998,-0.011849267271458476,0.2700000000000001,55.730000000000004,-3.59,5.190000000000001,2.7,600.27,-6.859999999999999,6.09,256.64,1012.33,1284.48,274.2,1610.85,207.13,24.65,0.0,280.1,0.72,280.82,428.98,1330.03,51.71000000000001,-5.8100000000000005,-44.45999999999998,8.780000000000001,-56.96554770318023,0.87,0.21,0.03,0.27,9.0,-1.4061130495464058,-1.7220935101186319,-1.7062944870900205,-1.6904954640614094,-2.2118632240055818,1.32,1.29,0.0,4.59,0.97,6,2006,128.97000000000003,477.6666666666667,14.33
2006-09-30,535.6600000000001,26.86,0.06521000242777374,-0.04310997815003646,80.56,29.9,40.620000000000005,2.32,505.76,10.92,8.49,295.89,1075.35,1388.17,270.56,1711.46,274.12,28.68,0.0,349.4,0.97,350.37,428.98,1361.09,-57.57000000000001,-7.02,66.98999999999998,10.719999999999999,8.89434102755026,0.73,0.26,0.1,0.27,2.7,6.2862442340373885,7.199184268026219,7.903452294246176,7.877368293275067,9.28590434571498,2.54,2.51,0.0,3.97,0.9,9,2006,-17.75700000000002,411.9,41.19
2006-12-31,570.5100000000002,25.659999999999997,0.06141510845175767,0.0038207928197456532,80.98999999999998,28.03,35.83999999999999,2.28,542.4800000000002,12.370000000000001,2.4,197.82,1031.84,1240.44,270.49,1563.11,121.11,13.94,0.0,175.4,0.97,176.37,428.98,1386.74,151.88,-4.959999999999999,-153.01,7.810000000000002,9.281103858144974,0.71,0.13,0.16,0.27,1.69,6.571416604338071,7.154860134629768,7.400520568436799,7.277690351533284,8.459931189229618,3.06,3.02,0.0,7.07,1.19,12,2006,1.5963749999999806,417.81249999999994,66.85
2007-03-31,529.76,18.89,0.04,0.0,72.73,20.64,29.67,2.16,509.12,19.73,21.34,224.46,1007.89,1262.5,274.75,1589.47,123.0,21.6,0.0,182.85,0.99,183.83,428.98,1405.63,28.1,-11.05,1.89,9.03,13.5,0.66,0.13,0.04,0.0,0.0,4.76,5.12,5.36,5.28,5.88,3.6,3.57,0.0,6.9,1.39,3,2007,0.0,472.25,18.89
2007-06-30,554.4300000000001,14.829999999999998,0.03518386714116251,0.16,60.42999999999999,16.07,25.439999999999998,1.99,538.36,0.370000000000001,7.74,251.63,974.56,1242.34,280.26,1574.91,168.34,18.71,0.0,222.2,0.88,223.08,428.98,1351.83,23.979999999999997,-14.29,-23.29,9.37,14.142845583277142,0.63,0.17,0.08,0.16,2.0,3.7646737841043887,4.046144721233689,4.380391459074733,4.415575326215895,4.7674139976275205,3.17,3.11,0.0,5.59,1.21,6,2007,67.44,421.5,33.72
2007-09-30,531.79,9.840000000000003,0.02258953168044078,0.005179063360881576,76.87,12.049999999999997,21.299999999999997,1.96,519.73,7.509999999999998,28.13,234.67,990.93,1263.15,292.78,1608.19,168.76,28.26,0.0,245.63,0.9,246.53,428.98,1361.66,35.39,-15.419999999999998,0.41999999999999815,9.25,21.69146341463414,0.62,0.18,0.1,0.16,1.6,2.4487052341597804,2.6565289256198357,2.89146005509642,2.89146005509642,3.234820936639119,2.72,2.7,0.0,5.14,1.11,9,2007,2.2560000000000144,435.6,43.56
2007-12-31,436.8899999999999,-29.1,-0.06037344398340248,0.015402489626555998,34.19,-28.209999999999997,-18.839999999999996,1.82,465.1199999999999,-34.28,54.47,160.7,896.68,1123.54,306.21,1482.02,73.56,16.14,0.0,148.52,0.92,149.44,428.98,1332.57,139.23,-17.690000000000005,-95.2,9.370000000000005,-7.536840206185567,0.59,0.11,0.03,0.16,5.33,-7.888796680497925,-10.867219917012449,-8.774273858921163,-8.532780082987554,-12.396680497925312,0.71,0.7,0.0,7.56,1.53,12,2007,7.423999999999992,482.00000000000006,14.46
2008-03-31,432.73,-34.72,-0.08,0.0,10.84,-34.52,-25.14,1.89,467.25,-41.61,54.2,175.2,759.72,1001.1,305.6,1351.98,0.0,12.33,0.0,53.14,0.98,54.13,428.98,1297.85,73.15,0.14,-72.41,9.38,-5.9075,0.62,0.04,-0.08,0.0,0.0,-10.28,-9.4,-10.72,-10.28,-10.64,-8.16,-8.02,0.0,18.84,4.54,3,2008,0.0,434.0,-34.72
2008-06-30,418.37,6.699999999999999,0.016738044254104214,0.16000000000000003,21.19,6.720000000000002,16.61,1.61,411.65,-33.099999999999994,39.18,188.67,723.04,961.34,300.19,1308.24,0.0,17.28,0.0,71.27,1.04,72.31,428.98,1235.92,54.41999999999999,-0.81,-68.63,9.889999999999999,24.047014925373137,0.56,0.06,-0.07,0.16,-2.29,2.0468236973590295,1.8459671663097785,2.1711634546752316,2.0755174875089217,2.15203426124197,-3.34,-3.29,0.0,13.49,3.34,6,2008,64.04571428571428,400.2857142857142,-28.02
2008-09-30,451.51999999999987,21.04,0.0602865329512894,-0.023512075317232893,70.47,21.130000000000003,31.47,1.69,430.4,10.999999999999993,48.69,136.56,799.06,993.54,296.53,1334.52,20.0,22.98,0.0,76.42,1.16,77.57,428.98,1256.95,-5.329999999999998,-5.16,19.999999999999986,10.34,7.008198669201522,0.58,0.06,-0.02,0.16,-8.0,6.269799426934098,5.4257879656160455,6.752091690544413,6.390372492836676,6.390372492836676,-0.54,-0.54,0.0,13.0,2.54,9,2008,-8.20571428571428,349.0,-6.98
2008-12-31,484.0200000000002,56.400000000000006,0.13694860380412788,0.02441116956697695,104.75999999999999,56.63,67.33,1.02,427.3700000000001,49.09,44.42,202.71,839.51,1094.87,309.86,1449.17,82.78,15.8,0.0,138.07,1.39,139.46,428.98,1309.71,-38.849999999999994,-24.549999999999997,59.13000000000001,10.700000000000003,1.8620124113475176,0.33,0.11,0.12,0.16,1.33,15.566491299069204,15.566491299069204,17.209874544718737,17.07292594091461,17.392472683124243,2.81,2.77,0.0,7.93,1.85,12,2008,10.053333333333342,411.83333333333337,49.42
2009-03-31,497.06,32.7,0.08,0.25,71.24,33.72,44.76,1.13,463.34,23.85,263.83,154.48,713.51,1139.79,301.61,1485.69,104.66,14.57,0.0,141.99,1.29,143.28,428.98,1342.41,198.8,-1.27,21.88,11.04,3.5325,0.36,0.11,0.08,0.25,3.13,8.8,9.52,9.76,9.92,10.04,6.75,6.58,0.0,8.03,3.0,3,2009,102.1875,408.75,32.7
2009-06-30,591.76,30.14,0.07194462126034372,0.0060769414385741915,98.39999999999999,33.56,44.78000000000001,1.74,558.2,50.580000000000005,297.94,239.04,584.92,1128.93,299.54,1474.51,162.38,18.48,0.0,207.46,0.94,208.4,428.98,1266.1,91.37,-8.530000000000001,-48.730000000000004,11.220000000000002,6.046317186463172,0.59,0.16,0.15,0.25,1.67,8.172908975175048,9.285652450668364,9.515875238701463,9.630986632718013,10.18735837046467,5.82,5.77,0.0,5.44,2.62,6,2009,2.5458333333333485,418.9333333333334,62.84
2009-09-30,536.8300000000002,60.61,0.14238072093965168,0.00396786823275279,106.03000000000003,61.44,73.11999999999999,2.3,475.3900000000001,59.06,208.82,114.96,713.16,1044.74,290.18,1380.97,0.56,24.3,0.0,53.49,0.77,54.26,428.98,1326.71,74.63,-1.9399999999999995,-161.81,11.679999999999996,4.03794134631249,0.74,0.04,0.29,0.25,0.86,17.55701579586877,18.61750668286756,18.26400972053463,18.774616443904417,19.049558525718915,7.67,7.59,0.0,19.53,6.2,9,2009,1.6890804597701106,425.68965517241384,123.45
2009-12-31,560.94,59.7,0.14016380016380017,0.00014120703775874588,103.50999999999999,61.03999999999999,72.97,3.76,499.89999999999986,31.769999999999982,250.1,135.41,706.44,1102.01,283.63,1431.7,0.05,12.68,0.0,44.0,1.28,45.28,428.98,1386.41,44.870000000000005,-3.08,-0.5200000000000102,11.93,6.70322864321608,1.16,0.03,0.43,0.25,0.58,16.676232596232595,17.171695331695332,17.223849303849306,17.71931203931204,17.823619983619984,8.46,8.38,0.0,25.05,8.99,12,2009,0.06014434643142863,425.93023255813955,183.15
2010-03-31,436.22,27.52,0.06,0.41,64.19,28.11,39.43,3.82,408.1,16.88,344.54,102.47,641.08,1136.3,288.87,1491.17,0.6,16.04,0.0,53.45,1.22,54.67,436.5,1436.5,136.2,-64.88,23.12,11.32,15.9175,1.16,0.04,0.06,0.41,6.83,7.400000000000001,7.56,7.68,7.92,7.84,6.5,6.31,0.0,21.26,9.27,3,2010,188.05333333333334,458.6666666666667,27.52
2010-06-30,618.46,45.540000000000006,0.10596496030659734,-0.02757277123825172,85.30000000000001,47.19,59.01,6.0,571.28,14.11,312.91,93.27,588.09,1004.96,300.26,1371.25,1.68,23.13,0.0,58.73,1.26,60.0,438.79,1311.25,133.17000000000002,4.909999999999997,-169.70000000000002,11.82,14.153971234079929,2.01,0.05,0.17,0.41,2.41,13.289252669039147,13.189520941691761,13.887643033123464,14.136972351491927,14.31150287434985,7.08,6.93,0.0,17.11,7.1,6,2010,-11.84980392156865,429.7647058823529,73.06
2010-09-30,572.0999999999999,48.66,0.11193558987840947,0.004668187353811028,76.79999999999998,49.08,60.97999999999999,4.98,523.0200000000001,17.27,305.5,83.87,635.06,1059.13,319.46,1444.64,0.34,24.61,0.0,70.92,1.42,72.35,442.91,1372.29,2.569999999999993,-21.010000000000005,11.030000000000001,11.899999999999999,11.125147965474723,1.61,0.05,0.28,0.41,1.46,13.48024318107131,14.071902727571477,14.183838317449883,14.423700295760762,14.471672691422937,7.67,7.48,0.0,14.93,5.98,9,2010,2.0293277310924225,434.71428571428567,121.72
2010-12-31,816.55,21.379999999999995,0.04930398322851152,0.2989808325846062,66.64000000000001,22.860000000000014,34.670000000000016,4.88,793.69,-6.909999999999997,180.86,169.09,566.28,950.56,341.42,1363.99,0.0,19.04,0.0,80.52,1.61,82.13,444.52,1281.86,22.639999999999986,-35.14,-112.16,11.810000000000002,24.748000467726847,1.69,0.06,0.33,0.71,2.15,6.269076170510132,6.29298113207547,6.669484276729559,6.412505939902166,6.854747728860936,5.99,5.86,0.0,11.81,4.77,12,2010,129.64896103896106,433.6363636363636,143.1
2011-03-31,801.7,1.47,0.0,,42.03,2.03,14.92,4.72,799.67,-24.15,337.38,126.93,436.02,931.18,356.86,1359.31,0.0,18.76,0.0,68.2,6.06,74.26,444.52,1285.05,183.95,-26.73,0.0,12.89,0.0,1.63,0.06,0.0,0.16,0.0,0.44,0.56,0.44,0.44,0.64,0.19,0.18,0.0,13.65,7.26,3,2011,inf,inf,1.47
2011-06-30,818.78,14.27,0.03626429479034307,-inf,40.8,16.07,30.18,4.3,802.7100000000002,-15.93,238.93,217.79,397.23,878.72,370.93,1320.93,0.0,30.9,0.0,86.68,6.06,92.73,444.52,1228.2,3.430000000000007,-30.76,-71.12,14.11,29.643482831114227,1.56,0.08,0.04,0.16,4.0,4.315451080050826,4.859415501905972,4.641829733163914,4.496772554002541,5.330851334180432,1.01,0.97,0.0,10.14,5.55,6,2011,-inf,393.5,15.74
2011-09-30,970.8800000000001,80.91000000000001,0.18417175375064668,0.016687015002586663,116.36999999999999,80.91999999999999,95.31,4.12,889.96,62.61,198.42,330.88,425.49,980.89,374.29,1426.15,0.0,35.18,0.0,111.23,5.8,117.03,444.52,1309.11,-22.919999999999987,-17.57999999999999,0.0,14.39,5.59342015820047,1.4,0.09,0.22,0.16,0.73,22.703354371443357,23.10518365235386,24.712500775995863,24.143242628039317,25.21478737713399,3.85,3.73,0.0,8.82,4.99,9,2011,7.3309090909090955,439.31818181818187,96.65
2011-12-31,1096.25,126.97,0.2838967891959574,0.002834028506150858,211.63,125.3,146.26000000000002,4.5,970.9499999999998,118.06,5.8,367.18,755.69,1164.9,614.98,2103.35,201.28,242.09,18.96,481.05,142.81,623.86,444.52,1425.88,-154.10000000000002,-191.57999999999998,161.71,20.96,3.9627077262345436,1.4,0.44,0.5,0.16,0.32,24.14258295322422,29.388995617565513,35.6120132367409,37.519799660137735,31.41034075664073,6.21,6.06,0.0,2.42,0.85,12,2011,1.2674909090909097,447.24,223.62
2012-03-31,1089.09,57.58,0.13,0.45999999999999996,139.59,61.01,83.37,6.15,1028.08,51.92,10.38,434.8,1005.9,1493.51,636.44,2427.2,298.91,409.27,20.23,741.14,138.73,879.87,444.52,1489.79,-78.22,-16.28,87.8,22.36,11.8275,1.84,0.59,0.13,0.46,3.54,9.48,12.88,15.44,16.6,14.48,5.33,5.29,10.34,2.02,0.66,3,2012,203.74461538461537,442.9230769230769,57.58
2012-06-30,1570.59,131.13,0.2918478088071644,0.006538400394581929,259.14,139.4,163.16,9.0,1431.19,123.24999999999999,41.23,546.66,1166.44,1787.1,721.27,2913.91,257.15,651.98,67.97,997.23,422.62,1419.84,445.85,1437.31,151.2,-172.35,65.61999999999999,23.759999999999998,7.71001162968047,2.79,0.99,0.42,0.46,1.1,18.011179057813575,26.294097822055004,36.49487361560066,39.357761644851884,29.073600763075618,7.16,7.1,24.35,1.79,0.62,6,2012,2.9377655677656094,449.30952380952385,188.71
2012-09-30,1881.4500000000003,226.02,0.5068323969811686,-0.0034692794968155063,237.30999999999995,323.37,348.30000000000007,8.05,1558.08,129.01000000000002,41.24,642.44,1370.65,2284.84,753.28,3469.36,482.02,667.49,66.3,1235.0,403.29,1638.28,449.25,1683.64,-160.27,-90.24000000000001,227.97,24.93,3.9726150340677817,2.15,0.97,0.93,0.46,0.49,26.050095242688013,46.65037976514841,53.69153521568249,60.427501265883826,51.09742531285415,9.63,9.13,40.14,1.85,0.74,9,2012,-1.5471121351766612,445.9462365591398,414.73
2012-12-31,1802.0900000000001,116.30999999999995,0.26063742844230176,0.00031528718651492176,235.30000000000007,93.99000000000001,118.69999999999993,10.0,1708.1,83.86000000000001,97.49,434.7,1315.09,2097.42,774.95,3282.79,318.04,581.13,67.78,993.08,394.35,1387.43,450.08,1782.68,318.5,-51.73000000000002,-181.82,24.710000000000008,9.588031983492396,2.52,0.78,1.19,0.46,0.39,14.17517173847544,20.097554986441693,26.098786532087967,28.998651702319968,23.636967460078328,8.74,8.37,36.08,2.11,0.79,12,2012,0.14069756935032274,446.25210084033614,531.04
2013-03-31,1363.06,-22.17,-0.05,0.7,104.5,-39.55,-14.33,9.9,1402.6,-0.38,39.5,421.27,1134.68,1849.5,802.66,2930.71,272.22,142.97,53.92,690.82,366.56,1057.38,455.82,1790.24,-63.82,5.28,-44.34,25.22,-49.50000000000001,2.52,0.59,-0.05,0.7,-14.0,-3.0399999999999996,-5.92,-4.96,-5.4,-7.08,-1.64,-1.63,-6.76,2.68,1.03,3,2013,310.38,443.40000000000003,-22.17
2013-06-30,1658.6100000000001,-125.92999999999999,-0.27209723160027005,0.02936124240378124,20.159999999999997,-125.08999999999999,-99.10000000000001,7.1,1783.71,-163.47,167.52,518.55,993.17,1922.47,873.03,3153.05,120.59,292.59,184.12,855.07,880.5,1735.58,456.4,1330.69,201.67,-242.16,107.33000000000001,25.990000000000002,-6.524138410227905,2.44,1.3,-0.32,0.7,-2.19,-15.985712356515867,-18.46859959486833,-37.85552734638758,-36.39300472653612,-24.352702228224175,-4.96,-4.9,-12.1,2.25,1.09,6,2013,13.588750000000005,462.8125,-148.1
2013-09-30,1966.0100000000002,-104.71000000000001,-0.22780151101617818,-0.0048091946521104205,86.35,-86.23000000000002,-54.72999999999999,6.75,2052.2500000000005,-94.10999999999999,53.78,497.3,1237.97,2061.36,945.83,3395.15,304.0,414.86,183.48,1211.32,859.57,2070.89,456.47,1275.89,-112.66999999999999,-100.93,120.13999999999999,31.499999999999993,-7.4061185655620285,2.41,1.62,-0.55,0.7,-1.27,-12.342700051422018,-12.110756694751,-32.819984968949015,-28.29708951386417,-19.035922629642815,-5.13,-5.07,-8.85,1.7,0.68,9,2013,-2.210568181818246,459.6545454545454,-252.81
2013-12-31,1981.9099999999999,-82.66000000000003,-0.1823364235252035,-0.00975364278610458,5.409999999999997,-27.680000000000007,1.990000000000009,7.75,2009.5899999999992,-59.29000000000002,190.81,613.16,1347.57,2246.13,1013.16,3804.0,653.84,570.86,187.93,1734.08,852.18,2586.26,456.5,1146.58,-90.43,-110.5,292.01,29.67,-10.622946104524557,3.09,2.26,-0.74,0.7,-0.95,-8.693012191850242,-7.746833994097835,-28.838722985661917,-22.570292425552214,-13.266206814320212,-4.87,-4.81,-6.79,1.3,0.52,12,2013,-4.421695331695275,453.33783783783787,-335.47
2014-03-31,1831.9,108.45,0.23999999999999996,0.0,219.82,153.96,184.08,8.3,1677.94,100.59,53.41,482.52,1339.12,1965.26,1060.16,3577.67,679.97,372.39,185.93,1436.29,783.44,2219.73,457.4,1260.55,-37.98,-60.38,-46.18,30.12,8.645,3.01,1.76,0.24,0.0,0.0,12.12,18.92,34.4,28.44,28.76,6.1,5.92,10.9,1.37,0.44,3,2014,0.0,451.87500000000006,108.45
2014-06-30,1868.9899999999998,62.010000000000005,0.1345987328405491,0.0,253.63,81.35,116.42999999999998,8.85,1787.6399999999999,127.04999999999998,128.36,444.06,1334.06,1989.82,1081.26,3654.16,670.92,343.74,218.95,1427.67,806.15,2233.82,460.26,1335.88,125.07,-84.62,48.71,35.08,16.438490566037736,3.05,1.67,0.37,0.0,0.0,6.780865892291446,10.054889123548046,18.567349524815207,18.596451953537485,15.38063357972545,4.64,4.61,8.62,1.39,0.46,6,2014,0.0,460.7027027027027,170.46
2014-09-30,2124.48,68.94999999999999,0.14975982623950543,0.0,226.42000000000002,116.04000000000002,152.01,9.2,2008.4499999999998,90.02000000000004,64.39,508.27,1550.62,2261.76,1062.25,3969.27,988.12,345.55,217.35,1739.7,736.82,2476.51,461.76,1402.46,-216.13,-87.53999999999999,256.53000000000003,35.97,15.355920594633796,3.03,1.77,0.52,0.0,0.0,6.946551940186291,10.990067248652934,19.664617183910444,20.5977361012489,18.15549893488158,4.15,4.11,8.77,1.3,0.41,9,2014,0.0,460.40384615384613,239.41
2014-12-31,2678.3399999999992,170.16,0.36975950386991235,0.0,315.78,204.85000000000002,235.10000000000002,8.45,2473.4700000000003,152.95,261.76,707.3,1437.69,2579.93,1066.75,4229.61,933.96,496.69,219.38,1856.19,689.44,2545.63,463.55,1579.0,368.0,-65.72,-96.64000000000001,30.249999999999986,5.710536113070052,2.48,1.61,0.89,0.0,0.0,16.086615718924726,23.016490465610275,43.108141709597874,49.93830602827356,38.936922137851894,4.88,4.82,9.94,1.39,0.62,12,2014,0.0,460.19101123595505,409.57
2015-03-31,1788.67,42.82,0.09,0.0,199.48,65.09,97.67,8.5,1723.58,79.77,476.96,474.82,1491.98,2597.19,1023.88,4186.23,996.21,438.56,217.47,1821.79,615.96,2437.75,463.55,1629.49,224.31,-0.51,-9.94,32.58,23.61,2.42,1.5,0.09,0.0,0.0,4.08,6.720000000000001,10.52,11.84,11.0,2.42,2.39,4.89,1.43,0.61,3,2015,0.0,475.77777777777777,42.82
2015-06-30,1854.8199999999997,147.09,0.31755515770628195,0.0,257.49,153.96,188.45999999999998,8.15,1700.8600000000001,124.47000000000001,265.59,494.08,1833.63,2726.16,1076.24,4358.12,1089.86,410.19,222.52,1915.82,590.3,2506.12,463.55,1765.98,-208.23000000000002,-35.580000000000005,24.32,34.5,6.416837990346046,2.14,1.42,0.41,0.0,0.0,13.507712074140384,16.94660207466695,33.30456532041494,37.92073297877943,27.789948923174137,5.31,5.21,7.99,1.42,0.47,6,2015,0.0,463.1951219512195,189.91
2015-09-30,1964.9499999999998,133.76000000000002,0.2892822936941947,0.0,253.86,187.32999999999998,224.20999999999998,8.15,1777.6100000000001,113.19,148.33,475.8,2393.42,3164.66,1112.78,4846.13,1284.62,430.24,271.57,2149.86,627.76,2777.62,463.55,1929.04,-293.28,-52.129999999999995,215.42000000000002,36.879999999999995,7.041564742822966,1.96,1.44,0.7,0.0,0.0,11.042318410726976,15.241044273488432,27.738039361077647,32.11859980844688,24.9113380912658,5.94,5.77,9.9,1.47,0.36,9,2015,0.0,462.38571428571436,323.67
2015-12-31,2371.01,134.90999999999997,0.2912488551615857,0.0,379.80000000000007,191.26,228.03000000000003,7.8,2179.7699999999995,217.69,380.22,596.54,2437.04,3605.35,1117.6,5264.34,1463.48,462.79,270.58,2411.74,620.6,3032.34,463.55,2061.04,69.1,-34.739999999999995,196.45999999999998,36.769999999999996,6.696335334667558,1.75,1.47,0.99,0.0,0.0,10.249606175585502,14.81544681407824,26.182977888263764,29.654428889179634,24.653185921758464,5.87,5.75,10.06,1.49,0.48,12,2015,0.0,463.2121212121212,458.58
2016-03-31,1622.73,-28.27,-0.06,0.55,267.72,29.7,65.53,7.65,1593.03,92.27,338.27,396.18,1920.3,2745.26,1100.14,4434.58,1100.96,125.62,266.84,1697.78,547.06,2244.83,463.55,2015.3,467.48,-47.08,-452.87,35.83,-31.874999999999996,1.76,1.11,-0.06,0.55,-9.17,-2.56,2.76,-5.6,-6.2,4.36,-1.75,-1.74,1.51,1.62,0.49,3,2016,259.1416666666667,471.1666666666667,-28.27
2016-06-30,2156.78,123.58,0.2722883223166509,-0.02097628790263349,341.53999999999996,220.84,256.1,7.3,1935.9399999999998,179.24,454.86,465.95,1571.3,2595.92,1087.68,4293.78,593.25,178.54,265.95,1256.93,965.88,2222.81,463.55,1866.84,518.6899999999999,-52.989999999999995,-350.04999999999995,35.260000000000005,6.702086907266548,1.81,1.19,0.21,0.55,2.62,11.513906200818383,30.02951211835064,26.50273003882069,27.22883223166509,42.788164935473716,2.53,2.52,6.67,2.07,0.82,6,2016,-9.520238095238085,453.8571428571429,95.31
2016-09-30,1778.54,12.009999999999991,0.025738911666045455,0.015030482934880931,246.19000000000005,77.29999999999998,111.50999999999999,8.5,1701.2400000000002,104.09000000000003,831.92,620.14,1857.57,3388.68,1103.22,5113.55,1349.52,220.46,247.15,2059.42,985.26,3044.68,463.55,1862.88,-283.42999999999995,-78.35,755.14,34.209999999999994,82.56759367194012,2.12,1.63,0.23,0.55,2.39,0.9400298173686167,2.945426761088332,2.578367499068205,2.5336041744316047,4.803104733507265,1.94,1.93,5.3,1.65,0.74,9,2016,7.0133540372670495,466.6086956521739,107.32
2016-12-31,2060.4799999999996,150.49,0.3268856910127614,-0.007447260621657758,233.8499999999999,257.65000000000003,292.28999999999996,7.95,1802.8400000000001,87.94999999999999,92.68,1042.49,2043.15,3251.11,1100.21,5001.15,967.79,391.78,239.53,1827.11,927.69,2754.8,463.55,2004.45,-212.82999999999998,-40.610000000000014,-476.94000000000005,34.64,6.081636653598245,1.84,1.37,0.56,0.55,0.98,12.048072611613206,26.64118381754005,30.026785617315078,29.606504014584385,43.07886427989605,3.4,3.38,6.78,1.78,0.66,12,2016,-3.42853260869569,460.37499999999994,257.81
2017-03-31,1566.32,-73.33,-0.16,0.28,122.91,-42.89,-8.56,7.35,1609.21,-10.36,500.84,741.87,1908.25,3258.0,1083.33,4982.2,1318.38,242.49,227.0,1975.62,846.04,2821.66,463.55,1926.73,185.25,-30.03,255.41,34.33,-11.485,1.77,1.46,-0.16,0.28,-1.75,-5.88,-3.64,-15.24,-14.88,-5.720000000000001,-4.7,-4.68,-4.63,1.65,0.68,3,2017,128.32750000000001,458.3125,-73.33
2017-06-30,1900.03,3.5,0.007518258628096806,0.004343047400830619,282.63,72.65,107.76,7.0,1827.3899999999999,124.92,278.22,972.67,2212.06,3559.78,1095.82,5264.75,1640.5,321.04,136.31,2381.06,814.68,3195.74,463.55,1812.58,-218.31,-40.39,37.190000000000026,35.11,232.78329285714287,1.79,1.76,-0.15,0.28,-1.87,0.2666475726765001,-0.12430187598453388,0.7718745524846056,0.7618502076471431,-0.20650150365172562,-2.02,-2.01,1.06,1.5,0.57,6,2017,2.0218333333333476,465.53333333333336,-69.83
2017-09-30,1880.94,29.129999999999995,0.06441523341523339,-0.008241769041769046,259.68,77.55999999999999,112.18999999999998,6.8,1803.3700000000003,89.59,126.92,969.92,2747.4,3948.02,1130.58,5583.87,1759.38,0.0,121.14,2669.89,794.43,3464.32,463.55,1846.85,-230.64999999999998,-61.42999999999999,139.77999999999997,34.629999999999995,26.392825266048753,1.71,1.88,-0.09,0.28,-3.11,2.0899164619164616,-5.754427518427517,6.298378378378378,6.2697493857493845,-10.535469287469287,-0.76,-0.76,2.62,1.48,0.45,9,2017,-3.727111111111114,452.2222222222223,-40.7
