,revenue,net_profit,eps,dps,gross_profit,ebit,ebitda,close_price,allowance_doubtful_accounts,expense,operating_profit,cash,account_receivable,inventory,current_asset,property_plant_equipment,total_asset,short_term_loan,account_payable,current_portion_long_term_debt,current_liability,non_current_liability,total_liability,paid_in_capital,total_equity,cash_flow_operation,cash_flow_investment,cash_flow_financing,depreciation,P/E,P/BV,D/E,EPS,ROA%,ROAA%,ROE%,ROAE%,ROCE%,NPM%,NPMA%,CurrentRatio,QuickRatio,month,year,dividend,number_of_shares,return_old
2000-03-31,166.87,-2.87,-0.21999999999999997,0.0,15.5,6.65,16.07,0.8,0.0,160.22,-16.33,16.38,12.02,162.08,239.88,515.7,757.83,139.97,152.8,12.0,338.16,315.05,653.22,130.0,104.27,-3.6,-0.69,-13.15,9.42,-0.915,1.0,6.26,-0.22,-1.52,0.0,-11.0,0.0,6.32,-2.01,-1.72,0.71,0.23,3,2000,0.0,13.045454545454547,-2.87
2000-06-30,143.31,-13.14,-1.0095065584009992,0.0,14.350000000000001,-3.18,6.210000000000001,0.94,0.0,146.48999999999998,-18.72,24.64,11.83,147.74,236.22,507.58,745.92,144.4,148.53,12.0,334.44,320.02,654.46,130.0,91.13,7.609999999999999,-1.27,1.92,9.389999999999999,-0.23149923896499242,1.34,7.18,-1.23,-7.058338538413491,0.0,-57.681399125546534,0.0,2.757676452217364,-6.05,-5.16,0.71,0.26,6,2000,0.0,13.016260162601627,-16.01
2000-09-30,120.94999999999999,-23.45,-1.80658895083629,0.0,10.54,-13.200000000000001,-3.5199999999999996,0.94,0.0,134.15000000000003,-23.75,24.54,6.14,142.72,224.42,503.49,730.03,124.84,160.24,78.23,392.75,269.3,662.04,130.0,67.68,24.54,-3.58,-21.06,9.68,-0.13041151385927505,1.8,9.78,-3.04,-12.860060821084643,0.0,-138.5843892549417,0.0,-6.846021287379624,-10.93,-9.15,0.57,0.21,9,2000,0.0,12.980263157894736,-39.46
2000-12-31,127.98000000000002,-13.049999999999997,-1.0040373262235762,0.0,11.18,-3.039999999999999,7.259999999999998,0.94,0.0,131.01999999999998,-21.64,36.63,7.23,139.94,235.92,490.19,740.44,115.63,170.55,79.27,393.96,291.56,685.51,130.0,54.63,19.749999999999996,3.06,18.78,10.3,-0.2313659003831418,2.23,12.55,-4.04,-7.048143210816985,0.0,-95.55254237288135,0.0,-3.668215577985145,-11.28,-9.39,0.6,0.24,12,2000,0.0,12.997524752475247,-52.51
2001-03-31,114.59,-13.93,-1.07,0.0,33.22,-4.99,5.33,0.94,0.0,119.58,1.53,15.04,6.48,133.93,209.14,494.12,718.5,120.78,145.01,79.05,380.47,297.04,677.51,130.0,40.7,-10.98,-14.26,-1.5,10.32,-0.22,3.0,16.65,-1.07,-7.760000000000001,-2.72,-136.92,-76.88,-5.92,-12.18,-12.16,0.55,0.2,3,2001,0.0,13.018691588785046,-13.93
2001-06-30,113.60999999999999,-12.490000000000002,-0.9596782740348221,0.0,33.58,-4.459999999999999,6.4,0.94,0.0,118.07000000000001,-2.62,19.32,7.56,137.99,221.29,488.4,711.75,30.27,151.22,33.44,243.31,421.32,664.64,130.0,46.82,24.560000000000002,-5.1899999999999995,1.92,10.86,-0.2432586068855084,2.61,14.2,-2.03,-7.015579106737321,-2.458289174867525,-106.70866010598033,-72.42498107494322,-3.8198031794095386,-11.6,-11.58,0.91,0.34,6,2001,0.0,13.014778325123155,-26.42
2001-09-30,130.2,-3.0,-0.230455472467709,0.0,-30.309999999999995,3.5999999999999996,14.899999999999999,0.94,0.0,126.6,-70.72,15.88,7.53,138.35,220.64,485.42,707.77,32.57,159.8,37.76,254.73,408.93,663.66,130.0,43.83,5.1800000000000015,-9.780000000000001,-1.52,11.299999999999997,-1.0297,2.78,15.14,-2.26,-1.6968048946295036,-0.33038749150237934,-27.377294357579878,-21.524133242692045,-0.5261726716519374,-10.24,-8.21,0.87,0.32,9,2001,0.0,13.01769911504425,-29.42
2001-12-31,140.71000000000004,-8.14,-0.6263205537806177,0.0,106.29999999999998,0.7599999999999998,14.190000000000001,0.94,0.0,139.95,64.18,24.14,10.97,139.16,194.0,474.39,710.8,24.7,178.09,42.42,273.3,401.53,674.82,130.0,35.68,1.9100000000000001,-1.1099999999999994,-2.23,13.43,-0.36914004914004916,3.42,18.91,-2.89,-4.577124600638978,-0.6068157614483493,-91.2564217252396,-72.10705005324814,-1.0055804046858359,-7.63,-7.53,0.71,0.2,12,2001,0.0,12.996539792387544,-37.56
2002-03-31,119.38,-2.21,-0.17,0.0,37.02,3.6,14.74,0.94,0.0,115.78,-0.91,11.44,10.1,133.0,173.66,502.85,718.92,49.0,185.08,66.55,325.77,359.39,685.16,130.0,33.47,20.38,-39.61,6.54,11.14,-1.38,3.65,20.47,-0.17,-1.24,2.0,-26.4,-23.84,3.68,-1.87,-1.85,0.53,0.12,3,2002,0.0,12.999999999999998,-2.21
2002-06-30,112.85,1.1099999999999999,0.08072727272727272,0.0,34.18,6.98,18.549999999999997,0.94,0.0,105.87,-2.98,11.8,10.37,132.68,175.64,495.09,712.96,31.57,183.82,30.09,268.46,409.62,678.08,130.0,34.59,-0.34999999999999787,-3.8100000000000023,4.510000000000001,11.57,2.9060810810810818,3.53,19.6,-0.08,0.6054545454545454,-6.014181818181817,12.835636363636361,10.898181818181817,-9.606545454545453,-0.48,-0.47,0.65,0.16,6,2002,0.0,13.75,-1.1
2002-09-30,112.93000000000004,-18.68,-1.4354701718907987,0.0,32.42999999999999,-12.83,-1.1400000000000006,0.94,0.0,125.74999999999997,-5.67,5.98,10.16,129.48,162.73,493.63,698.5,41.91,173.74,43.42,279.77,402.51,682.28,130.0,15.9,-2.5,-10.579999999999998,7.259999999999998,11.689999999999998,-0.16412740899357603,7.67,42.91,-1.52,-10.690475227502528,-1.2088169868554095,-469.92760364004045,-250.18734074823055,-2.0398786653185037,-5.8,-5.73,0.58,0.12,9,2002,0.0,13.013157894736842,-19.78
2002-12-31,135.44,-5.079999999999998,-0.390297666934835,0.0,37.18000000000001,0.51,13.57,0.94,0.0,134.94,-1.5099999999999998,24.32,5.89,128.82,170.85,490.02,707.4,29.14,208.61,55.61,308.88,387.39,696.27,130.0,10.82,41.949999999999996,-8.189999999999998,-26.53,13.060000000000002,-0.5994783464566931,11.28,64.35,-1.91,-2.868994368463394,-0.20434432823813348,-187.8006114239742,-87.39398230088493,-0.3596460176991149,-5.23,-5.17,0.55,0.14,12,2002,0.0,13.015706806282722,-24.86
2003-03-31,119.41,-4.12,-0.32,0.0,36.19,0.86,12.11,0.94,0.0,118.55,-1.45,5.19,5.74,121.03,142.1,485.46,674.6,46.44,164.39,51.6,279.93,387.67,667.6,130.0,6.7,-28.5,-6.72,-1.73,11.25,-0.7325,18.21,99.64,-0.32,-2.44,0.48,-245.96,-82.04,0.88,-3.52,-3.45,0.51,0.08,3,2003,0.0,12.875,-4.12
2003-06-30,115.52000000000001,-2.5700000000000003,-0.19591928251121077,0.0,18.85,2.35,13.52,1.65,0.0,113.17,-1.28,5.36,4.52,119.44,141.22,482.52,671.01,53.36,161.38,52.96,286.36,380.22,666.58,130.0,4.13,2.2699999999999996,-8.990000000000002,-3.0500000000000003,11.170000000000002,-2.1085214007782103,52.05,161.4,-0.51,-1.5366218236173392,0.7068460388639761,-248.91736920777282,-53.10565022421525,1.2753961136023917,-2.94,-2.85,0.49,0.08,6,2003,0.0,13.11764705882353,-6.69
2003-09-30,129.86,3.4400000000000004,0.26461538461538464,0.0,26.779999999999994,7.840000000000001,19.710000000000004,2.06,0.0,122.02000000000001,-2.23,4.61,4.64,124.52,143.22,476.33,667.19,42.64,156.49,53.13,270.27,389.04,659.31,130.0,7.58,16.58,-5.629999999999999,8.93,11.869999999999997,1.9414970930232558,35.26,86.98,-0.25,2.0745846153846155,-6.858830769230771,181.5473230769231,117.19286153846154,-11.770092307692307,-0.94,-0.89,0.53,0.07,9,2003,0.0,13.0,-3.25
2003-12-31,148.3,-38.47,-2.9599400767018214,0.0,30.14,-34.61,-22.67,0.71,0.0,182.89999999999998,-38.269999999999996,9.85,4.04,42.41,63.41,416.6,542.44,38.62,73.19,22.04,151.72,421.33,573.05,130.0,-30.9,14.23,-4.210000000000001,1.63,11.939999999999998,-0.059646477774889524,-2.99,-18.55,-3.21,-28.36378715244487,-13.905263662511985,498.00761265580064,1532.6772579098756,-22.241045062320232,-8.48,-8.13,0.42,0.14,12,2003,0.0,12.996884735202492,-41.72
2004-03-31,121.14,-5.97,-0.46,0.0,25.69,-2.18,9.58,0.65,0.0,123.32,-3.89,4.36,3.68,42.14,57.52,408.47,528.53,59.34,57.25,22.09,157.33,407.78,565.11,130.0,-36.87,-17.2,-3.69,15.4,11.76,-0.35250000000000004,-2.29,-15.33,-0.46,-4.52,-1.44,64.76,158.32,-2.36,-5.0,-4.93,0.37,0.1,3,2004,0.0,12.978260869565217,-5.97
2004-06-30,117.02999999999999,-15.040000000000003,-1.1596763445978107,0.0,25.419999999999998,-11.040000000000001,0.7200000000000006,0.4,0.0,128.07,-5.139999999999999,6.45,3.46,39.94,57.72,400.94,520.82,61.49,62.27,24.58,167.36,405.08,572.44,130.0,-51.9,7.649999999999999,-2.6700000000000004,-2.8900000000000006,11.76,-0.08730884308510638,-1.01,-11.03,-1.62,-11.539495478343648,-6.356744407425037,115.91036649214661,251.86452165635413,-10.70910994764398,-8.89,-8.82,0.34,0.11,6,2004,0.0,12.969135802469136,-21.01
2004-09-30,112.99000000000004,-10.91,-0.8408082706766917,0.0,25.489999999999995,-6.679999999999998,4.9399999999999995,0.52,0.0,119.67000000000002,-4.92,4.7,4.04,42.73,58.18,404.04,523.74,68.59,78.41,26.87,192.32,393.96,586.28,130.0,-62.82,10.4,-14.150000000000002,2.01,11.620000000000001,-0.15360219981668194,-1.08,-9.33,-2.46,-8.326052631578946,-4.566340852130326,69.46580200501253,158.00359649122805,-8.203007518796992,-8.95,-9.09,0.3,0.08,9,2004,0.0,12.975609756097562,-31.92
2004-12-31,147.73999999999995,5.870000000000001,0.45067178502879085,0.0,30.310000000000002,10.249999999999998,22.0,0.52,0.0,137.5,-1.5,10.04,5.17,46.09,66.06,400.07,526.63,54.48,104.82,28.25,206.85,376.45,583.3,130.0,-56.95,34.19,-4.009999999999998,-24.67,11.75,0.28845826235093697,-1.19,-10.24,-2.0,4.46165067178503,1.631431861804223,-41.227454894433784,-53.458687140115174,2.7220575815738965,-5.29,-5.22,0.32,0.1,12,2004,0.0,13.025,-26.05
2005-03-31,124.8,-6.98,-0.54,0.0,28.51,-2.33,9.39,0.48,0.0,127.13,-2.78,3.62,5.14,54.84,69.23,391.79,521.29,77.45,93.92,30.94,224.4,360.53,584.94,130.0,-63.93,-19.52,-2.85,15.95,11.72,-0.2225,-0.98,-9.15,-0.54,-5.36,-1.76,43.68,55.4,-3.12,-5.62,-5.59,0.31,0.06,3,2005,0.0,12.925925925925926,-6.98
2005-06-30,128.04000000000002,-15.98,-1.2319076655052266,0.0,28.26,-10.75,1.1399999999999988,0.38,0.0,138.8,-3.2600000000000002,5.32,5.85,49.14,67.35,384.97,512.59,79.46,94.21,32.94,225.39,366.82,592.22,130.0,-79.92,5.639999999999999,-3.48,-0.4599999999999991,11.889999999999999,-0.07902377972465582,-0.62,-7.41,-1.77,-12.47219512195122,-7.043449477351915,79.98351916376306,96.99358885017422,-12.667073170731706,-9.19,-9.08,0.3,0.08,6,2005,0.0,12.971751412429379,-22.96
2005-09-30,144.18999999999997,-1.879999999999999,-0.1445571658615136,0.0,30.71999999999999,3.540000000000001,15.49,0.21,0.0,140.64,-1.63,9.23,7.88,45.9,69.09,374.66,504.21,73.91,100.52,30.07,220.72,364.98,585.71,130.0,-81.79,9.98,1.9500000000000002,-8.030000000000001,11.950000000000003,-0.36335106382978744,-0.34,-7.16,-1.91,-1.4924959742351038,-0.5630917874396132,9.194138486312395,10.399033816425117,-1.020225442834138,-6.37,-6.26,0.31,0.11,9,2005,0.0,13.005235602094242,-24.84
2005-12-31,177.85000000000002,11.2,0.8621700879765395,0.0,32.14,17.0,28.930000000000003,0.2,0.0,160.83999999999997,-3.67,16.44,8.33,47.5,77.24,365.2,521.15,59.93,121.87,36.83,236.58,354.87,591.45,130.0,-70.59,31.13,-1.9100000000000001,-22.0,11.93,0.057848214285714294,-0.36,-8.38,-1.05,8.605278592375365,-4.663929618768328,-63.455718475073304,-70.25454545454545,-8.605278592375365,-2.49,-2.37,0.33,0.13,12,2005,0.0,12.99047619047619,-13.64
2006-03-31,151.23,1.14,0.09,0.0,31.3,6.93,18.19,0.36,0.0,144.29,-3.98,7.41,6.89,47.95,68.87,356.12,483.25,57.28,83.62,41.92,210.2,342.25,552.45,130.0,-69.46,-24.82,18.42,-3.02,11.26,0.9925000000000002,-0.67,-7.95,0.09,0.96,5.52,-6.56,-6.84,10.16,0.81,0.75,0.33,0.1,3,2006,0.0,12.666666666666666,1.14
2006-06-30,160.43000000000004,-9.47,-0.7275870348139256,0.0,30.66,-3.6999999999999997,-0.3500000000000014,0.45,0.0,164.14000000000001,-14.39,43.96,8.9,43.46,132.1,347.67,535.72,196.51,134.76,17.37,376.6,237.84,614.44,130.0,-78.92,6.710000000000001,8.09,21.74,3.3499999999999996,-0.15393347412882785,-0.74,-7.79,-0.64,-7.048499399759905,2.8193997599039617,47.975270108043226,47.702424969987995,9.23126050420168,-2.88,-2.67,0.35,0.24,6,2006,0.0,13.015625,-8.33
2006-09-30,231.21999999999997,78.89999999999999,0.4807566954796656,0.0,37.35,-18.09,-14.82,1.58,0.0,249.31,-20.26,10.07,0.96,0.0,29.09,11.91,243.01,0.0,0.0,0.0,5.31,5.8,11.11,300.0,231.9,-64.55,-117.33,227.52,3.2699999999999996,0.818397338403042,2.04,0.05,0.43,129.8713901091115,-17.799178121014595,136.08768598554627,420.4720419441689,-27.950970667422418,13.67,13.0,5.48,5.48,9,2006,0.0,164.11627906976742,70.57
2006-12-31,124.25,-10.72999999999999,-0.0537934491978609,0.0,-19.58,-5.620000000000001,10.950000000000001,1.45,0.0,129.87,-43.35999999999999,60.06,85.04,0.0,176.57,18.68,413.27,0.0,65.6,0.0,98.89,6.65,105.54,330.0,296.17,-9.790000000000006,-96.6,79.0,16.570000000000004,-6.734091332712029,1.61,0.36,0.3,-10.38572192513368,3.1415374331550767,-14.488368983957203,-38.04989973262028,4.669271390374327,10.21,8.97,1.79,1.79,12,2006,0.0,199.4666666666667,59.84
2007-03-31,78.22,-22.0,-0.07,0.0,14.84,-19.28,-17.18,1.01,0.0,97.5,-17.54,81.75,54.49,0.01,158.15,20.26,394.62,0.0,63.0,0.0,86.13,9.64,95.78,336.0,289.17,27.25,-17.56,12.0,2.1,-3.62,1.18,0.33,-0.07,-22.28,-17.56,-30.440000000000005,-80.12,-25.000000000000004,-28.48,-28.13,1.84,1.84,3,2007,0.0,314.2857142857143,-22.0
2007-06-30,112.37,-21.060000000000002,-0.05869019972131909,0.0,18.3,-18.869999999999997,-1.3399999999999999,0.94,0.0,131.24,-4.030000000000001,61.43,76.63,0.0,159.87,20.23,398.21,8.55,65.33,0.81,100.36,4.44,104.8,351.02,286.13,-24.37,-17.59,21.64,17.529999999999998,-4.012594966761633,1.16,0.37,-0.12,-21.14803529958198,-15.9832977241059,-29.44291686019508,-81.30549001393406,-25.06071528100325,-23.06,-22.59,1.59,1.59,6,2007,0.0,358.83333333333337,-43.06
2007-09-30,93.72999999999999,-16.259999999999998,-0.04659811193526635,0.0,21.85,-11.79,-2.080000000000002,0.72,0.0,105.52999999999997,-6.02,82.0,64.82,0.0,169.68,18.8,384.7,1.47,55.94,0.89,81.12,4.05,85.16,371.02,291.87,-4.56,11.599999999999998,13.530000000000001,9.71,-3.867109471094712,0.92,0.29,-0.17,-16.90689143627781,-17.444140256237354,-22.279379635873227,-24.834052596089006,-18.036210384356036,-21.31,-20.86,2.09,2.09,9,2007,0.0,348.94117647058823,-59.32
2007-12-31,146.45,-78.71000000000001,-0.2223929580525973,0.0,29.130000000000003,-75.06,-65.21000000000001,0.62,0.0,221.5,-1.5500000000000007,73.19,99.8,0.0,201.99,18.37,363.76,0.74,104.85,0.91,138.68,4.2,142.89,371.02,213.16,9.26,-17.12,-0.9500000000000028,9.849999999999998,-0.7014610595858214,1.08,0.67,-0.39,-86.56218213431865,-73.37827139027749,-147.69173368108383,-123.62767514308484,-126.6841527204231,-32.53,-32.04,1.46,1.46,12,2007,0.0,353.9230769230769,-138.03
2008-03-31,63.65,-18.39,-0.05,0.0,13.97,-16.25,-14.3,0.64,0.0,79.9,-16.26,85.27,41.8,0.01,163.13,16.19,299.72,5.39,45.71,0.69,75.78,4.2,79.98,386.02,211.53,-29.26,18.62,22.72,1.95,-3.2,1.17,0.38,-0.05,-24.56,-18.72,-34.76,-29.399999999999995,-29.040000000000003,-29.67,-28.89,2.15,2.15,3,2008,0.0,367.8,-18.39
2008-06-30,138.6,-55.459999999999994,-0.12015707515233581,0.0,26.83,-51.25,-49.370000000000005,0.38,8.37,189.85,-39.010000000000005,130.95,67.88,0.01,261.63,17.46,415.14,0.0,118.44,0.46,150.82,4.2,155.02,579.03,252.58,-36.739999999999995,-14.64,97.06,1.8800000000000001,-0.7922962495492246,0.87,0.61,-0.16,-53.43985917400135,-49.86518618821937,-87.83482193635747,-82.36767501692621,-76.72029248476642,-37.1,-36.51,1.73,1.73,6,2008,0.0,461.56249999999994,-73.85
2008-09-30,53.69,-22.11,0.043777615673197164,-0.0,9.020000000000003,-21.510000000000005,-19.510000000000005,0.29,8.53,75.19999999999999,-18.660000000000004,90.83,30.71,0.0,169.25,21.98,311.29,0.0,36.45,0.23,71.43,1.8,73.23,579.03,230.29,-36.739999999999995,-3.1799999999999997,-0.20000000000000284,2.0,1.6600949796472182,0.73,0.32,0.19,-28.41397665694039,-23.57539808253439,-38.40448937057107,-33.87926636098374,-34.20183826594414,-38.21,-37.49,2.37,2.37,9,2008,0.0,-505.05263157894734,-95.96
2008-12-31,112.86000000000001,-18.24000000000001,-0.03513835376532401,0.0,18.559999999999995,-19.269999999999996,-17.319999999999993,0.16,8.69,132.13,-15.099999999999994,62.5,83.58,0.0,187.23,20.71,343.77,0.0,70.88,0.0,110.0,1.8,111.8,660.05,224.04,-79.34000000000002,-1.9200000000000002,52.92,1.9500000000000002,-1.1426260964912276,0.47,0.5,-0.22,-21.223565674255703,-19.556091068301235,-32.56367075306481,-33.37504728546411,-29.592882661996512,-31.56,-30.97,1.7,1.7,12,2008,0.0,519.0909090909091,-114.2
2009-03-31,58.84,-184.92,-0.28,0.0,7.99,-186.11,-184.35,0.14,0.15,244.95,-21.57,60.02,42.92,0.0,151.08,19.85,188.21,0.0,38.85,0.0,65.52,61.56,127.08,660.05,38.96,-47.7,12.55,32.67,1.76,-0.125,2.37,3.26,-0.28,-392.99999999999994,-305.16,-1898.56,-590.6,-606.76,-320.04,-314.28,2.31,2.31,3,2009,0.0,660.4285714285713,-184.92
2009-06-30,70.93,43.079999999999984,0.060744500846023675,0.0,14.319999999999999,43.910000000000025,45.44999999999999,0.79,0.0,27.02000000000004,-14.549999999999997,84.7,34.75,0.0,247.78,4.05,266.52,0.0,25.87,0.0,40.99,5.63,46.62,1460.05,202.54,33.38,-97.24,88.53999999999999,1.5399999999999998,3.25132311977716,5.69,0.23,-0.2,64.65644670050759,50.68521150592214,85.07874788494075,75.7240947546531,76.59881556683584,-125.62,-109.3,6.04,6.04,6,2009,0.0,709.1999999999999,-141.84
2009-09-30,85.13,-3.280000000000001,-0.003390297684674753,0.0,16.95,-1.1800000000000068,-0.18999999999999773,0.71,0.0,86.30999999999995,0.27999999999999403,66.0,39.38,0.01,135.97,5.77,453.34,0.0,33.1,0.0,229.88,5.63,235.51,1460.05,199.26,9.48,-30.10000000000001,1.9300000000000068,0.9900000000000002,-52.31841463414633,5.2,1.18,-0.15,-2.893958103638369,-3.390297684674753,-6.584410143329659,-6.108864388092615,-5.800573318632857,-73.4,-67.53,0.59,0.59,9,2009,0.0,967.4666666666667,-145.12
2009-12-31,72.57000000000002,-78.88,-0.07042857142857142,0.0,11.120000000000005,-77.58000000000001,-76.88999999999999,0.56,0.0,150.15000000000003,35.68000000000001,82.71,44.74,0.0,162.52,5.64,475.14,0.0,127.07,0.0,149.37,76.62,225.98,1629.06,230.23,-0.8399999999999999,-90.30999999999999,107.85000000000001,0.6900000000000004,-1.9878296146044623,3.96,0.98,-0.2,-66.40005714285714,-76.00651428571429,-137.03991428571427,-138.91331428571428,-95.54339999999999,-83.11,-77.92,1.09,1.09,12,2009,0.0,1120.0,-224.0
2010-03-31,72.54,-8.61,-0.01,0.0,17.73,-8.23,-7.32,0.44,0.0,80.76,2.45,66.9,52.25,0.01,145.97,5.26,467.15,0.0,128.13,0.0,150.35,76.61,226.97,1629.06,221.62,-8.01,-7.39,-0.42,0.91,-11.0,3.23,1.02,-0.01,-7.36,-10.04,-15.56,-26.44,-10.4,-11.95,-11.87,0.97,0.97,3,2010,0.0,860.9999999999999,-8.61
2010-06-30,118.86999999999999,-9.25,-0.005179171332586786,0.0,7.349999999999998,-8.34,-7.51,0.51,0.0,127.21999999999998,-10.46,332.08,52.9,13.57,419.26,5.5,759.95,0.0,117.02,0.0,140.82,76.61,217.44,2291.15,523.56,-29.1,-18.509999999999998,312.8,0.83,-24.61783783783784,2.23,0.42,-0.01,-4.86842105263158,-6.6914893617021285,-7.064389697648377,-10.192609182530795,-5.552071668533035,-9.42,-9.33,2.98,2.88,6,2010,0.0,1786.0,-17.86
2010-09-30,100.28999999999999,-8.379999999999999,-0.0031935975609756096,0.0,16.68,-6.02,-5.26,0.62,0.0,106.31000000000003,-4.27,123.28,30.45,302.29,668.77,15.6,704.88,0.0,65.23,0.0,95.64,74.91,170.55,2291.15,515.18,-134.97000000000003,-73.81,-0.009999999999990905,0.76,-48.5346062052506,2.76,0.33,-0.01,-4.752073170731707,-4.982012195121951,-6.502164634146341,-9.38917682926829,-4.739298780487804,-9.22,-9.0,6.99,3.83,9,2010,0.0,2624.0,-26.24
2010-12-31,60.44,-15.55,-0.007441971763579804,0.0,22.910000000000004,-16.360000000000003,-15.680000000000003,0.71,0.0,76.79999999999995,-9.890000000000002,214.13,33.65,308.03,705.08,17.11,734.3,0.0,37.39,0.0,68.35,74.84,143.18,2443.59,571.27,-64.30999999999997,85.11,70.04000000000002,0.6800000000000002,-23.85120578778135,3.04,0.25,-0.02,-8.468963866953818,-9.58525963149079,-10.895046661880833,-15.523953098827471,-8.70710696338837,-12.21,-11.87,10.32,5.81,12,2010,0.0,2089.5,-41.79
2011-03-31,78.57,-18.12,-0.01,0.0,14.32,-16.85,-16.02,0.6,0.0,95.42,-4.57,99.97,68.6,315.41,704.38,20.01,744.09,0.0,68.16,0.0,97.09,79.36,176.46,2443.59,548.88,-102.42,-11.74,0.0,0.83,-15.0,2.67,0.32,-0.01,-9.76,-11.12,-13.2,-18.8,-10.399999999999999,-23.39,-23.06,7.25,4.01,3,2011,0.0,1812.0,-18.12
2011-06-30,110.28,-18.029999999999998,-0.004987551867219916,0.0,14.559999999999999,-16.479999999999997,-15.32,0.48,0.0,126.76,-9.45,137.38,70.2,326.26,705.54,25.31,760.7,0.0,99.77,0.0,130.48,79.7,210.18,2443.59,530.99,50.440000000000005,-11.499999999999998,-1.53,1.1600000000000001,-24.05990016638935,2.21,0.4,-0.01,-9.47634854771784,-8.738190871369293,-13.586091286307052,-13.685842323651451,-10.553659751037344,-19.42,-19.14,5.41,2.91,6,2011,0.0,3615.0,-36.15
2011-09-30,176.92,-22.130000000000003,-0.007594371997254634,0.0,28.84,-16.22,-13.849999999999998,0.42,0.0,193.14,-4.75,175.55,75.06,362.46,766.7,25.94,836.13,0.0,179.96,1.53,222.81,83.07,305.88,2443.59,508.76,55.019999999999996,-16.850000000000005,0.0,2.37,-13.826028016267509,2.02,0.6,-0.02,-10.586554564172959,-9.766362388469458,-17.406300617707622,-17.284790665751547,-12.272505147563487,-16.17,-15.93,3.44,1.81,9,2011,0.0,2914.0,-58.28
2011-12-31,82.45000000000005,-19.980000000000004,-0.0076590851009455665,0.0,15.219999999999999,-17.840000000000003,-15.740000000000002,0.5,0.0,100.29000000000002,-11.260000000000002,166.03,43.02,403.11,698.8,25.62,742.45,0.0,99.15,0.0,148.66,81.05,229.72,2444.75,489.62,-34.19,23.510000000000005,1.1600000000000001,2.0999999999999996,-16.323751251251252,2.5,0.47,-0.03,-10.763567595195504,-9.323659596217738,-16.318957321748023,-15.062867365192949,-11.590748786097624,-17.9,-17.46,4.7,1.99,12,2011,0.0,2608.666666666667,-78.26
2012-03-31,102.34,-20.85,-0.01,0.0,13.48,-20.18,-17.99,0.49,0.0,122.52,-14.55,143.41,49.65,408.11,662.24,27.92,707.73,0.0,84.96,2.69,132.07,83.45,215.52,2444.75,468.77,-21.54,-0.55,-0.53,2.19,-12.25,2.56,0.46,-0.01,-11.8,-11.119999999999997,-17.8,-16.4,-14.04,-21.49,-20.37,5.01,1.92,3,2012,0.0,2085.0,-20.85
2012-06-30,156.48,-20.949999999999996,-0.010023923444976074,0.0,21.8,-18.310000000000002,-15.940000000000001,0.46,0.0,174.79000000000002,-10.71,86.93,165.97,413.2,699.6,26.09,758.14,0.0,170.06,2.71,203.88,83.13,287.01,2444.82,447.86,-38.69,-15.219999999999999,-2.5700000000000003,2.3699999999999997,-11.472553699284012,2.51,0.64,-0.02,-11.046363636363635,-10.16425837320574,-18.704641148325354,-17.120861244019135,-13.913205741626792,-16.67,-16.15,3.43,1.4,6,2012,0.0,2090.0,-41.8
2012-09-30,113.49000000000001,-22.92,-0.010624227441285538,0.0,14.490000000000002,-21.1,-18.700000000000003,0.53,0.0,134.57999999999998,-13.34,107.5,76.85,426.35,698.69,24.05,737.83,0.0,87.29,2.73,126.34,162.8,289.14,2444.82,424.94,-76.31,17.21,79.66999999999999,2.4000000000000004,-12.473848167539266,3.05,0.68,-0.03,-12.423263288009888,-10.723386897404204,-21.574264524103835,-19.633572311495676,-13.8114956736712,-17.89,-17.38,5.53,2.16,9,2012,0.0,2157.3333333333335,-64.72
2012-12-31,182.2,-13.090000000000003,-0.005046909137642977,0.0,27.749999999999993,-6.590000000000003,-4.239999999999995,0.57,0.0,188.80000000000007,1.3900000000000006,103.31,173.35,455.9,782.88,22.18,838.31,0.0,194.73,2.75,240.7,86.92,327.62,2444.82,486.64,17.929999999999993,-18.790000000000003,-3.3299999999999983,2.3500000000000005,-28.23510313216195,2.86,0.67,-0.03,-6.244708906310244,-5.6323505976095625,-10.760010281454829,-10.726364220537208,-7.449237887161036,-14.44,-14.03,3.25,1.36,12,2012,0.0,2593.666666666667,-77.81
2013-03-31,140.72,-27.51,-0.01,0.0,23.44,-21.57,-19.27,1.1,0.0,162.29,-13.39,105.66,145.22,489.98,1198.34,20.45,1290.96,0.0,158.09,442.77,675.7,109.99,785.7,2444.82,481.72,-464.93,-39.17,506.45,2.3,-27.5,5.58,1.63,-0.01,-8.52,-8.64,-22.84,-23.16,-14.040000000000001,-19.83,-19.55,1.77,1.05,3,2013,0.0,2751.0,-27.51
2013-06-30,-44.41,4.680000000000003,0.0020499342969776623,0.0,-2.9700000000000024,6.58,5.34,1.0,0.0,-50.989999999999995,2.25,607.73,251.35,547.9,1495.95,19.12,5456.32,83.19,186.95,442.79,841.94,109.81,951.75,6982.29,4481.69,-4569.849999999999,20.810000000000002,5153.25,-1.2399999999999998,121.95512820512812,1.56,0.21,-0.01,0.34438896189224727,0.3935873850197112,0.41818659658344315,0.7625755584756905,0.26239159001314083,-24.06,-23.7,1.78,1.13,6,2013,0.0,2283.0,-22.83
2013-09-30,103.82999999999998,-35.31,-0.00607327141382869,0.0,14.020000000000003,-23.21,-20.869999999999997,0.9,0.0,127.04,-18.349999999999998,192.58,119.41,637.29,1219.49,289.05,5242.72,0.0,163.69,442.82,663.09,109.6,772.68,6982.29,4446.39,4964.96,160.89,-5540.99,2.34,-37.04757858963467,1.41,0.17,-0.01,-2.6965325077399385,-3.1095149638802893,-3.1823942208462332,-5.806047471620227,-2.016326109391125,-30.14,-29.05,1.84,0.88,9,2013,0.0,5814.0,-58.14
2013-12-31,139.91000000000003,-26.929999999999993,-0.003165628306100857,0.0,33.37,-14.93,-16.090000000000003,1.09,0.0,154.84,-15.66,232.2,70.92,719.95,1565.42,3.89,5285.39,0.0,100.47,490.0,641.58,226.88,868.45,6982.29,4416.93,-31.360000000000014,-114.23,185.21000000000004,-1.1599999999999997,-86.08085777942816,1.72,0.2,-0.01,-2.0386646291289523,-2.203277301046197,-2.443865052309862,-4.39389208886799,-1.443526507581991,-26.46,-25.02,2.44,1.32,12,2013,0.0,8507.0,-85.07
2014-03-31,201.53,-5.98,0.0,-0.0,43.86,11.85,12.98,1.23,0.0,189.68,7.38,71.4,95.52,799.08,1002.71,237.77,6182.94,0.0,91.44,694.44,1016.93,764.39,1781.32,6982.29,4401.62,14.89,-1053.44,887.08,1.13,0.0,1.95,0.4,0.0,-0.4,1.28,-0.56,-0.96,0.9200000000000002,-3.24,-2.97,0.99,0.2,3,2014,0.0,-inf,-5.98
2014-06-30,130.99999999999997,-11.39,0.0,-0.0,23.930000000000007,18.58,19.73,1.33,0.0,112.42000000000002,-3.67,89.51,154.02,828.2,1369.37,244.94,6589.42,0.0,86.36,705.29,1009.1,731.69,1740.79,7336.29,4848.63,-290.78,-87.29999999999995,379.9799999999999,1.15,0.0,2.01,0.36,0.0,-0.6819573978123201,1.337685664939551,-0.9442487046632123,-0.9704778353483017,1.4426021876799078,-6.09,-5.22,1.36,0.54,6,2014,0.0,-inf,-17.37
2014-09-30,107.84000000000003,-24.55,-0.005856393129770992,0.0,18.08999999999999,22.310000000000002,23.479999999999997,1.91,0.0,85.52999999999997,-11.75,230.33,187.52,936.47,2422.29,375.18,7677.65,0.0,56.32,514.23,719.19,2155.75,2874.95,7336.29,4802.7,-922.2700000000001,-53.82999999999993,1143.6399999999999,1.1700000000000004,-81.53482688391038,2.92,0.6,-0.01,-1.2884064885496185,1.9208969465648853,-2.0380248091603055,-2.1317270992366413,1.7803435114503816,-11.85,-9.52,3.37,2.07,9,2014,0.0,4192.0,-41.92
2014-12-31,394.07000000000005,106.84,0.01645717806531115,0.0,126.86000000000001,148.98999999999998,150.2,2.1,0.0,245.08000000000004,30.29,534.73,120.56,1159.13,2153.16,570.92,7911.81,0.0,177.07,389.31,825.66,2080.83,2906.49,7336.29,5005.32,629.6700000000001,-218.17000000000007,-83.41999999999962,1.21,31.900973418195434,3.08,0.58,0.01,5.397954405422058,20.14358595194085,8.557732593961799,9.084362292051756,18.761182994454714,10.38,7.78,2.61,1.2,12,2014,0.0,6492.0,64.92
2015-03-31,90.73,-97.74,-0.01,0.0,35.72,-54.26,-53.05,1.28,0.0,144.99,-56.4,423.7,166.66,1239.17,2245.24,639.7,8017.08,0.0,180.68,396.29,1061.57,2048.05,3109.62,7336.29,4907.46,-54.65,-72.03,20.0,1.21,-32.0,1.91,0.63,-0.01,-4.88,-3.04,-7.96,-8.4,-3.12,-120.94,-107.73,2.12,0.95,3,2015,0.0,9774.0,-97.74
2015-06-30,125.58999999999999,-114.74,-0.016200112951807226,0.0,54.269999999999996,-66.05000000000001,-46.60000000000001,1.37,0.0,191.63,-62.669999999999995,445.65,153.71,1357.65,2141.63,739.79,8222.0,0.0,193.45,383.57,1279.99,2104.36,3384.35,7336.29,4837.65,244.85,-231.94000000000003,0.0,19.45,-21.14337109987799,2.08,0.7,-0.03,-5.572838855421686,-3.499224397590362,-9.48246611445783,-9.48246611445783,-3.7368260542168676,-105.04,-98.22,1.67,0.61,6,2015,0.0,7082.666666666667,-212.48
2015-09-30,199.42000000000002,-26.340000000000003,-0.0033087681098735453,0.0,22.430000000000007,-44.900000000000006,-24.129999999999995,1.24,0.0,244.33000000000004,-85.18,1635.5,1456.74,1455.36,6245.28,762.05,10950.71,0.0,210.8,1890.26,3634.93,1155.9,4790.83,7336.29,6159.88,-1139.07,-46.00999999999999,2493.59,20.77,-93.6829024297646,1.48,0.78,-0.03,-0.9617485972699106,-0.7808692739301567,-1.711736035507914,-1.9234971945398212,-0.9970421237752283,-67.87,-57.44,1.72,1.32,9,2015,0.0,7960.666666666667,-238.82
2015-12-31,100.29999999999995,-217.78000000000003,-0.02861760840998686,0.0,47.249999999999986,-186.21,-164.73999999999998,1.14,0.0,286.5,-123.83999999999997,1253.82,713.96,1562.33,4467.03,807.54,10141.42,0.0,292.44,1896.95,3058.69,1166.03,4224.72,7336.29,5605.53,-1023.68,515.47,1.9299999999998363,21.47,-9.958903480576726,1.49,0.75,-0.06,-8.585282522996058,-7.421499780989927,-15.548900569426195,-16.426507227332458,-9.462889180902321,-95.25,-88.48,1.46,0.95,12,2015,0.0,7610.000000000001,-456.6
2016-03-31,197.41,-24.01,0.0,-0.0,18.04,6.13,27.69,1.19,0.0,191.28,-128.36,1263.33,756.92,1575.77,4212.45,851.9,9994.34,0.0,278.69,1693.07,2963.73,1168.06,4131.78,7336.29,5574.23,351.34,-61.02,-200.0,21.56,0.0,1.57,0.74,0.0,-0.96,0.28,-1.7199999999999998,-1.8400000000000003,0.36,-48.18,-12.16,1.42,0.89,3,2016,0.0,-inf,-24.01
2016-06-30,152.70000000000002,-57.47999999999999,-0.007053626211805129,0.0,49.690000000000005,-20.14,1.6899999999999977,1.06,0.0,172.84,-45.829999999999984,1758.09,939.22,1567.73,4785.74,905.08,10924.98,0.0,270.08,2085.98,3476.42,1169.91,4646.33,7336.29,5840.48,-326.60999999999996,-110.97999999999999,1003.43,21.830000000000002,-37.56932846207376,1.33,0.8,-0.01,-2.1160878635415385,-0.4232175727083077,-3.950030678610872,-4.3168192416247395,-0.5360755920971898,-47.36,-23.28,1.38,0.93,6,2016,0.0,8148.999999999999,-81.49
2016-09-30,98.40999999999997,-118.33,-0.01776548894004604,0.0,43.81999999999999,-98.49,-76.36,1.03,0.0,196.89999999999998,-65.16,773.53,1900.1,1518.15,4400.78,976.31,11378.5,0.0,146.49,1460.41,2957.54,2322.77,5280.31,7336.3,5686.7,474.21999999999997,-855.71,-596.3399999999999,22.129999999999995,-14.492986985548887,1.33,0.93,-0.03,-4.168968071264138,-2.3924191772595336,-8.314248823941547,-7.982626363727355,-3.1741006906215596,-68.77,-44.55,1.49,0.97,9,2016,0.0,6660.666666666667,-199.82
2016-12-31,141.55000000000007,-76.11000000000001,-0.01103323306635741,0.0,21.549999999999997,-36.06999999999999,-13.420000000000002,0.99,0.0,177.63,-105.26000000000002,1058.52,1498.38,2028.04,4731.72,1240.29,12667.32,0.0,177.16,1473.19,3242.97,3451.28,6694.25,7336.3,5571.4,170.13000000000005,-758.03,884.7199999999999,22.650000000000006,-22.432228025226642,1.3,1.2,-0.04,-2.4052448084659157,-1.4343202986264634,-5.461450367846918,-5.450417134780562,-1.7432508244844709,-78.49,-46.76,1.46,0.83,12,2016,0.0,6898.25,-275.93
2017-03-31,155.38,-63.45,-0.01,0.0,26.54,-19.39,3.91,1.0,0.0,174.77,-82.33,1657.44,1378.83,2247.38,5458.21,1476.83,13708.58,0.0,216.57,2102.46,4094.45,3743.33,7837.78,7336.3,5477.8,404.78,-146.3,356.05,23.3,-25.0,1.34,1.43,-0.01,-1.84,-0.64,-4.64,-4.6,-0.8,-77.64,-40.84,1.33,0.78,3,2017,0.0,6345.0,-63.45
2017-06-30,97.68,-105.3,-0.01248,0.0,33.21,-62.730000000000004,-38.91,1.04,0.0,160.41,-66.03000000000002,1114.05,1372.92,2589.86,5261.22,1827.58,13957.91,0.0,186.33,1677.47,3788.52,4211.74,8000.26,8266.13,5577.36,39.910000000000025,-166.67000000000002,-436.54,23.819999999999997,-20.833333333333332,1.54,1.43,-0.02,-3.0201599999999997,-1.64736,-7.562879999999999,-7.38816,-2.02176,-102.42,-66.68,1.39,0.71,6,2017,0.0,8437.5,-168.75
2017-09-30,214.68,-74.82,-0.009215420618302746,0.0,82.93,-54.66999999999999,-29.939999999999998,1.2,0.0,269.34999999999997,-72.14999999999998,1024.76,1438.67,3047.17,5940.9,1983.42,14956.6,0.0,225.94,1828.45,4344.38,4767.8,9112.19,8266.13,5488.59,99.28000000000003,-231.39999999999998,-6.320000000000007,24.729999999999997,-32.554129911788294,1.81,1.66,-0.03,-2.002818081044463,-1.2778716590713142,-5.455529006035226,-5.357231186106663,-1.5850523463480723,-69.6,-52.07,1.37,0.67,9,2017,0.0,8119.0,-243.57
