,revenue,net_profit,eps,dps,gross_profit,ebit,ebitda,close_price,expense,operating_profit,cash,account_receivable,inventory,current_asset,property_plant_equipment,total_asset,short_term_loan,account_payable,current_portion_long_term_debt,current_liability,non_current_liability,total_liability,paid_in_capital,total_equity,cash_flow_operation,cash_flow_investment,cash_flow_financing,depreciation,P/E,P/BV,D/E,EPS,DPS,DPR%,ROA%,ROAA%,ROE%,ROAE%,ROCE%,NPM%,NPMA%,CurrentRatio,QuickRatio,month,year,dividend,number_of_shares,return_old
2011-09-30,,,,,,,,,,,8.27,351.75,534.11,964.43,1541.99,2542.29,1199.87,131.57,122.18,1520.97,323.59,1844.56,600.0,685.72,,,,,,0.0,2.69,0.28,0.0,0.0,,,,,,3.98,3.96,0.63,0.28,9,2011,,602.4999999999999,168.7
2011-12-31,1447.37,17.210000000000008,0.02777150233984187,0.0,68.94,45.839999999999975,77.33000000000004,2.74,1401.52,44.80000000000001,613.64,435.46,538.27,1646.43,1511.93,3196.44,1160.09,248.51,124.99,1611.53,288.79,1900.33,800.0,1283.77,101.94000000000005,-5.489999999999995,508.91999999999996,31.49000000000001,24.65657030796048,1.71,1.48,0.3,0.0,0.0,2.1550685815717294,0.0,5.361751385078804,0.0,7.205779140444305,3.27,3.26,1.02,0.69,12,2011,0.0,619.7,185.91
2012-03-31,1504.87,10.05,0.01,0.0,58.81,33.96,65.05,2.76,1470.91,29.9,181.72,590.95,629.97,1455.74,1482.2,3018.41,1155.42,109.73,122.92,1454.49,258.07,1712.57,800.0,1293.52,-350.43,-43.92,-37.56,31.09,69.0,1.71,1.32,0.01,0.0,0.0,1.32,0.0,3.12,0.0,8.68,0.67,0.67,1.0,0.57,3,2012,0.0,1005.0,10.05
2012-06-30,1285.38,58.71000000000001,0.0768455497382199,0.1,112.00999999999999,82.02000000000001,113.14999999999999,2.1,1203.36,81.68,7.85,883.78,715.5,1661.01,1453.74,3252.27,1451.73,97.46,123.25,1742.07,227.21,1969.29,800.0,1271.51,-291.34,-68.2,185.67000000000002,31.13,6.830909555442003,1.32,1.55,0.09,0.1,1.11,7.2064048865619545,0.0,18.477085514834208,0.0,26.22994764397906,2.47,2.46,0.95,0.54,6,2012,76.40000000000002,764.0000000000001,68.76
2012-09-30,1009.1500000000001,-25.090000000000003,-0.028726814746965885,0.012525761392260115,60.920000000000016,0.9599999999999937,32.51000000000002,1.98,1008.19,36.8,15.47,968.61,702.42,1743.38,1390.81,3268.08,1480.05,129.81,123.5,1812.69,196.37,2009.06,800.0,1245.54,13.350000000000023,-3.3499999999999943,-2.380000000000024,31.549999999999997,-17.231287365484256,1.27,1.61,0.05,0.1,2.0,-3.079514540874743,-9.261525074421801,-8.06648958094802,-10.387616212502861,-18.454105793450882,1.15,1.15,0.96,0.57,9,2012,10.939999999999984,873.4,43.67
2012-12-31,563.8299999999995,-18.21,-0.02145718774548311,-0.0029143754909662163,0.0,2.760000000000005,34.19999999999999,1.84,561.0699999999997,-21.72,435.43,900.2,773.02,2197.93,1462.42,3792.66,1774.99,369.8,249.06,2464.97,40.24,2505.21,800.0,1273.77,204.48999999999995,-47.16,262.63,31.439999999999998,-21.436872597473915,1.16,1.97,0.03,0.1,3.33,-1.9168421052631581,-9.813087195600945,-5.72191673212883,-5.693307148468185,-25.80584446190102,0.59,0.58,0.89,0.58,12,2012,-2.473333333333329,848.6666666666667,25.46
2013-03-31,1024.29,36.69,0.05,0.0,71.29,55.35,86.43,1.76,968.95,43.97,284.86,749.18,917.17,2017.12,1445.68,3593.23,1541.69,398.6,107.45,2119.8,160.62,2280.41,800.0,1298.94,136.63,-23.08,-264.13,31.08,8.8,1.08,1.76,0.05,0.0,0.0,4.08,6.68,11.28,11.32,15.04,3.62,3.58,0.95,0.52,3,2013,0.0,733.8,36.69
2013-06-30,965.5,-17.369999999999997,-0.017981366459627328,0.0,25.129999999999995,0.0,31.36999999999999,1.39,965.48,-3.8599999999999994,139.83,782.07,860.55,1816.95,1418.06,3363.9,1548.21,193.78,98.23,2031.03,39.66,2070.69,800.0,1280.38,-117.83,-2.7900000000000027,-24.410000000000025,31.370000000000005,-19.32556131260795,0.87,1.62,0.02,0.0,0.0,-2.049875776397515,-6.005776397515527,-5.430372670807453,-5.430372670807453,-14.924534161490683,0.98,0.97,0.89,0.47,6,2013,0.0,966.0,19.32
2013-09-30,1326.3200000000002,63.32,0.076621490803485,0.0,115.55999999999999,83.55000000000001,115.39999999999999,1.38,1242.78,81.19,860.24,697.92,784.82,2420.49,1400.98,3949.89,2000.38,267.32,172.52,2549.06,34.26,2583.32,800.0,1342.61,339.18,-50.0,431.25,31.849999999999994,4.502653190145294,0.82,1.92,0.1,0.0,0.0,6.405556631171345,11.79970958373669,18.879535333978705,19.58445304937076,30.403407550822845,2.51,2.49,0.95,0.64,9,2013,0.0,826.4,82.64
2013-12-31,1520.1699999999996,22.53,0.02784919653893696,0.1,81.1,41.329999999999984,73.22000000000003,1.4,1478.8400000000001,36.08999999999999,38.8,829.93,648.37,1644.72,1368.71,3180.09,1299.64,296.83,152.79,1839.97,30.66,1870.62,800.0,1282.93,25.389999999999986,-40.849999999999994,-805.99,31.89,12.568585219707057,0.87,1.46,0.13,0.1,0.77,2.8363335551963487,4.430164495578587,7.026566511362556,7.052273462013883,11.525282875344681,2.18,2.17,0.89,0.54,12,2013,80.9,809.0,105.17
2014-03-31,1409.02,36.07,0.05,0.0,84.86,53.16,83.97,1.56,1355.86,42.73,63.5,772.96,492.35,1423.25,1338.46,2928.32,1033.3,279.67,136.77,1560.59,25.85,1586.43,800.0,1319.96,283.04,34.46,-292.8,30.81,7.8,0.95,1.2,0.05,0.0,0.0,4.92,6.52,10.92,11.0,15.56,2.58,2.56,0.91,0.6,3,2014,0.0,721.4,36.07
2014-06-30,1306.85,40.68,0.05300325732899023,0.0,88.08999999999999,52.77000000000001,83.86000000000001,2.86,1254.0800000000002,47.1,856.19,851.84,626.25,2549.42,1313.5,4029.17,2047.68,362.75,120.59,2613.46,20.95,2634.42,800.0,1360.57,-207.63000000000002,-5.260000000000002,1006.4100000000001,31.09,13.48973697148476,1.68,1.94,0.1,0.0,0.0,4.028247557003257,6.084773941368079,11.957534853420196,12.317957003257328,15.858574592833877,2.84,2.83,0.98,0.74,6,2014,0.0,767.5,76.75
2014-09-30,938.21,-11.840000000000003,-0.01459251270990603,0.0,38.05000000000001,2.1499999999999915,33.50999999999999,7.65,936.06,-5.659999999999997,71.6,785.69,1045.03,2066.22,1602.82,3817.87,1988.52,245.65,104.49,2428.99,15.89,2444.88,800.0,1342.99,-409.46000000000004,-290.65999999999997,-70.81000000000006,31.360000000000007,-131.06721494932427,4.56,1.82,0.08,0.0,0.0,-1.2403635803420123,-2.028359266676938,-3.524091819442306,-3.524091819442306,-5.676487444153445,1.79,1.78,0.85,0.42,9,2014,0.0,811.3749999999999,64.91
2014-12-31,502.0600000000004,-17.569999999999993,-0.022268694550063358,0.0,25.099999999999994,9.409999999999997,44.16999999999999,7.45,492.65999999999985,-9.840000000000003,83.43,879.31,1302.15,2437.88,2103.03,4728.33,3032.61,151.72,83.44,3334.15,15.57,3349.72,800.0,1295.94,-459.97999999999996,-573.4000000000001,1037.57,34.760000000000005,-83.63983779169041,4.6,2.58,0.06,0.0,0.0,-1.4845796366708905,-4.4092015209125455,-5.418715673848751,-5.448407266582168,-12.515006337135608,1.15,1.14,0.73,0.34,12,2014,0.0,789.0000000000001,47.34
2015-03-31,663.35,-17.35,-0.02,0.0,84.05,-12.6,23.75,6.75,675.95,-23.04,208.14,919.63,1455.78,3021.0,2138.92,5483.59,3647.23,75.01,62.24,3852.21,275.05,4127.25,800.0,1287.48,-548.06,-206.24,854.13,36.35,-84.375,4.19,3.21,-0.02,0.0,0.0,-1.28,-1.2,-5.4,-5.32,-3.08,-2.66,-2.62,0.78,0.41,3,2015,0.0,867.5,-17.35
2015-06-30,1002.3100000000001,35.08,0.039571347997743936,0.0,139.72000000000003,78.00999999999999,115.36000000000001,6.0,924.3,55.519999999999996,1368.99,1164.87,1104.45,4096.66,2092.69,7575.77,3823.71,66.25,36.18,4015.13,2167.38,6182.51,800.0,1303.44,188.30999999999995,-1038.65,2047.79,37.35,37.90621436716078,3.68,4.74,0.02,0.0,0.0,1.820282007896221,8.943124647490126,10.76340665538635,10.525978567399887,14.562256063169768,1.09,1.06,1.02,0.75,6,2015,0.0,886.5,17.73
2015-09-30,502.06999999999994,14.559999999999999,0.018036543821616596,0.0,22.409999999999997,121.62,160.53999999999996,7.1,380.46000000000004,-1.8699999999999974,243.48,1035.3,1628.27,3753.41,2646.63,8274.99,4109.48,147.21,20.56,4403.76,2405.44,6809.2,800.0,1339.71,-570.19,-960.5699999999999,404.98,38.92,98.41131524725274,4.24,5.08,0.04,0.0,0.0,0.7034252090430474,5.573292040879529,4.3468070610096,4.3468070610096,8.711650665840816,1.61,1.49,0.85,0.48,9,2015,0.0,807.25,32.29
2015-12-31,279.1199999999999,-142.71,-0.18094004709291797,0.0,-101.66,-111.31,-65.70999999999998,4.86,390.4200000000001,-157.18,178.31,1197.9,1492.69,2967.25,3495.08,8092.36,3771.46,323.71,868.71,5023.98,1756.05,6780.03,800.0,1207.71,597.0600000000001,-611.0500000000002,-63.970000000000255,45.599999999999994,-6.714102375446711,3.22,5.61,-0.14,0.0,0.0,-7.03081325846767,6.100264444846949,-47.25120086940772,-45.59689186741532,12.769197609128781,-4.92,-4.51,0.59,0.29,12,2015,0.0,788.7142857142857,-110.42
2016-03-31,1292.52,48.83,0.06,0.0,115.8,88.4,128.88,3.68,1204.12,62.23,270.94,2139.08,732.72,3191.53,3835.67,9672.01,4491.87,128.93,869.68,5529.49,2763.45,8292.94,800.0,1266.64,-393.64,-1311.73,1785.95,40.48,15.3325,2.32,6.55,0.06,0.0,0.0,2.0,4.68,15.44,15.28,8.52,3.93,3.78,0.58,0.44,3,2016,0.0,813.8333333333334,48.83
2016-06-30,559.97,2.240000000000002,0.0026316820050910537,0.0,68.22000000000001,65.0,107.98000000000002,5.35,494.97,-10.43,224.59,2411.17,969.03,3676.28,3998.12,10383.67,4953.61,248.83,1399.74,6644.06,2346.73,8990.79,800.0,1314.33,-263.68000000000006,-182.96000000000004,389.8599999999999,42.98,508.2490959821424,3.26,6.84,0.06,0.0,0.0,0.08596827883297443,0.30001174858038016,0.6824828666536132,0.684237321323674,0.719326414724888,2.92,2.76,0.55,0.41,6,2016,0.0,851.1666666666667,51.07
2016-09-30,669.6800000000001,53.830000000000005,0.06671020019065778,0.0,150.85999999999999,142.62999999999997,224.87,5.7,527.0600000000002,47.43000000000001,411.37,2614.08,1454.62,4708.95,3785.22,11391.58,5520.94,436.16,1411.14,7472.98,2455.45,9928.43,800.0,1364.97,-449.84000000000003,30.220000000000027,681.75,82.24,21.362924948913246,3.34,7.27,0.13,0.0,0.0,1.888411820781697,6.178390848427074,15.784659675881793,15.928343183984747,15.497292659675882,4.51,4.16,0.63,0.44,9,2016,0.0,806.9230769230769,104.9
2016-12-31,219.1500000000001,-72.37,-0.08898862588379958,0.0,39.120000000000005,-111.08999999999997,-55.200000000000045,6.4,330.23,-22.52000000000001,711.21,1426.34,1872.15,4331.72,5187.1,13232.35,5593.79,412.29,885.56,6934.78,4945.44,11880.22,800.0,1276.01,318.8700000000001,-2142.91,2173.7900000000004,55.890000000000015,-17.97982589470775,4.01,9.31,0.04,0.0,0.0,-2.2247156470949894,-15.395032277897327,-22.69209960036889,-23.315019981555487,-26.162656009837075,1.24,1.19,0.62,0.35,12,2016,0.0,813.25,32.53
2017-03-31,653.79,-36.74,-0.05,0.0,76.34,20.83,78.52,5.65,632.96,-19.21,437.56,1204.49,2270.87,4257.86,4804.92,12957.98,3624.66,707.19,2952.17,7314.92,4349.08,11664.0,800.0,1224.31,211.31,21.56,-480.84,57.69,-28.249999999999996,3.69,9.53,-0.05,0.0,0.0,-1.12,0.72,-12.0,-11.8,1.4799999999999998,-5.99,-5.62,0.58,0.27,3,2017,0.0,734.8,-36.74
2017-06-30,1218.94,74.93,0.09810159727677403,0.0,279.47,226.45,315.96000000000004,4.48,992.49,187.08,862.28,1065.29,2110.45,4793.82,4752.79,12283.75,1405.0,2340.52,945.69,4751.12,6154.02,10905.14,800.0,1292.27,1955.33,872.72,-2408.33,89.50999999999999,11.416735619911915,2.77,8.44,0.05,0.0,0.0,2.432919612463996,17.108918565069395,23.230458235140095,22.995014401675835,25.741859125425506,2.13,2.04,1.01,0.56,6,2017,0.0,763.8,38.19
2017-09-30,1049.1100000000001,66.63,0.08263594733829421,0.0,229.44,181.59,266.22,6.3,867.5199999999998,138.85000000000002,366.97,939.52,945.15,2962.52,7548.01,13002.05,1184.18,322.54,1256.65,2895.32,8692.67,11587.99,800.0,1319.58,-1707.4899999999998,-595.23,-163.34000000000015,84.63000000000002,19.058896893291312,3.82,8.78,0.13,0.0,0.0,2.059542072123641,8.950108757870636,20.18859759587865,19.858053806525472,10.78081282198054,3.76,3.59,1.02,0.7,9,2017,0.0,806.3076923076923,104.82
