,revenue,net_profit,eps,dps,gross_profit,ebit,ebitda,close_price,allowance_doubtful_accounts,expense,operating_profit,cash,account_receivable,inventory,current_asset,property_plant_equipment,total_asset,short_term_loan,account_payable,current_portion_long_term_debt,current_liability,non_current_liability,total_liability,paid_in_capital,total_equity,cash_flow_operation,cash_flow_investment,cash_flow_financing,depreciation,P/E,P/BV,D/E,EPS,DPS,DPR%,ROA%,ROAA%,ROE%,ROAE%,ROCE%,NPM%,NPMA%,CurrentRatio,QuickRatio,month,year,dividend,number_of_shares,return_old
2000-03-31,1593.87,3.46,0.03,0.0,324.76,205.2,453.51,2.28,0.0,1388.68,144.89,4915.46,986.56,40.45,7037.16,1320.02,10314.31,3310.64,909.74,683.95,8003.23,1741.01,9744.24,1050.0,366.15,2482.17,-53.04,-1657.29,248.31,18.9575,6.52,26.61,0.03,0.0,0.0,0.11999999999999998,0.0,3.76,0.0,35.52,0.23,0.22,0.88,0.87,3,2000,0.0,115.33333333333334,3.46
2000-06-30,1271.4500000000003,16.34,0.1567979797979798,0.0,348.22,190.22000000000003,343.43000000000006,1.38,0.0,1081.22,203.44,5582.31,989.36,36.7,8222.29,1178.16,11239.61,3707.54,1030.62,1096.68,9118.54,1650.87,10769.41,1050.0,277.07,573.1199999999999,-77.01000000000002,101.15999999999985,153.20999999999998,2.193268053855569,5.21,38.87,0.19,0.0,0.0,0.5941818181818181,0.0,23.60222222222222,0.0,61.53082828282828,0.73,0.69,0.9,0.9,6,2000,0.0,104.21052631578948,19.8
2000-09-30,842.6599999999999,-385.42,-3.6684579618182815,0.0,-44.05000000000007,-299.72,-127.99000000000001,1.2,0.0,1142.38,-224.82,5661.15,574.5,32.19,8016.72,987.54,10420.55,3748.09,396.01,1323.28,8991.4,1654.7,10646.1,1050.0,-498.41,-216.05000000000018,9.440000000000012,176.0300000000002,171.73000000000002,-0.08063333506304811,-2.53,-21.36,-3.48,0.0,0.0,-14.800330397680652,0.0,309.33112192987255,0.0,28.251342924347682,-10.48,-9.86,0.89,0.89,9,2000,0.0,105.0632183908046,-365.62
2000-12-31,2183.8799999999997,-77.10000000000002,-0.7349159739790387,0.0,270.6,45.260000000000005,180.6099999999999,1.08,0.0,2138.6299999999997,33.61,6466.4,828.65,22.73,9599.17,843.1,11617.94,3774.41,1316.76,1515.65,9440.13,2573.21,12013.34,1050.0,-617.68,-428.42999999999984,2.450000000000003,1190.1499999999999,135.35000000000002,-0.3588845654993514,-1.83,-19.45,-4.22,0.0,0.0,-2.65405674015179,0.0,49.92552403324902,0.0,4.50702023852548,-7.86,-7.51,1.02,1.01,12,2000,0.0,104.90995260663509,-442.72
2001-03-31,1190.28,51.59,0.49,0.0,251.56,189.9,340.96,1.1,0.0,1000.38,-97.82,5982.44,882.88,30.21,9224.34,755.51,11750.76,4102.47,742.5,2145.21,9994.94,1706.85,11701.79,1050.0,-176.03,-620.52,101.66,198.4,151.06,0.56,-6.56,-66.48,0.49,0.0,0.0,1.76,6.879999999999999,-117.24,217.08,43.28,5.83,4.33,0.92,0.92,3,2001,0.0,105.28571428571429,51.59
2001-06-30,1920.4599999999998,152.63,1.4499177357751443,0.0,392.47999999999996,312.57000000000005,416.69,1.1,0.0,1607.8899999999999,330.32,5631.42,1122.26,24.02,9846.0,688.0,12754.76,5121.13,1317.11,1782.37,11138.32,1391.88,12530.2,1050.0,18.76,-30.5,-505.23,254.97,104.12,0.19066598964816875,61.57,667.92,1.94,0.0,0.0,4.783233767505632,12.526093428655374,3254.3627793555966,412.76317892468904,92.91431593379689,7.3,6.56,0.88,0.88,6,2001,0.0,105.26804123711341,204.22
2001-09-30,4559.37,2468.6800000000003,23.514756556549067,0.0,271.44000000000005,2587.95,2673.23,1.5,0.0,1971.4199999999996,64.67000000000002,5371.94,1504.05,31.62,12440.54,602.58,15308.34,4907.62,1496.06,1589.71,11690.99,1062.45,12753.44,1050.0,2360.94,683.16,-144.41000000000003,-811.4100000000001,85.27999999999997,0.016240865563783072,0.67,5.4,25.46,0.0,0.0,64.5039512140372,88.73911272400763,418.24125526581616,1060.3622037487373,315.6112572860938,55.61,34.85,1.06,1.06,9,2001,0.0,104.98428908091124,2672.9
2001-12-31,2223.05,-54.26000000000022,-0.5167737451501564,0.0,-290.14,53.06999999999971,112.53999999999996,1.47,0.0,2169.9800000000005,-611.9300000000001,4820.8,1783.93,573.52,9307.55,570.0,14849.2,4712.95,1519.41,982.21,11080.55,1092.76,12173.32,1050.0,2401.56,142.79000000000002,-19.100000000000023,-639.3399999999999,59.47000000000003,-0.7239144858090645,0.64,5.07,24.94,0.0,0.0,-1.461222313872856,-1.9684645464821513,-9.037531543091108,-24.333537103229254,-6.913247487245315,41.36,26.47,0.84,0.79,12,2001,0.0,104.99759422614274,2618.64
2002-03-31,1716.68,130.68,1.24,0.0,135.23,234.71,296.27,1.69,0.0,1481.98,-34.91,4546.8,958.74,82.93,9095.35,549.26,14355.35,3765.87,1164.56,1113.18,10134.12,1028.37,11162.49,1050.0,3017.18,104.3,-324.07,-132.25,61.56,0.34,0.59,3.7,1.24,0.0,0.0,3.64,7.2,17.32,36.8,22.24,9.14,7.61,0.9,0.89,3,2002,0.0,105.38709677419355,130.68
2002-06-30,1720.99,-119.9,-1.112244897959184,0.0,95.26000000000002,55.41,112.23000000000002,2.24,0.0,1665.5700000000002,-59.45,4218.69,796.48,84.4,8754.89,532.59,14212.07,2314.29,1173.18,1144.48,9976.2,967.76,10943.97,1050.0,3087.04,1565.8500000000001,-405.59,-1487.03,56.81999999999999,-0.50348623853211,0.76,3.55,0.1,0.0,0.0,-3.5591836734693882,-95.6530612244898,-15.571428571428571,-30.697959183673472,-304.7551020408164,0.37,0.31,0.88,0.87,6,2002,0.0,107.79999999999998,10.78
2002-09-30,1980.2399999999998,-59.85,-0.5732524964336662,0.0,117.82,92.18,141.71000000000004,1.51,0.0,1888.0599999999995,-32.09,4373.07,977.64,68.79,9120.82,495.53,14504.8,2540.15,1431.65,1095.71,10528.06,964.53,11492.59,1050.0,3012.21,212.79999999999995,-169.04000000000008,112.98000000000002,49.53,-0.6579561403508772,0.53,3.82,-0.47,0.0,0.0,-1.6587731811697577,12.489586305278173,-7.952353780313837,-8.928102710413695,46.884736091298144,-1.05,-0.91,0.87,0.86,9,2002,0.0,104.40425531914894,-49.07
2002-12-31,1877.3100000000004,-129.84,-1.2337376334469847,0.0,55.43000000000001,-5.759999999999991,38.42999999999995,1.26,0.0,1883.0700000000006,-133.32999999999998,1825.57,1197.8,58.86,6514.86,477.32,14737.16,2331.59,1692.04,1509.45,11196.49,593.71,11790.2,1050.0,2770.84,-1186.68,-3599.7200000000003,2238.94,44.19,-0.2549164356130622,0.48,4.26,-1.7,0.0,0.0,-3.512523615225532,7.4024258006819075,-18.752812028394164,-20.088151584595607,30.857955396568112,-2.85,-2.45,0.58,0.58,12,2002,0.0,105.24117647058823,-178.91
2003-03-31,1410.2,-5.98,-0.060000000000000005,0.0,238.47,140.02,164.3,1.19,0.0,1270.18,95.86,1429.25,2899.09,502.56,6143.26,453.19,14733.53,2564.34,4751.34,923.41,10736.83,1025.51,11762.34,1050.0,2796.49,-61.65,-624.5,289.82,24.28,-4.9575,0.45,4.21,-0.06,0.0,0.0,-0.16,3.84,-0.84,-0.84,14.0,-0.48,-0.42,0.57,0.53,3,2003,0.0,99.66666666666667,-5.98
2003-06-30,1759.6699999999998,64.92,0.6168171021377673,0.0,332.66999999999996,243.34,262.15999999999997,1.77,0.0,1516.3300000000002,181.71999999999997,1126.36,3933.84,493.72,6899.04,486.74,16239.08,2653.6,5114.44,835.78,11191.12,1483.34,12674.46,1050.0,3367.42,-136.75,-724.1800000000001,558.3,18.82,0.7172304374614911,0.55,3.76,0.56,0.0,0.0,1.5861011197828299,11.10270783847981,7.710213776722091,8.062680692229387,33.44029860875467,2.12,1.86,0.62,0.57,6,2003,0.0,105.24999999999999,58.94
2003-09-30,2208.1400000000003,285.53000000000003,2.718780735622841,0.0,490.62,498.71000000000004,520.3700000000001,5.05,0.0,1709.4299999999994,325.09999999999997,948.8,4213.17,590.22,6997.42,529.36,17264.38,2110.64,5123.28,740.61,10604.28,2550.33,13154.61,1050.0,3889.16,349.21000000000004,-878.49,351.4599999999999,21.660000000000004,0.46447291002696744,1.36,3.38,3.28,0.0,0.0,6.631172525909369,18.401503759398494,29.3760942897785,33.08955090428775,43.898362121520016,7.08,6.41,0.66,0.6,9,2003,0.0,105.02134146341464,344.47
2003-12-31,2690.8499999999995,-59.08000000000004,-0.05589403973509939,0.0,412.80999999999995,113.18999999999994,136.36,25.75,0.0,2577.6600000000008,198.7600000000001,908.82,1729.27,901.91,4811.21,537.2,15325.07,1709.87,5717.71,664.66,9950.15,1053.0,11003.16,1050.0,4110.44,-156.6,1793.47,-1676.35,23.17,-115.17283471563972,6.58,2.68,0.27,0.0,0.0,-1.5401913171449608,-5.481756193279376,-5.746735344616145,-6.86461613931813,-15.335668383615413,3.85,3.54,0.48,0.39,12,2003,0.0,1056.9999999999998,285.39
2004-03-31,1599.8,30.11,0.03,0.0,113.48,118.91,139.88,17.0,0.0,1480.89,-44.3,950.08,1879.72,897.76,4953.35,522.11,15352.14,2328.66,5059.64,571.35,9500.65,1874.5,11375.16,1050.0,3782.11,-875.91,-256.54,1173.67,20.97,141.6675,4.72,3.01,0.03,0.0,0.0,0.8,3.16,3.2,3.68,8.12,2.11,1.88,0.52,0.43,3,2004,0.0,1003.6666666666666,30.11
2004-06-30,1365.4800000000002,117.19000000000001,0.11138221317040056,0.0,358.79999999999995,248.89000000000001,272.62,13.2,0.0,1116.59,133.42000000000002,1190.37,1886.1,710.39,6290.68,536.29,15667.38,2005.5,5157.79,542.43,9218.01,2083.74,11301.75,1050.0,4162.57,280.53,-15.849999999999966,-24.460000000000036,23.730000000000004,29.62905751343971,3.33,2.72,0.14,0.0,0.0,2.991408010862186,7.351226069246437,11.265515274949085,12.442984385607605,18.139389002036662,5.54,4.97,0.68,0.61,6,2004,0.0,1052.142857142857,147.3
2004-09-30,2164.14,-33.010000000000005,-0.03177093358999038,0.0,289.08000000000004,88.52999999999997,112.76999999999998,13.9,0.0,2075.6200000000003,119.06,2641.84,4810.99,915.51,10911.45,539.72,20335.11,2218.57,4975.89,681.5,11471.87,4530.75,16002.62,1054.62,4126.75,-1266.1999999999998,-200.86,2918.57,24.239999999999995,-109.37355649803088,3.55,3.88,0.11,0.0,0.0,-0.6469717385598042,-2.80739522267915,-3.200199492519031,-3.292624026599003,-5.949829381398199,2.44,2.23,0.95,0.87,9,2004,0.0,1039.0,114.29
2004-12-31,2643.37,90.17999999999999,0.08379811219249768,0.0,719.9699999999999,391.39000000000004,414.69000000000005,12.9,0.0,2251.9699999999993,554.4200000000001,4979.56,5949.71,1252.81,15002.23,545.41,24859.54,1877.16,5207.4,730.98,12064.12,8000.36,20064.48,1058.68,4577.06,-830.6599999999999,-151.79999999999995,3320.8399999999997,23.299999999999997,38.48266882900865,2.98,4.38,0.19,0.0,0.0,1.4466200420599598,7.444800704259793,7.88584340000978,8.30924438792977,11.696452291289674,2.82,2.63,1.24,1.14,12,2004,0.0,1076.157894736842,204.47
2005-03-31,2421.38,166.68,0.16,0.1,385.33,357.93,382.92,13.1,0.0,2063.46,195.68,2927.91,5062.06,1595.92,13231.97,534.19,25026.08,2604.5,4996.05,901.6,12837.71,7108.87,19946.58,1070.41,4861.0,-610.57,-1362.36,-79.54,24.99,20.47,2.88,4.1,0.16,0.1,0.63,2.68,7.079999999999999,13.72,15.44,11.76,7.69,6.88,1.03,0.91,3,2005,104.17500000000001,1041.75,166.68
2005-06-30,3269.2799999999997,143.42000000000002,0.1341238310222509,0.0025773943889068054,368.82,329.72999999999996,355.99999999999994,11.4,0.0,2939.54,180.64,1209.96,4879.46,1567.12,12859.05,602.53,24960.44,3384.76,5282.18,936.11,14215.54,5750.32,19965.86,1080.91,4782.37,-814.34,-449.8000000000002,-459.21999999999997,26.27,21.24883384465207,2.58,4.17,0.29,0.1,0.34,2.293980006449533,6.271445340212835,11.987895517574978,12.820388261851017,11.839896807481459,5.99,5.45,0.9,0.79,6,2005,2.756034482758622,1069.3103448275863,310.1
2005-09-30,4354.59,195.78999999999996,0.18189982011899816,0.0006551103858614403,553.92,493.58000000000004,521.7500000000001,13.0,0.0,3861.01,336.57,2020.28,5400.61,1684.54,17208.24,656.05,29733.1,6825.65,5369.64,957.11,17694.3,7025.47,24719.77,1081.02,4799.71,-436.97,-3511.8500000000004,4760.08,28.17000000000001,17.86725241329997,2.93,5.15,0.47,0.1,0.21,2.63174207831742,7.306954476269544,16.316800885568004,17.53978691019787,15.186699875466996,5.45,5.04,0.97,0.88,9,2005,0.7051357300073278,1076.3617021276596,505.89
2005-12-31,4909.719999999999,178.26999999999998,0.16415765318054254,0.0008846070596899147,527.46,534.0,584.46,12.1,0.0,4375.719999999999,207.01999999999998,1552.69,6033.62,2161.54,17218.41,950.78,29822.93,5510.2,5354.89,934.93,16127.02,8766.95,24893.97,1081.16,4661.18,-828.0999999999999,-106.48999999999978,466.0799999999999,50.45999999999998,18.430910416783533,2.81,5.34,0.63,0.1,0.16,2.3868001637043967,6.535038002806361,15.300535547240411,15.436030753040225,13.049230589335826,4.97,4.57,1.07,0.93,12,2005,0.9606551840594477,1085.968253968254,684.16
2006-03-31,5599.95,811.01,0.7400000000000001,0.0,446.61,1353.65,1397.73,10.9,0.0,4246.3,164.62,1833.69,5991.08,3609.97,16824.11,1273.44,29824.97,4321.85,5431.85,1093.17,15071.59,8730.81,23802.4,1088.97,5732.67,-1505.49,2764.49,-959.58,44.08,3.6824999999999997,2.07,4.15,0.74,0.0,0.0,10.88,19.76,56.6,61.24,36.72,18.65,14.48,1.12,0.88,3,2006,0.0,1095.9594594594594,811.01
2006-06-30,5501.72,191.64999999999998,0.17393882273153413,0.35,691.7599999999999,539.3,588.9200000000001,7.85,0.0,4962.419999999999,444.4,2454.01,7650.5,3104.28,18009.16,1358.26,31264.32,4896.06,5400.16,1251.79,16410.21,9508.4,25918.62,1112.62,5169.38,-55.08999999999992,-267.8299999999999,947.94,49.620000000000005,11.287445603965564,1.69,5.01,0.91,0.35,0.38,2.454257674585602,5.14553088783835,14.83258532304071,15.406010013364448,9.74057407296591,10.46,9.03,1.1,0.91,6,2006,385.63846153846146,1101.8241758241757,1002.66
2006-09-30,5134.049999999999,159.69999999999993,0.14426253484290577,0.0016394364780407073,586.7700000000002,536.0199999999998,618.21,8.35,0.0,4598.030000000001,344.45000000000005,3587.39,6851.67,3496.47,18963.71,1819.98,32710.07,4242.36,6017.4,3938.93,18177.57,8834.07,27011.64,1113.04,5495.7,-321.6100000000001,52.90000000000009,1392.3000000000002,82.18999999999998,14.465814026299315,1.69,4.92,1.05,0.35,0.33,1.950979042637392,4.275666746963074,11.623438521628406,12.409325854296426,9.183340789428401,8.04,7.16,1.04,0.85,9,2006,1.8148717948718058,1107.0095238095237,1162.36
2006-12-31,5369.5700000000015,-2375.2,-2.1150489759572575,0.004983674680914191,97.02999999999997,-2263.3799999999997,-2169.86,8.95,2515.62,7632.950000000001,-363.73,3033.26,6850.82,3196.52,18642.74,1596.42,30313.91,3822.85,2597.34,8787.05,18807.62,6704.19,25511.82,1247.19,4584.85,-869.1700000000001,-846.02,1173.78,93.52000000000004,-1.0582733664533512,2.43,5.56,-1.08,0.35,-0.32,-31.334058903070478,4.308433099172191,-207.19646449655352,-205.47309125688466,11.280261205105372,-6.31,-5.61,0.99,0.82,12,2006,5.596666666666636,1122.9999999999998,-1212.84
2007-03-31,4513.35,35.52,0.029999999999999995,0.0,471.03,313.61,409.27,7.15,0.0,4199.74,212.01,3375.52,6909.55,3148.0,19154.84,1676.52,31182.12,3958.39,2841.11,8610.06,19005.91,6706.36,25712.27,1251.11,5254.17,120.15,-591.53,818.97,95.66,59.5825,1.7,4.89,0.03,0.0,0.0,0.44,4.12,2.72,2.6,10.32,0.84,0.79,1.01,0.84,3,2007,0.0,1184.0000000000002,35.52
2007-06-30,4189.43,434.42,0.3235455590075329,0.0,294.69000000000005,760.0400000000001,862.8900000000001,8.75,0.0,3429.3900000000003,0.1599999999999966,4146.61,6888.49,3291.77,19956.83,1665.63,31178.08,3657.94,2053.23,9107.22,18428.54,6550.52,24979.06,1446.01,5981.75,-946.4599999999999,1566.23,150.0,102.85,6.761026195847337,2.12,4.18,0.35,0.0,0.0,5.5834719325871385,12.719962548410436,29.06363535770524,31.171303570668595,31.134326935353453,6.14,5.4,1.08,0.9,6,2007,0.0,1342.6857142857143,469.94
2007-09-30,3504.1899999999987,-240.99,-0.1789399432190435,0.05,243.06999999999994,-3.4700000000000273,103.18999999999983,9.1,0.0,3507.6600000000008,-7.9199999999999875,5446.27,6471.44,3378.78,20712.04,1634.68,32467.89,2583.23,2052.9,9847.88,17933.8,8503.35,26437.15,1446.01,5802.55,252.80999999999995,-313.5200000000001,1457.4999999999998,106.66000000000003,-12.71390254782356,2.27,4.56,0.17,0.05,0.29,-2.9893496396593147,-13.809953264905001,-16.63088884035816,-17.05192400087355,-30.988187813933173,2.07,1.88,1.15,0.97,9,2007,67.33823529411764,1346.7647058823527,228.95
2007-12-31,2711.1100000000006,-214.41,-0.14746217331499314,0.003687596083825551,118.24000000000001,-46.57000000000005,65.54000000000019,8.45,0.0,2757.6699999999983,-166.2,2682.32,1777.94,3526.25,11457.56,2393.46,24475.77,2664.68,1841.78,2540.58,12101.79,6682.89,18784.68,1446.01,5467.9,3519.96,-353.56999999999994,-5927.549999999999,112.10999999999996,-14.325707756168088,2.23,3.44,0.01,0.05,5.0,-3.5390921595598352,-220.6034112792297,-15.92591471801926,-17.1056121045392,-487.80486932599723,0.11,0.1,0.95,0.66,12,2007,5.361764705882351,1453.9999999999998,14.54
2008-03-31,3174.04,97.87,0.07,0.0,516.61,303.46,425.73,7.65,0.0,2870.57,224.32,2316.22,1656.47,3930.64,12085.94,2331.66,25117.96,3470.26,1852.42,2284.46,12236.56,7516.85,19753.42,1446.01,5148.46,-770.19,-339.8,752.91,122.27,27.3225,2.15,3.84,0.07,0.0,0.0,1.56,4.32,7.6,7.52,9.44,3.27,3.08,0.99,0.67,3,2008,0.0,1398.142857142857,97.87
2008-06-30,3519.8599999999997,232.89,0.1619443100737695,0.15,317.96000000000004,476.46999999999997,604.78,5.5,0.0,3043.4,45.160000000000025,2824.39,2299.72,3835.76,14181.78,2297.22,26201.9,3254.77,1924.61,4860.99,11511.58,9751.88,21263.46,1446.01,4750.21,-702.9199999999998,-300.72999999999996,1496.31,128.31,8.48949246425351,1.67,4.48,0.23,0.15,0.65,3.548692707703471,7.660669972185271,19.60230257588584,17.349164348772522,14.955204982464627,5.44,4.94,1.23,0.9,6,2008,215.71304347826086,1438.086956521739,330.76
2008-09-30,3874.17,215.85000000000002,0.15005762792484587,3.7583429247318526e-05,130.89,443.45000000000016,567.49,3.92,0.0,3430.71,-153.8,1532.04,2146.81,3982.46,11967.77,2247.96,24285.68,2398.81,1721.68,4083.46,9670.45,9502.9,19173.35,1446.01,4917.44,32.289999999999964,-490.8399999999999,-832.6099999999999,124.03999999999999,6.533489923558027,1.15,3.9,0.38,0.15,0.39,3.5539964508516126,6.807877645853534,17.56464023709775,16.111450577193978,13.220866797167998,5.81,5.17,1.24,0.83,9,2008,0.05406178489704416,1438.4473684210527,546.61
2008-12-31,3942.5,-1.8700000000000045,-0.0013044755296104595,-0.0005149245511620235,416.77,226.03999999999996,345.53999999999996,3.62,0.0,3716.4699999999993,79.23999999999998,2556.66,2111.22,4166.31,11021.62,2216.65,25873.21,2674.27,2074.06,3504.55,10561.84,10007.07,20568.91,1446.01,5098.96,635.17,145.05999999999995,243.37000000000012,119.5,-694.0337165775384,1.03,4.03,0.38,0.15,0.39,-0.02897308807871652,-0.07909241105848681,-0.1466505121709443,-0.14156992326614568,-0.13003561332011634,4.12,3.75,1.04,0.65,12,2008,-0.7381578947368439,1433.5263157894738,544.74
2009-03-31,6978.71,335.6,0.23,0.0,840.76,573.2,700.9,3.12,0.0,6405.5,563.38,2123.73,2333.93,5197.03,13064.33,2207.27,27372.05,2312.26,2368.28,4679.15,10787.71,11111.92,21899.62,1446.01,5270.13,-589.65,-1823.69,1974.63,127.7,3.3925,0.86,4.16,0.23,0.0,0.0,4.92,8.72,25.48,25.76,13.84,4.94,4.81,1.21,0.73,3,2009,0.0,1459.1304347826087,335.6
2009-06-30,2800.0299999999997,-39.610000000000014,-0.0281026386026555,0.1,319.1700000000001,186.94999999999993,318.26,3.76,0.0,2613.08,103.27999999999997,3381.93,1670.43,4833.49,12458.05,2146.12,26969.9,2021.82,1414.76,4742.2,9526.77,12077.51,21604.28,1446.01,5163.7,145.84999999999997,469.8600000000001,655.0299999999997,131.31,-33.439920474627606,1.05,4.18,0.21,0.1,0.48,-0.5888171897699249,-1.5309246934018046,-3.0672022703469723,-3.195671475387683,-2.333857224906248,3.12,3.03,1.31,0.8,6,2009,140.94761904761907,1409.4761904761906,295.99
2009-09-30,1843.9300000000003,-161.68,-0.1083404065222247,0.0055521873703691825,-15.88000000000011,88.99000000000001,80.53000000000009,6.3,0.0,1754.9500000000007,-246.65999999999997,1953.49,1051.8,5041.99,11874.8,2250.66,26812.04,3176.75,1352.99,4798.91,10846.14,10536.73,21382.87,1446.01,5221.3,203.9,-1395.9500000000003,-242.3199999999997,-8.45999999999998,-14.537512370113806,1.74,4.1,0.09,0.1,1.11,-2.4075645893827713,-15.9862288735016,-12.374881989427442,-12.760092323728687,-25.616487231032686,1.21,1.16,1.09,0.63,9,2009,8.285714285714278,1492.3333333333335,134.31
2009-12-31,2394.379999999999,-44.58,-0.02980942828485456,0.00021174635016161234,-147.7299999999999,186.9799999999999,273.53,6.05,0.0,2207.3999999999996,-458.1,3519.43,1080.9,4183.8,13590.69,2202.34,29469.86,2659.72,1201.44,3822.56,10447.13,13323.48,23770.61,1446.01,5481.04,490.65,-202.94999999999982,1279.52,86.55000000000001,-50.737303162853294,1.6,4.34,0.06,0.1,1.67,-0.5961885656970912,-7.432484119023738,-3.2591641591440985,-3.378401872283517,-10.830758943497157,0.7,0.64,1.3,0.9,12,2009,0.3166666666666913,1495.5000000000002,89.73
2010-03-31,2127.71,-381.74,-0.25,0.0,-808.5,-147.3,-59.0,5.9,0.0,2275.01,-1052.3,2947.27,1114.01,396.8,12685.95,2174.26,28968.01,2636.11,1153.6,2750.86,8918.85,13652.94,22571.78,1652.58,6169.66,-1282.02,-1.0,713.2,88.3,-5.9,1.58,3.66,-0.25,0.0,0.0,-5.28,-2.08,-24.760000000000005,-26.679999999999996,-2.92,-31.77,-17.94,1.42,1.38,3,2010,0.0,1526.96,-381.74
2010-06-30,1802.2399999999998,22.439999999999998,0.01436459782911216,0.1,153.35000000000002,258.05,335.47,6.85,0.0,1544.1899999999996,-88.71000000000004,2334.12,852.12,510.79,10268.52,2333.43,26602.71,2916.97,903.87,4540.81,10635.35,10092.07,20727.42,1652.58,5662.88,-1183.1,1745.31,-1176.08,77.42,119.20626114081999,2.0,3.66,-0.23,0.1,-0.43,0.33725577511828553,-0.1024258279988867,1.583853047592541,1.6587987753966043,-0.1723751739493459,-13.67,-9.14,0.97,0.92,6,2010,156.21739130434784,1562.1739130434783,-359.3
2010-09-30,2658.96,173.41000000000003,0.11194362257248913,-0.0008450532923865797,375.5,438.25,514.78,11.1,0.0,2220.71,122.03999999999996,2880.14,1715.33,761.71,13461.99,2305.88,29497.59,2765.88,962.57,2860.02,8970.5,14305.7,23276.2,1652.58,5997.39,-782.6500000000001,-1061.06,2395.18,76.53,24.789263883282388,3.06,3.88,-0.12,0.1,-0.83,2.3508160740222714,-7.276335467211793,11.567507665823877,12.351113023831301,-9.962982408951532,-3.75,-2.82,1.5,1.42,9,2010,-1.3090579710145107,1549.0833333333333,-185.89
2010-12-31,3689.0300000000007,-149.17000000000002,-0.09349280725840148,0.002910672715334589,580.74,131.37,234.3699999999999,9.5,0.0,3557.6499999999996,166.83000000000004,1524.5,1549.99,349.77,13988.79,2290.42,30469.99,3378.67,1258.75,3861.73,11102.38,13155.87,24258.25,1652.59,5969.91,133.5,-1956.69,462.78,103.0,-25.40409331635047,2.63,4.06,-0.21,0.1,-0.48,-1.9588969139855552,4.042450904315645,-9.990374261326332,-10.41776995165045,6.250661970990271,-3.88,-3.26,1.26,1.23,12,2010,4.6440476190476545,1595.5238095238096,-335.06
2011-03-31,2410.53,-456.81,-0.28,0.0,-15.52,-176.38,-71.2,8.8,0.0,2586.91,-319.14,3163.28,1377.29,520.81,14348.13,2254.43,30639.63,3244.47,1767.4,5520.53,13518.84,11467.49,24986.32,1652.58,5402.88,-656.84,2516.6,-227.44,105.18,-7.8575,2.69,4.62,-0.28,0.0,0.0,-5.96,-2.36,-33.8,-31.559999999999995,-4.12,-20.14,-18.95,1.06,1.02,3,2011,0.0,1631.4642857142856,-456.81
2011-06-30,5952.029999999999,980.73,0.5990105359596886,0.1,165.98000000000002,1376.87,1485.69,7.7,0.0,4575.16,-199.81000000000006,3713.27,1530.93,809.37,17495.18,2707.35,34221.68,3252.13,2234.72,4983.52,14972.87,12850.56,27823.43,1652.58,6096.33,-1272.6599999999999,1178.5,646.69,108.82,3.2132990731393956,2.09,4.56,0.32,0.1,0.31,11.456076500229043,29.576145213009625,64.31875629867156,66.71479844251031,46.722821804855705,7.89,6.27,1.17,1.11,6,2011,163.725,1637.2499999999998,523.92
2011-09-30,3144.8900000000012,692.3100000000001,0.42122739942280657,0.10038356231962707,116.35999999999999,1342.09,1452.32,5.95,0.0,1802.800000000001,-190.19999999999993,5642.72,1954.92,1112.43,21995.54,2821.58,37438.12,2768.52,2014.36,5092.13,15616.43,14940.8,30557.23,1652.58,6466.92,-848.04,1427.9100000000003,1343.45,110.23000000000002,3.5311093296355676,1.52,4.73,0.74,0.2,0.27,7.399940800670927,17.304476949261243,42.82858044942157,44.44518290126045,26.525941639328092,14.73,10.57,1.41,1.34,9,2011,164.98581081081088,1643.5540540540542,1216.23
2011-12-31,2902.6399999999994,-288.83000000000004,-0.17440672848824676,0.001511695003176534,376.91,37.940000000000055,145.22000000000025,7.55,0.0,2864.699999999999,-108.22000000000003,4018.78,4452.88,1026.8,22109.34,2911.36,36639.52,1972.16,2513.02,5324.1,14460.33,15584.18,30044.51,1652.59,6384.08,-1615.9300000000003,-1001.1400000000003,996.72,107.27999999999997,-10.820683447010351,1.95,4.71,0.56,0.2,0.36,-3.151778736251887,-9.579912443390125,-18.10092689238732,-18.698892818632743,-14.488216087987928,8.42,6.44,1.53,1.46,12,2011,2.503474903474853,1656.0714285714284,927.4
2012-03-31,4560.43,108.34,0.07,0.0,518.93,471.13,581.63,7.9,0.0,4089.3,221.71,3291.93,5673.42,1288.7,24222.21,3423.47,39871.06,2158.28,3832.98,3923.63,15387.23,17346.29,32733.52,1652.58,6906.7,-898.26,-413.09,589.84,110.5,28.215000000000003,1.89,4.74,0.07,0.0,0.0,1.08,5.36,6.28,7.040000000000001,7.68,2.51,2.38,1.57,1.49,3,2012,0.0,1547.7142857142856,108.34
2012-06-30,4707.110000000001,124.22,0.07477984176126591,0.25,628.5200000000001,568.2900000000001,668.7600000000001,7.1,0.0,4138.820000000001,137.46,6241.22,3300.32,1151.77,26821.43,3885.67,45077.34,2202.5,4069.16,3948.71,16840.81,21067.02,37907.83,1652.58,6934.66,548.77,-1212.1200000000001,3605.17,100.47,23.734337465786506,1.69,5.47,0.14,0.25,1.79,1.111014791881665,5.59780529755762,7.1574991400068795,7.627543859649123,7.862566219470245,2.71,2.51,1.59,1.52,6,2012,415.2857142857143,1661.142857142857,232.56
2012-09-30,5748.969999999999,82.89999999999998,0.0499302605718633,-0.00012453469310123318,557.8799999999999,533.49,658.1599999999999,8.5,0.0,5215.48,185.32,6231.72,4368.76,1382.65,30647.83,4185.82,50032.53,2244.54,4298.61,5378.92,20956.03,21166.38,42122.41,1652.58,7636.15,-1580.99,10.470000000000027,1574.0500000000002,124.66999999999999,42.56236550060314,1.84,5.52,0.19,0.25,1.32,0.6622329296899765,3.7841881696570083,4.3413047613009565,4.698700310657451,5.686793888290115,2.26,2.1,1.46,1.4,9,2012,-0.20676691729323693,1660.3157894736842,315.46
2012-12-31,7345.51,252.94,0.15130119634060524,0.0017121004481647183,732.8499999999999,761.0199999999998,876.0200000000002,13.4,0.0,6584.49,322.27,3973.02,5323.65,1304.94,30676.57,4700.34,51184.84,2484.36,5461.97,8043.28,24209.87,18114.59,42324.46,1652.59,8558.92,-1505.0099999999998,-584.6499999999999,-166.72000000000025,115.0,22.140274373369174,2.59,4.95,0.34,0.25,0.74,1.9758156228008446,9.451874736101336,11.81929345531316,13.545907107670654,15.397121745249825,2.72,2.54,1.27,1.21,12,2012,2.8622291021671344,1671.7647058823527,568.4
2013-03-31,14505.63,5070.28,3.07,0.0,850.41,6813.92,6919.17,25.5,0.0,7691.7,528.56,4311.9,4382.76,975.12,33125.04,5496.45,61373.76,3748.94,4893.2,10506.11,27155.58,17847.65,45003.23,1652.58,16061.23,-3029.9,2779.42,596.97,105.25,2.0775,2.62,2.8,3.07,0.0,0.0,33.04,53.84,126.28,176.6,79.64,62.22,34.95,1.22,1.18,3,2013,0.0,1651.557003257329,5070.28
2013-06-30,9806.24,1248.1999999999998,0.7546314936503715,0.35000000000000003,878.7300000000001,1745.3899999999994,1907.08,21.0,0.0,8060.86,548.7,6617.07,4494.84,1003.75,38348.09,6228.18,65971.85,3460.38,6999.08,11440.36,29709.29,20159.93,49869.22,1652.58,15824.58,-773.23,858.1500000000001,2210.92,161.69,6.960350905303638,2.19,3.15,3.82,0.35,0.09,7.570020637874932,12.184730504804953,31.55228852508831,43.87135133766349,18.648485078689813,38.11,25.99,1.29,1.26,6,2013,578.9183246073299,1654.0523560209424,6318.48
2013-09-30,9674.570000000003,937.7600000000002,0.5673415432786127,0.199756424122386,845.51,1431.1900000000005,1672.0599999999995,20.9,0.0,8243.38,452.78,7621.31,5457.94,1076.97,39386.96,7258.56,67711.0,2616.44,7906.54,11241.8,29058.5,22113.25,51171.75,1652.58,16254.61,-675.1499999999996,99.52999999999975,1602.2100000000005,240.87,9.208033612011599,2.12,3.15,4.39,0.55,0.13,5.541595757582441,8.772470149829665,23.076197259186582,31.40409909264303,13.362896486334526,28.84,21.35,1.36,1.32,9,2013,330.1778029553126,1652.9020501138953,7256.24
2013-12-31,8023.529999999999,417.6100000000006,0.25250824553516193,0.00031424488481534315,980.0,792.8199999999997,1001.9200000000001,15.5,0.0,7230.710000000003,519.6300000000001,3913.22,4288.09,2496.18,41135.6,7517.86,72034.23,4373.92,6846.11,9321.76,29551.12,25642.52,55193.63,1652.59,16550.72,-3931.1899999999996,-2887.8199999999997,3034.1399999999994,209.09999999999997,15.343657359737533,1.55,3.33,4.64,0.55,0.12,2.3182869094392027,3.8093916352287365,10.093799435746087,13.304572385438878,5.524706268691733,23.4,18.27,1.39,1.31,12,2013,0.5197129545991857,1653.846982758621,7673.85
2014-03-31,8972.15,365.06,0.22000000000000003,0.0,986.91,784.36,1011.05,16.3,0.0,8187.79,546.23,3370.45,6026.01,2769.98,42788.38,7660.36,74626.78,5358.44,6027.96,7624.66,29273.01,28487.11,57760.12,1652.58,16575.56,-3650.6,1068.13,2045.99,226.69,18.5225,1.63,3.48,0.22,0.0,0.0,1.9599999999999997,4.6,8.8,8.96,6.919999999999999,4.22,4.07,1.46,1.37,3,2014,0.0,1659.3636363636363,365.06
2014-06-30,9072.51,312.14000000000004,0.18437093916125225,0.2,881.7600000000001,667.4899999999999,923.6600000000001,21.6,0.0,8405.009999999998,504.20000000000005,6447.4,5590.62,3885.12,44689.42,7650.62,79151.68,5146.18,7212.15,9478.31,32920.08,28339.83,61259.9,1693.9,17599.2,2702.24,-538.4000000000001,907.22,256.17,29.28878067533799,2.08,3.48,0.4,0.2,0.51,1.585590076786769,3.687418783225045,7.098281157708211,7.467023036030715,5.78924748966332,3.86,3.75,1.36,1.24,6,2014,338.6,1693.0,677.2
2014-09-30,9307.45,1201.59,0.7099063226864099,0.19995316134320493,740.5099999999998,1771.3200000000002,2071.14,28.25,0.0,7536.139999999999,381.40999999999985,5657.9,5698.81,6620.17,44669.25,7594.51,80909.87,3503.94,6847.44,9114.74,30636.71,30967.44,61604.15,1693.9,18989.21,-2167.39,1079.41,294.3899999999999,299.81999999999994,9.948319622333742,2.52,3.24,1.11,0.4,0.36,5.935072679756652,11.102679064717185,25.300805518445383,27.270635675088755,16.398196498810407,7.38,6.87,1.46,1.24,9,2014,338.4414414414414,1692.6036036036035,1878.79
2014-12-31,8118.019999999997,417.47000000000025,0.24725388240007679,-0.0009895919279002173,514.44,944.29,1149.3300000000004,25.25,0.0,7173.73,216.52999999999997,5265.07,5336.59,8562.3,43979.13,6961.84,80872.24,4516.04,5904.48,8553.94,29604.31,31797.25,61401.56,1693.9,19124.72,-1814.9899999999998,-293.3000000000002,1707.2800000000002,205.04000000000008,25.535696097923193,2.24,3.21,1.36,0.4,0.3,2.0652971353418175,3.9633342914129956,8.733879787132123,9.359286666144083,5.912276658566542,6.97,6.47,1.49,1.2,12,2014,-1.6708532061471715,1688.4264705882354,2296.26
2015-03-31,9174.38,437.12,0.26,0.0,708.49,947.49,1194.97,24.8,0.0,8226.9,316.94,6376.83,6252.64,10319.93,46036.17,6822.24,84852.66,4716.39,4732.27,8478.5,28695.25,36849.31,65544.56,1693.9,18956.26,-3075.79,-1213.21,5401.95,247.48,23.845,2.22,3.46,0.26,0.0,0.0,2.08,4.76,9.24,9.84,6.76,5.12,4.76,1.6,1.24,3,2015,0.0,1681.2307692307693,437.12
2015-06-30,10509.24,1653.9,0.972873047603562,0.35,731.19,2349.5,2594.7799999999997,27.25,0.0,8159.730000000001,351.16,6629.33,4902.78,10634.04,45131.83,6695.72,85616.94,4380.1,5484.56,6490.88,26718.0,38145.06,64863.06,1693.9,20419.64,-238.21000000000004,2200.88,-1687.4399999999996,245.28,7.001041931192937,2.26,3.18,1.23,0.35,0.28,7.719708085049402,12.655259155818692,32.39746343889585,34.801962678501404,17.717362818146167,12.26,10.62,1.69,1.29,6,2015,595.0056910569106,1700.0162601626016,2091.02
2015-09-30,9200.120000000003,283.96000000000004,0.1673883569545849,0.2492568495399225,737.8999999999999,759.7000000000003,1025.7700000000004,26.75,0.0,8440.419999999998,325.80999999999995,5211.58,5257.16,12187.81,44300.79,7212.1,89682.99,4960.34,7062.55,7351.26,28945.25,40694.87,69640.12,1693.9,19716.12,-2633.7299999999996,-1733.9299999999998,2902.33,266.07000000000005,39.957976299478794,2.3,3.53,1.4,0.6,0.43,1.2673689883704284,2.2764816545823545,5.762942003722137,5.868157542379305,3.194726355590363,9.2,8.22,1.53,1.11,9,2015,422.84288037166084,1696.4142857142858,2374.98
2015-12-31,9144.009999999998,-182.34000000000015,-0.10727643388791604,0.0011672426194645285,748.6100000000001,207.4000000000001,455.71999999999935,29.0,0.0,8936.619999999999,173.7700000000001,4666.96,6173.56,12786.88,45040.38,7329.63,93065.9,8191.28,6602.05,7293.39,30555.35,41654.88,72210.23,1693.9,20457.29,-4035.24,-500.4100000000001,3997.5300000000007,248.31999999999994,-67.58054623231321,2.4,3.53,1.29,0.6,0.47,-0.7850306479859901,-1.6299365148861662,-3.565901926444837,-3.685652364273208,-2.2686055166374803,6.28,5.77,1.47,1.06,12,2015,1.983986710963336,1699.720930232558,2192.64
2016-03-31,9235.56,304.72,0.18,0.0,799.03,615.24,848.38,25.5,0.0,8620.32,383.17,5743.77,5551.1,13207.77,45599.74,7150.26,94939.11,9377.39,5830.63,6467.32,30944.84,43149.85,74094.68,1693.9,20440.54,-530.87,-699.19,2310.92,233.14,35.4175,2.11,3.62,0.18,0.0,0.0,1.28,2.72,5.96,6.2,3.84,3.38,3.3,1.47,1.05,3,2016,0.0,1692.8888888888891,304.72
2016-06-30,20989.96,1027.43,0.6092930225575198,0.4,1257.41,1222.26,1444.71,29.0,0.0,19767.7,927.51,6769.53,5536.62,3557.87,47259.36,6999.52,97463.44,10014.86,7120.21,9274.95,34418.79,41249.57,75668.36,1693.9,21433.7,332.40999999999997,-23.909999999999968,727.8600000000001,222.45,11.899405920597998,2.29,3.53,0.79,0.4,0.51,4.226488308373682,6.2009062042562775,19.188873925608977,19.651628119956463,8.977431370341177,4.49,4.41,1.37,1.27,6,2016,674.506329113924,1686.26582278481,1332.15
2016-09-30,9181.84,328.1199999999999,0.19367789576394193,0.25186222570326183,707.0499999999997,716.7800000000002,944.21,29.5,0.0,8465.060000000001,90.95000000000005,8040.85,7191.86,3707.32,38308.22,6789.19,98151.09,9891.28,7211.52,7945.99,32005.1,44592.29,76597.39,1693.9,21186.03,14020.689999999999,-14725.32,1988.6999999999994,227.43,38.076105540655874,2.36,3.62,0.98,0.65,0.66,1.3359822197594364,2.150219903991519,6.197692664446142,6.419038831033504,3.0514150108114935,4.34,4.21,1.2,1.08,9,2016,426.6931606819944,1694.1530612244899,1660.27
2016-12-31,8189.790000000001,342.1300000000001,0.20161476228525774,0.0010710158014464908,474.74000000000024,731.5799999999999,1032.8499999999995,31.0,0.0,7458.209999999999,55.36999999999989,11406.17,7920.13,2775.2,33329.81,8609.98,94928.37,9531.53,6440.97,6638.68,29345.48,43728.57,73074.05,1693.9,21480.64,4539.970000000001,1315.25,-2521.8899999999994,301.27,38.43790956653903,2.44,3.4,1.18,0.65,0.55,1.4420581302437077,2.392039552536956,6.3696596084698385,6.526850779065124,3.4240337594886143,4.38,4.21,1.14,1.04,12,2016,1.8174593566241128,1696.949152542373,2002.4
2017-03-31,8540.37,301.86,0.18,0.0,623.13,682.79,951.17,27.25,0.0,7857.58,206.92,8032.91,5782.65,3094.73,28892.68,8021.63,90873.82,8564.94,5786.54,4864.66,25532.86,43342.62,68875.48,1693.9,21622.08,626.52,-867.33,-3052.53,268.38,37.8475,2.13,3.19,0.18,0.0,0.0,1.32,2.92,5.6,5.76,4.16,3.74,3.53,1.13,1.01,3,2017,0.0,1677.0000000000002,301.86
2017-06-30,12807.13,668.46,0.39267684887459803,0.25,978.2700000000001,1062.53,1308.33,29.0,0.0,11744.6,480.7800000000001,6174.51,5715.68,2544.42,28249.8,8275.03,90246.34,6244.57,7350.66,3636.72,23263.26,44741.24,68004.5,1693.9,21877.22,702.3,113.08000000000004,-2671.56,245.79999999999995,18.464037339556594,2.25,3.11,0.57,0.25,0.44,2.976077170418007,5.125466237942122,12.234983922829583,12.345209003215436,7.192186495176848,4.78,4.55,1.21,1.1,6,2017,425.5789473684211,1702.3157894736844,970.32
2017-09-30,9551.810000000001,625.16,0.36832200967733847,0.24926403933216598,687.2599999999998,992.6900000000003,1238.75,28.0,0.0,8559.119999999999,199.4799999999999,8340.98,4679.7,3246.03,28968.51,8251.62,78145.63,7925.25,5886.41,3876.42,25316.22,30322.24,55638.46,1693.9,22130.45,519.1200000000001,542.49,1111.4400000000005,246.06000000000006,19.00687392027641,2.14,2.51,0.94,0.5,0.53,3.1973485095394487,4.8743891493469045,11.300432722440894,11.551205154561636,8.118757489908992,5.49,5.16,1.14,1.02,9,2017,423.080627099664,1697.3191489361702,1595.48
