,revenue,net_profit,eps,dps,gross_profit,ebit,ebitda,close_price,allowance_doubtful_accounts,expense,operating_profit,cash,account_receivable,inventory,current_asset,property_plant_equipment,total_asset,short_term_loan,account_payable,current_portion_long_term_debt,current_liability,non_current_liability,total_liability,paid_in_capital,total_equity,cash_flow_operation,cash_flow_investment,cash_flow_financing,depreciation,P/E,P/BV,D/E,EPS,DPS,DPR%,ROA%,ROAA%,ROE%,ROAE%,ROCE%,NPM%,NPMA%,CurrentRatio,QuickRatio,month,year,dividend,number_of_shares,return_old
2000-03-31,2184.58,-67.5,-0.51,0.0,111.76,-93.84,-69.03,0.8,0.0,2278.42,-129.54,626.2,0.0,25.26,5088.82,736.46,5995.47,1176.38,2450.03,360.9,5314.58,558.62,5873.2,1368.5,104.15,-250.53,-50.74,381.21,24.81,-0.3925,10.51,56.39,-0.51,0.0,0.0,-4.52,0.0,-259.24,0.0,-55.12,-3.14,-3.09,0.96,0.95,3,2000,0.0,132.35294117647058,-67.5
2000-06-30,2784.1400000000003,-16.739999999999995,-0.12717948717948713,0.0,106.82000000000001,10.02000000000001,30.86,0.8,0.0,2774.1099999999997,-153.71,535.4,0.0,24.85,5305.61,723.64,6196.66,1339.31,2510.46,365.26,5595.64,487.83,6083.47,1368.5,107.21,-352.46000000000004,103.06,155.33999999999997,20.84,-1.5725806451612907,10.21,56.74,-0.64,0.0,0.0,-1.0810256410256407,0.0,-62.45307692307691,0.0,-11.088461538461535,-1.77,-1.7,0.95,0.94,6,2000,0.0,131.625,-84.24
2000-09-30,733.1499999999996,27.33,0.20649973642593566,0.0,53.609999999999985,36.589999999999996,46.67,0.8,0.0,696.5700000000006,-52.94999999999999,472.19,1826.35,24.55,5321.12,714.5,6220.32,1365.16,2466.84,173.72,5471.47,675.12,6146.59,1411.84,65.76,13.830000000000041,-93.97999999999999,18.860000000000014,10.079999999999998,0.9682821075740944,17.18,93.47,-0.43,0.0,0.0,1.7480442804428045,-0.0,166.23709014233,-0.0,12.121054296257247,-1.05,-1.0,0.97,0.97,9,2000,0.0,132.34883720930233,-56.91
2000-12-31,1351.1500000000005,-896.21,-6.723079465334901,0.0,267.35999999999996,-826.03,-815.9,0.8,0.0,2177.17,118.54999999999998,194.4,0.0,10.92,2418.81,261.45,2919.52,947.29,833.38,85.8,3060.56,672.12,3732.68,1411.84,-860.01,-133.75,-151.84,-59.40999999999997,10.130000000000003,-0.02924627040537374,-1.31,-4.34,-7.15,0.0,0.0,-122.8019829612221,0.0,416.8497326674501,0.0,2328.761891891892,-14.14,-13.51,0.79,0.79,12,2000,0.0,133.3034965034965,-953.12
2001-03-31,757.54,102.63,0.75,0.0,38.32,-15.87,-7.24,0.8,0.0,773.4,-55.74,120.23,682.36,10.87,1940.88,255.07,2423.28,377.8,581.14,19.89,1940.05,1094.53,3034.58,1411.84,-767.43,-112.77,60.93,43.99,8.63,0.2675,-1.47,-3.95,0.75,0.0,0.0,16.96,-1.52,-53.480000000000004,-123.8,-13.119999999999997,14.31,13.55,1.0,0.99,3,2001,0.0,136.84,102.63
2001-06-30,319.18000000000006,-89.00999999999999,-0.6535242290748898,0.0,77.69999999999999,66.29,71.61999999999999,0.8,0.0,252.90999999999997,24.970000000000002,34.81,157.72,5.98,588.27,232.54,1080.02,291.24,241.66,21.49,1089.96,892.72,1982.68,1411.84,-902.66,-41.64999999999999,-35.41,10.169999999999995,5.33,-0.3060330299966296,-1.25,-2.2,0.1,0.0,0.0,-32.93762114537445,-36.335947136563874,39.47286343612335,89.40211453744493,13259.745198237886,1.38,1.26,0.54,0.53,6,2001,0.0,136.2,13.62
2001-09-30,330.51,-143.20000000000002,-1.0498533724340178,0.0,11.100000000000009,-48.65,-43.94,0.8,0.0,379.1500000000001,-37.35000000000001,42.33,266.94,5.68,751.35,228.91,1273.14,338.37,290.18,22.33,1338.62,960.08,2298.7,1411.84,-1025.55,-101.78999999999999,60.85000000000001,42.41,4.710000000000001,-0.19002653631284913,-1.1,-2.24,-0.95,0.0,0.0,-45.00003086896126,0.22102176261768794,55.87430158975151,119.35175181355149,-11.935175181355147,-9.75,-9.21,0.56,0.56,9,2001,0.0,136.4,-129.58
2001-12-31,499.99,-13.349999999999994,-0.0980724830336528,0.0,19.189999999999998,13.51,17.859999999999996,0.8,0.0,486.48,-7.009999999999991,50.28,294.56,4.99,744.7,225.39,1240.91,320.14,275.44,22.42,1341.09,938.5,2279.6,1411.84,-1038.68,56.62999999999997,-8.090000000000003,-23.75,4.349999999999998,-2.0342097378277164,-1.09,-2.19,-1.05,0.0,0.0,-4.303980969705448,0.2727349051983487,5.140866158259286,5.626558455187852,-5.697544252431257,-7.91,-7.49,0.56,0.55,12,2001,0.0,136.1238095238095,-142.93
2002-03-31,557.09,44.45,0.33,0.0,31.54,55.59,59.04,0.8,0.0,501.5,-4.98,102.42,293.9,5.68,812.53,218.76,1355.96,312.67,341.32,23.31,1421.55,910.83,2332.38,1411.84,-976.42,95.4,-30.75,-12.5,3.45,0.605,-1.16,-2.39,0.33,0.0,0.0,13.12,11.76,-18.2,-20.4,-339.0,8.97,7.98,0.57,0.57,3,2002,0.0,134.6969696969697,44.45
2002-06-30,612.4999999999999,-36.56,-0.27802281368821297,0.0,31.33,-26.800000000000004,-21.82,0.8,0.0,639.3,-3.17,124.3,0.0,5.64,894.57,223.58,1411.69,280.89,409.39,163.2,1609.67,782.76,2392.43,1411.84,-980.74,-8.050000000000011,57.55,-27.64,4.9799999999999995,-0.7191855853391684,-1.15,-2.44,0.06,0.0,0.0,-10.379518377693286,-42.815513307984794,14.827883396704692,15.569277566539924,269.49678073510773,0.71,0.67,0.56,0.55,6,2002,0.0,131.5,7.89
2002-09-30,657.0400000000002,23.87,0.17286209068010078,0.0,78.54999999999998,34.81,38.93000000000001,0.8,0.0,622.23,41.67,118.09,367.99,5.13,979.57,221.19,1509.35,272.94,451.59,163.2,1674.2,829.85,2504.06,1411.84,-994.71,14.830000000000013,-12.73,-8.299999999999997,4.120000000000001,1.1575701717637201,-1.14,-2.52,0.23,0.0,0.0,6.313224181360202,13.738778337531487,-9.590088161209067,-9.439773299748111,-115.98294710327454,1.8,1.74,0.59,0.58,9,2002,0.0,138.08695652173913,31.76
2002-12-31,592.71,2.5299999999999976,0.018445610965295987,0.0,62.85000000000002,50.46,54.47,0.8,0.0,542.2500000000002,13.209999999999994,130.84,0.0,3.14,1017.89,213.46,1543.88,303.46,441.85,163.2,1648.98,931.07,2580.05,1411.84,-1036.17,-113.98,96.57,30.159999999999997,4.009999999999998,10.842687747035585,-1.09,-2.49,0.25,0.0,0.0,0.6551881014873135,2.4171128608923858,-0.9768795567220755,-0.9768795567220755,-32.03043452901718,1.5,1.42,0.62,0.62,12,2002,0.0,137.16,34.29
2003-03-31,702.76,-150.37,-1.1,0.0,21.9,-119.09,-115.12,0.8,96.29,821.84,-15.69,150.2,383.52,5.71,1287.51,214.9,1726.82,332.98,659.64,163.2,1935.45,944.78,2880.23,1411.84,-1153.41,-37.9,28.1,29.17,3.97,-0.1825,-0.98,-2.5,-1.1,0.0,0.0,-34.84,-30.92,52.16,56.480000000000004,228.32,-21.64,-21.4,0.67,0.66,3,2003,0.0,136.7,-150.37
2003-06-30,851.0,-373.53999999999996,-2.737862609990265,0.0,28.259999999999998,-457.35,-453.05999999999995,0.8,112.73,1308.37,-14.950000000000001,229.73,492.16,3.38,1449.8,108.82,1728.81,134.19,803.43,163.2,2098.76,1215.47,3314.23,1411.84,-1585.42,13.079999999999998,103.35,-36.910000000000004,4.289999999999999,-0.07363408202602131,-0.71,-2.09,-3.84,0.0,0.0,-86.41378862781775,-104.69472542994026,94.25662422935237,116.44471913114847,444.389324884045,-34.27,-33.72,0.69,0.69,6,2003,0.0,136.43489583333334,-523.91
2003-09-30,1128.64,797.6099999999999,3.2347354767994156,0.0,38.02000000000001,788.0500000000001,792.16,0.8,124.75,340.5799999999999,0.9699999999999989,438.98,522.06,3.54,1650.88,108.5,1916.85,127.48,746.92,145.5,1942.66,368.65,2311.31,312.02,-394.46,-16.689999999999998,-66.91999999999999,292.85,4.109999999999999,0.06176702899913492,-0.63,-5.86,1.11,0.0,0.0,166.45773913043476,143.9602995981001,-808.8587197661673,-459.2741541834124,-9557.098820606503,11.9,10.2,0.85,0.85,9,2003,0.0,246.57657657657654,273.7
2003-12-31,1176.6,929.22,0.11587054833239117,0.0,93.41,199.65999999999997,204.01000000000002,0.8,122.37,976.9499999999998,56.46,375.6,532.24,3.47,1632.69,112.62,2061.9,74.84,796.51,0.0,1401.08,145.36,1546.44,312.02,515.46,30.25,-10.329999999999998,-83.29000000000002,4.35,1.7249853640687889,0.48,3.0,0.15,0.0,0.0,180.26367439231205,70.48019219898246,721.0855963821368,-1427.617851893725,192.31421141888072,36.1,31.17,1.17,1.16,12,2003,0.0,8019.466666666667,1202.92
2004-03-31,1070.16,185.87,0.62,0.0,43.44,16.71,21.27,0.8,0.0,1053.45,12.64,344.01,476.63,3.32,1640.14,117.24,2226.67,22.47,782.44,0.0,1378.12,150.91,1529.04,312.02,697.64,5.57,15.72,-52.88,4.56,0.3225,0.36,2.19,0.62,0.0,0.0,33.4,3.4,106.56000000000002,-326.24,7.88,17.5,17.37,1.19,1.19,3,2004,0.0,299.7903225806452,185.87
2004-06-30,1074.36,50.639999999999986,0.16700858314658998,0.0,53.97,52.309999999999995,57.46000000000001,0.8,0.0,1022.05,23.17,424.84,452.75,3.18,1658.17,121.62,2265.06,11.62,757.45,0.0,1346.12,156.08,1502.2,312.02,762.86,99.9,-7.720000000000001,-11.350000000000001,5.150000000000001,1.2026328001579782,0.33,1.97,0.78,0.0,0.0,8.941382605386663,2.9633317830112884,26.550082448945073,-49.254685214155835,6.431971586825079,11.25,11.03,1.23,1.23,6,2004,0.0,303.2179487179487,236.51
2004-09-30,1055.96,34.26999999999998,0.08859221508235464,0.03,70.64000000000001,35.05,39.69,8.1,0.0,1020.9099999999999,35.36,329.51,541.49,2.33,1675.72,151.68,2319.54,6.78,729.36,0.0,1365.22,161.73,1526.95,312.02,792.59,-53.49,-36.5,-5.339999999999989,4.639999999999999,22.854716953603745,3.19,1.93,0.7,0.03,0.05,5.90783514292045,2.48564443459635,17.293200384075625,68.86399438658687,5.523091808848509,8.59,8.46,1.23,1.23,9,2004,11.604857142857142,386.8285714285714,270.78
2004-12-31,946.52,37.74000000000001,0.09786075457020617,-9.168194699116407e-05,80.63,38.78,47.92999999999999,6.65,0.0,907.7400000000002,43.599999999999994,286.36,0.0,532.37,1504.14,163.76,2281.22,0.75,592.08,5.26,1295.46,175.96,1471.42,401.16,809.8,126.48000000000002,-163.21,-6.430000000000007,9.15,16.983314785373604,3.29,1.82,0.8,0.03,0.04,6.6153870089459375,3.2196188253597833,18.642473745624276,22.781983663943997,7.090011668611437,7.53,7.44,1.16,0.75,12,2004,-0.03535714285714242,385.65,308.52
2005-03-31,1015.03,37.16,0.1,0.0,79.31,40.42,47.91,5.05,0.0,974.61,44.4,488.09,583.2,590.97,1988.62,161.52,2630.27,0.7,817.84,5.36,1600.65,181.19,1781.84,401.16,848.43,72.69,130.86,-1.83,7.49,12.625,2.39,2.1,0.1,0.0,0.0,5.64,6.640000000000001,17.52,19.24,15.72,3.67,3.66,1.24,0.87,3,2005,0.0,371.59999999999997,37.16
2005-06-30,806.1200000000001,12.670000000000002,0.03305438490868955,0.0,57.359999999999985,11.75,19.77000000000001,4.8,0.0,794.38,18.17,382.48,576.3,505.8,1824.87,164.74,2481.09,13.32,703.23,5.2,1443.56,159.2,1602.77,401.16,878.32,-112.22,-4.3500000000000085,10.97,8.02,36.300781373322806,2.19,1.82,0.13,0.0,0.0,2.0442865743527996,2.237527593818985,5.766718844069838,6.173542042946018,5.115801725867953,2.77,2.74,1.26,0.91,6,2005,0.0,383.30769230769226,49.83
2005-09-30,916.21,30.97,0.08049133663366337,0.0,63.75,28.659999999999997,36.83,3.9,0.0,887.5400000000002,26.690000000000005,406.71,591.11,592.38,1912.89,155.06,2586.26,2.37,764.69,5.45,1513.82,165.21,1679.04,401.16,907.22,64.32,-27.710000000000008,-12.38,8.17,12.112173070713594,1.72,1.85,0.21,0.0,0.0,4.783485148514851,5.059455445544555,13.660529702970297,14.580430693069307,11.56008910891089,2.98,2.95,1.26,0.87,9,2005,0.0,384.76190476190476,80.8
2005-12-31,956.1700000000001,55.36999999999999,0.14231842549753984,0.0,57.71000000000001,53.11,61.269999999999996,3.16,0.0,903.0499999999997,21.599999999999994,391.03,507.16,680.27,1991.33,144.64,2658.38,0.73,709.51,6.09,1523.72,171.79,1695.51,401.16,962.88,-1.1099999999999994,3.1099999999999994,-17.689999999999998,8.16,5.551810998735777,1.32,1.76,0.35,0.0,0.0,8.32766101197033,8.815609899390468,22.99865756040244,24.98298303591099,19.192656238525373,3.76,3.69,1.31,0.86,12,2005,0.0,389.0571428571428,136.17
2006-03-31,817.98,13.08,0.03,0.0,55.05,10.59,18.77,3.16,0.0,807.4,16.44,152.4,688.59,695.69,2105.76,138.75,2766.86,6.68,882.4,6.18,1636.76,175.78,1812.54,401.16,954.33,-220.84,-21.96,4.17,8.18,26.3325,1.33,1.9,0.03,0.0,0.0,1.88,1.56,5.48,5.8,3.76,1.6,1.6,1.29,0.86,3,2006,0.0,436.0,13.08
2006-06-30,1262.7599999999998,17.869999999999997,0.04619063004846526,0.1,54.81,15.670000000000002,24.01,2.7,0.0,1247.08,19.13,193.83,780.77,872.92,2189.14,141.03,2939.98,13.23,956.72,6.86,1829.8,182.94,2012.74,401.16,927.24,173.9,-70.63999999999999,-34.0,8.34,14.613353385562398,1.17,2.17,0.08,0.1,1.25,2.4250080775444265,2.240245557350565,7.713835218093698,7.9216930533117935,5.473589660743134,1.49,1.49,1.2,0.72,6,2006,38.6875,386.875,30.95
2006-09-30,1497.23,28.23,0.07155288948969246,0.001941111862115597,61.63000000000001,24.580000000000002,33.739999999999995,2.76,0.0,1472.65,21.21,378.85,689.61,976.89,2353.76,155.34,3068.06,16.54,966.15,9.0,1921.47,198.33,2119.8,401.16,948.26,153.51999999999998,37.169999999999995,1.5299999999999976,9.16,9.643216436415159,1.17,2.24,0.15,0.1,0.67,3.682588712402839,3.434538695505238,11.906400811084827,12.173531598513012,8.452781345049003,1.66,1.65,1.22,0.72,9,2006,0.7658333333333402,394.53333333333336,59.18
2006-12-31,1288.9200000000005,6.369999999999997,0.01652021357742181,-0.0023198576150521323,42.00999999999999,-0.9200000000000017,9.370000000000005,2.58,0.0,1289.8499999999995,-4.32,153.77,771.05,1046.79,2319.9,168.9,3039.02,7.14,1021.82,9.52,1898.32,207.61,2105.93,401.16,933.09,-174.84,-12.720000000000006,-15.959999999999997,10.29,39.052158555729996,1.11,2.26,0.17,0.1,0.59,0.839615560640732,0.6802440884820745,2.7326376811594195,2.685992372234934,1.7025537757437064,1.36,1.35,1.22,0.67,12,2006,-0.8945098039215722,385.5882352941176,65.55
2007-03-31,1453.82,16.46,0.04,0.0,56.87,12.26,24.26,2.52,0.0,1441.57,19.25,215.44,1012.03,985.78,2593.01,185.39,3312.25,0.49,1296.9,10.76,2155.1,215.03,2370.13,401.16,942.12,86.95,-8.25,-9.6,12.0,15.75,1.07,2.52,0.04,0.0,0.0,2.0,1.6,7.0,6.96,4.24,1.14,1.13,1.2,0.75,3,2007,0.0,411.5,16.46
2007-06-30,1361.5600000000002,1.9499999999999993,0.00529603476371537,0.05,40.6,-4.71,7.619999999999997,2.64,0.0,1366.26,4.02,295.1,767.04,1081.29,2590.12,192.08,3385.51,0.0,1301.92,11.56,2242.18,226.02,2468.2,401.16,917.32,194.10000000000002,-84.28,-22.78,12.329999999999998,124.6215384615385,1.15,2.69,0.05,0.05,1.0,0.228788701792504,0.1016838674633351,0.8516023900054315,0.8473655621944592,0.27963063552417156,0.66,0.65,1.16,0.67,6,2007,18.41,368.2,18.41
2007-09-30,2130.0199999999995,15.559999999999999,0.04122460994995584,0.0012246099499558466,61.24000000000001,12.3,25.59,2.44,0.0,2117.7200000000003,23.209999999999997,166.17,1125.16,1321.04,3109.88,195.49,3908.96,25.86,1656.41,11.09,2745.11,233.45,2978.56,401.16,930.4,-134.75,-14.789999999999992,23.080000000000002,13.29,14.796380141388175,1.05,3.2,0.09,0.05,0.56,1.5940182513982926,1.044356785398881,6.68754783632617,6.632581689726229,3.1330703561966438,0.69,0.69,1.13,0.65,9,2007,0.4622222222222234,377.44444444444446,33.97
2007-12-31,1393.4100000000008,83.21000000000001,0.21303123399897594,0.001684018888319963,96.09,75.52000000000001,85.21000000000001,2.14,0.0,1317.88,54.62,195.96,881.84,871.39,2494.77,196.4,3301.5,36.73,1063.64,10.12,2049.95,233.35,2283.3,401.16,1018.2,25.069999999999993,0.9599999999999937,8.170000000000002,9.690000000000005,2.5101952890277612,0.84,2.24,0.3,0.05,0.17,10.083478409284861,8.549653524492234,32.693193377709505,34.11340160436934,21.643973374295957,1.86,1.85,1.22,0.79,12,2007,0.6577777777777776,390.6,117.18
2008-03-31,1120.41,21.08,0.05,0.0,50.06,-0.65,11.66,2.28,0.0,1121.06,9.31,217.23,746.75,5.55,2446.24,188.33,3247.56,78.97,1079.86,8.61,2000.11,233.6,2233.71,401.16,1013.85,14.53,-5.96,37.92,12.31,11.4,0.9,2.2,0.05,0.0,0.0,2.6,-0.08,8.32,8.64,-0.2,1.88,1.88,1.22,1.22,3,2008,0.0,421.59999999999997,21.08
2008-06-30,1171.28,3.1000000000000014,0.007692307692307696,0.1,53.28,0.42000000000000004,12.34,2.4,0.0,1170.8600000000001,7.92,191.51,878.05,959.9,2630.04,184.71,3478.38,120.44,1238.88,7.47,2239.63,236.22,2475.85,401.16,1002.53,8.290000000000001,-59.330000000000005,0.7800000000000011,11.92,77.99999999999997,0.96,2.47,0.06,0.1,1.67,0.35897435897435914,-0.005128205128205131,1.2358974358974366,1.2923076923076928,-0.010256410256410262,1.06,1.06,1.17,0.75,6,2008,40.300000000000004,403.0,24.18
2008-09-30,1486.4499999999998,26.090000000000003,0.06746966381539687,-0.004217226974338575,87.25,55.29,67.47,2.2,0.0,1431.1599999999999,33.78,244.72,747.11,4.52,2781.34,179.7,3622.97,168.12,1187.08,7.55,2350.96,239.19,2590.14,401.16,1032.82,13.39,-10.169999999999987,45.599999999999994,12.179999999999996,8.150329628210041,0.85,2.51,0.13,0.1,0.77,2.885625621643127,3.0309448975532125,10.110069624030238,10.629067037994828,8.98903520986672,1.34,1.33,1.18,1.18,9,2008,-1.630769230769232,386.6923076923077,50.27
2008-12-31,1293.94,-46.38,-0.11922879177377893,0.0005932370970931453,89.53999999999999,-6.090000000000003,6.480000000000004,1.42,62.63,1300.0299999999997,44.800000000000004,357.6,872.67,2.2,2723.49,181.78,3338.16,44.14,1055.18,595.47,2100.7,226.42,2327.13,401.16,1011.03,-4.66,218.82999999999998,-126.07,12.57,-2.9774687365243637,0.56,2.3,0.01,0.1,10.0,-5.722982005141389,-70.58344473007712,-18.122776349614394,-18.122776349614394,-188.85840616966584,0.08,0.08,1.3,1.3,12,2008,0.2307692307692335,389.0,3.89
2009-03-31,1243.16,9.79,0.03,0.0,46.54,11.95,27.08,1.8,0.0,1231.21,6.33,223.46,904.71,8.2,2674.99,261.54,3373.44,55.34,1001.85,587.18,2079.22,272.98,2352.2,401.16,1021.24,-105.74,-37.87,8.86,15.13,15.0,0.71,2.3,0.03,0.0,0.0,1.16,1.44,3.84,3.84,3.68,0.79,0.79,1.29,1.28,3,2009,0.0,326.3333333333333,9.79
2009-06-30,1066.34,9.77,0.024974437627811864,0.08,56.690000000000005,12.8,28.200000000000003,2.0,0.0,1053.54,11.409999999999998,204.42,907.86,7.89,2428.49,249.45,3115.87,0.45,869.04,21.13,1851.12,266.43,2117.56,401.16,998.31,78.21,-7.800000000000004,-87.96,15.4,20.02047082906858,0.8,2.12,0.05,0.08,1.6,1.2587116564417178,1.4984662576687116,3.9159918200409,3.9159918200409,3.9159918200409,0.85,0.85,1.31,1.31,6,2009,31.295999999999996,391.19999999999993,19.56
2009-09-30,965.1599999999999,56.94,0.1488627450980392,-0.0018196078431372404,87.83999999999999,56.09,70.53999999999999,2.0,0.0,909.0700000000002,43.7,265.36,864.61,4.39,2318.43,260.4,3038.75,5.82,837.16,29.09,1708.23,275.96,1984.19,401.16,1054.56,86.00999999999999,-27.819999999999993,3.2299999999999898,14.449999999999996,3.3587987355110642,0.76,1.88,0.2,0.08,0.4,7.502682352941177,7.2347294117647065,21.585098039215683,21.823278431372547,18.10170980392157,2.35,2.34,1.36,1.35,9,2009,-0.6959999999999944,382.5,76.5
2009-12-31,1100.8500000000004,76.5,0.195,0.0020000000000000018,127.43,77.97,93.64000000000001,2.04,6.46,1022.8799999999997,99.78,537.42,748.1,2.15,2473.81,250.41,3123.34,0.0,766.37,33.17,1723.93,268.73,1992.66,401.16,1130.68,226.54,53.72999999999999,-8.019999999999996,15.670000000000002,2.615,0.72,1.76,0.39,0.08,0.21,9.8,9.84,27.06,28.58,22.7,3.52,3.5,1.43,1.43,12,2009,0.7846153846153854,392.3076923076923,153.0
2010-03-31,1045.78,114.95,0.3,0.0,176.68,132.87,151.88,3.36,0.0,912.91,129.98,757.66,734.03,2.46,2647.53,250.34,3306.59,0.0,839.15,34.77,1795.34,266.8,2062.14,401.16,1244.45,240.62,-8.42,-10.98,19.01,2.8000000000000003,1.08,1.66,0.3,0.0,0.0,13.92,15.919999999999998,36.96,40.6,35.16,11.02,10.99,1.47,1.47,3,2010,0.0,383.1666666666667,114.95
2010-06-30,905.49,106.29,0.27384424154764053,0.2,136.32,92.04999999999998,104.64999999999998,4.1,0.0,813.4499999999999,88.30000000000001,641.36,574.88,2.42,2523.8,249.06,3168.75,0.0,749.13,32.72,1652.48,243.11,1895.59,401.16,1273.16,65.75,-95.55,-86.63,12.599999999999998,3.7414516887759905,1.29,1.49,0.57,0.2,0.35,13.413563550894958,13.759472066534082,33.39938889893328,37.43498824805641,28.499018260712347,11.38,11.34,1.53,1.53,6,2010,77.62807017543861,388.14035087719304,221.24
2010-09-30,1049.75,41.639999999999986,0.10612751065124769,0.0021500037372798662,84.39999999999998,43.03,57.210000000000036,7.0,0.0,1006.7100000000003,34.99000000000001,401.9,479.64,2.38,2776.67,225.21,3410.49,0.0,845.19,26.76,1785.08,235.34,2020.42,401.16,1390.07,188.73000000000002,-480.22,51.19,14.18,16.493131604226708,2.02,1.45,0.67,0.2,0.3,4.885033475349968,5.265191722458915,11.981320754716977,13.628673158855749,10.448015824710891,8.8,8.76,1.56,1.55,9,2010,0.8435716156061659,392.35820895522386,262.88
2010-12-31,1105.6,89.38,0.22582240390620562,0.001738031016777821,128.39,90.73000000000002,108.44999999999999,4.98,1.79,1014.8699999999999,97.86999999999998,262.57,690.01,2.57,2874.79,216.59,3421.24,0.0,833.53,23.58,1695.48,83.62,1779.1,401.16,1642.15,-111.54000000000002,26.160000000000082,-49.42999999999999,17.72,5.5176102036249715,1.22,1.08,0.89,0.2,0.22,10.453801169590644,11.123656390166355,21.770294668710612,25.789425992164876,21.090290126611027,8.66,8.58,1.7,1.69,12,2010,0.6879087707529834,395.7977528089888,352.26
2011-03-31,892.3,46.96,0.12,0.0,77.7,47.82,64.67,6.4,0.0,844.48,28.56,279.2,712.92,2.96,2871.85,209.72,3344.21,0.0,797.55,15.4,1580.33,79.76,1660.09,401.16,1684.12,15.65,19.84,-19.04,16.85,13.3325,1.52,0.99,0.12,0.0,0.0,5.6,5.76,11.16,12.84,10.84,5.38,5.26,1.82,1.82,3,2011,0.0,391.33333333333337,46.96
2011-06-30,997.6100000000001,28.35,0.06775992564068517,0.6,75.80999999999999,28.85,37.81999999999999,4.06,0.0,968.76,20.81,211.31,761.34,3.1,2838.01,203.76,3294.29,0.0,949.89,16.07,1645.48,76.61,1722.09,501.45,1572.2,-53.629999999999995,129.69,-144.28,8.969999999999999,14.982306878306877,1.29,1.1,0.18,0.6,3.33,3.4482273270482007,3.568689417076086,7.212667640419599,7.965555703093878,7.001858982870801,4.04,3.98,1.72,1.72,6,2011,251.03333333333333,418.3888888888889,75.31
2011-09-30,1601.2699999999998,50.709999999999994,0.11267100460244406,0.042236682008146745,88.67000000000002,51.14,66.52,3.14,0.0,1550.1200000000001,40.96,310.93,942.65,3.09,3601.17,225.44,4095.91,0.0,1277.62,16.32,2398.9,74.27,2473.18,501.45,1622.73,543.46,-439.51,-4.349999999999994,15.380000000000003,6.9645247485703035,0.97,1.52,0.28,0.6,2.14,4.957524202507538,5.48868750991906,12.50648151087129,13.472232978892238,12.120180923662911,3.65,3.61,1.5,1.5,9,2011,19.009523809523756,450.0714285714285,126.02
2011-12-31,1330.3300000000004,38.989999999999995,0.08506393551905944,0.010851290397984626,75.38999999999999,39.370000000000005,54.35000000000002,3.78,0.71,1290.9699999999998,54.39,694.84,1008.98,2.76,3537.55,262.01,4142.04,0.0,1265.4,16.72,2413.03,70.3,2483.33,501.45,1658.71,-176.12,266.64000000000004,-4.340000000000003,14.979999999999997,11.109290843806106,1.14,1.5,0.36,0.6,1.67,3.761716259620629,4.177584388824919,9.404290649051571,9.451548391006604,9.139647294103387,3.46,3.42,1.47,1.46,12,2011,4.973809523809564,458.3611111111111,165.01
2012-03-31,1699.15,93.12,0.19,0.0,132.58,96.11,114.66,4.3,0.0,1603.04,85.84,567.22,1324.06,3.51,3992.71,256.71,4504.2,0.0,1424.87,16.35,2683.77,68.59,2752.36,501.45,1751.84,-114.33,-8.94,-4.35,18.55,5.6575,1.23,1.57,0.19,0.0,0.0,8.28,9.8,21.28,21.68,21.12,5.51,5.48,1.49,1.49,3,2012,0.0,490.10526315789474,93.12
2012-06-30,1627.23,71.79999999999998,0.14366965801600776,0.4,146.1,99.02,111.06,4.66,0.0,1528.21,90.07,431.32,1266.05,3.32,3802.08,277.26,4329.65,0.0,1407.8,12.64,2636.61,69.98,2706.59,501.45,1623.06,-19.60000000000001,88.62,-204.92000000000002,12.04,8.108183844011142,1.44,1.67,0.33,0.4,1.21,6.634926024739267,8.91622604899345,17.693136065971377,17.971768130002424,20.078923114237202,4.99,4.96,1.44,1.44,6,2012,199.90303030303028,499.7575757575757,164.92
2012-09-30,2159.0699999999997,105.85999999999999,0.21111012630179482,0.10134560763853914,189.68,143.48000000000002,164.03,6.25,0.0,2015.5900000000001,134.67,698.1,1421.18,3.69,3894.79,511.82,4664.8,0.0,1720.56,9.42,2914.19,71.82,2986.01,501.45,1678.79,467.08,-145.81,-54.47999999999999,20.55,7.398745040619687,1.87,1.78,0.54,0.5,0.93,9.069916537410444,12.088009454169436,25.22375064628111,25.6459708988847,30.24348031612379,4.96,4.94,1.34,1.34,9,2012,50.819191919191894,501.44444444444434,270.78
2012-12-31,1835.4700000000003,195.0,0.3893469019708876,0.09939527960267365,175.68999999999994,128.31,143.13,10.0,0.0,1707.1599999999999,142.13,296.95,1676.55,2.82,3765.6,533.12,4550.92,0.0,1490.43,5.03,2639.68,84.03,2723.72,501.45,1813.58,-341.46999999999997,-5.050000000000011,-54.64999999999998,14.819999999999993,6.419403846153846,2.76,1.5,0.93,0.6,0.65,17.131263686719052,17.98531495555842,43.00399330155868,44.929795182274894,40.9107303877367,6.41,6.36,1.43,1.43,12,2012,49.78100358422938,500.8387096774193,465.78
2013-03-31,2128.7,145.53,0.29,0.0,153.98,165.22,181.72,19.0,0.0,1963.48,93.29,152.99,1915.68,3.22,4145.57,544.51,5034.92,100.0,1712.66,1.35,2863.18,82.41,2945.58,501.45,2075.2,-302.14,61.96,96.22,16.5,16.38,4.59,1.42,0.29,0.0,0.0,11.56,13.84,28.04,30.44,30.44,7.08,6.84,1.45,1.45,3,2013,0.0,501.82758620689657,145.53
2013-06-30,2107.41,118.38000000000002,0.11662612254177562,0.27,204.29,144.08,163.23999999999998,7.0,0.0,1963.33,139.0,320.7,1552.49,4.08,4110.98,605.36,5038.15,200.1,1687.84,0.96,2905.38,84.87,2990.25,1002.9,2033.11,298.14,-69.6,-60.83,19.159999999999997,15.003499746578813,3.45,1.47,0.26,0.27,1.04,9.40185972490622,11.842037058087985,23.28933954757304,25.90894168466523,26.016596567011483,6.35,6.23,1.41,1.41,6,2013,274.06038461538463,1015.0384615384615,263.91
2013-09-30,2458.4700000000003,89.69,0.09131334841628959,0.04097924643230073,171.18000000000006,115.31,130.58000000000004,6.3,0.0,2343.15,112.83000000000001,168.65,1815.17,1515.92,4274.31,811.74,5386.68,0.0,1968.17,2.11,3030.32,264.43,3294.75,1002.9,2072.65,146.27,-226.26000000000002,-72.06,15.270000000000003,17.248299698963095,3.05,1.59,0.36,0.32,0.89,6.655728506787329,8.573308823529409,17.30895248868778,19.125073529411765,18.282961538461535,5.35,5.28,1.41,0.91,9,2013,40.2507264957265,982.2222222222223,353.6
2013-12-31,2349.33,88.57999999999998,0.09014654665520827,0.05013026369351847,89.93999999999994,16.66999999999996,47.30000000000001,5.25,0.0,2332.669999999999,31.170000000000016,98.32,1666.2,1778.24,4340.87,895.62,5602.63,90.0,2005.0,16.81,3179.08,244.25,3423.33,1002.9,2149.01,-28.670000000000016,-81.45000000000002,39.800000000000004,30.630000000000003,14.563785843305489,2.45,1.59,0.45,0.37,0.82,6.322277805418606,6.963319914966754,16.4908082681261,17.88507485639332,14.591721018589713,4.95,4.89,1.37,0.81,12,2013,49.25911111111111,982.6222222222223,442.18
2014-03-31,2583.96,53.38,0.05000000000000001,0.05,143.15,76.02,107.81,5.1,0.0,2507.95,68.95,467.31,1611.16,1894.3,4847.25,1017.4,6223.53,200.0,2272.28,31.51,3759.84,227.7,3987.55,1002.9,2202.39,419.88,-160.83,109.94,31.79,25.5,2.32,1.81,0.05,0.05,1.0,3.44,5.4,9.68,10.0,12.36,2.07,2.07,1.29,0.79,3,2014,53.379999999999995,1067.6,53.38
2014-06-30,2179.21,12.369999999999997,0.013169581749049428,-0.006830418250950565,97.35,22.960000000000008,57.66,5.75,0.0,2156.24,18.879999999999995,149.46,1908.65,1679.79,4695.17,1070.23,6109.8,200.0,2155.18,46.22,3550.51,356.36,3906.86,1002.9,2164.62,-337.49,-70.91999999999999,90.56,34.699999999999996,109.14925222312047,2.66,1.8,0.07,0.05,0.71,0.8127513307984789,1.339534600760456,2.2877444866920147,2.3554737642585546,2.9123589353612163,1.38,1.38,1.32,0.85,6,2014,-6.41571428571428,939.2857142857142,65.75
2014-09-30,2556.33,-155.06,-0.15625797783003023,0.05267287297854985,-92.58000000000001,-159.99,-124.18,6.05,0.0,2716.3100000000004,-163.09,278.71,2014.21,1376.75,4532.01,1093.84,5950.01,100.0,2262.43,65.62,3587.58,364.53,3952.11,1002.9,1959.41,269.39,11.960000000000008,-152.11,35.81,-9.67918579904553,3.1,2.02,-0.09,0.1,-1.11,-10.417198522002016,-7.5003829358414515,-31.668283506886123,-30.765459634979283,-17.91758145784347,-1.22,-1.22,1.26,0.88,9,2014,52.26904761904763,992.3333333333334,-89.31
2014-12-31,2117.7000000000007,-264.09,-0.26154923599320884,0.001721373325787576,-244.14999999999998,-308.42,-269.42,4.44,0.0,2426.129999999999,-318.56,422.28,1742.8,99.98,3779.73,1103.28,5211.22,0.0,1848.45,67.94,3128.99,357.18,3486.16,1002.9,1695.31,266.61,-8.27000000000001,-114.76,39.000000000000014,-4.2453765761672155,2.63,2.06,-0.35,0.1,-0.29,-20.26632937181664,-20.415786078098474,-62.32344651952462,-54.970176570458406,-53.02723938879456,-3.75,-3.74,1.21,1.18,12,2014,1.7380952380952266,1009.7142857142857,-353.4
2015-03-31,1845.0,0.65,0.0,,82.17,17.85,53.49,4.44,0.0,1827.15,15.43,182.8,1580.62,104.17,3430.71,1089.13,4837.93,0.0,1730.3,68.04,2766.04,342.89,3108.93,1002.9,1695.96,-200.88,-21.24,-17.36,35.64,0.0,2.63,1.83,0.0,0.0,0.0,0.04,1.28,0.16,0.12,3.44,0.04,0.04,1.24,1.2,3,2015,,inf,0.65
2015-06-30,1793.46,7.3,0.009182389937106917,,73.49,23.18,59.160000000000004,4.48,0.0,1770.2799999999997,4.93,205.81,1601.2,72.87,3438.05,1082.28,4824.04,0.0,1741.14,72.09,2741.42,342.92,3084.34,1002.9,1703.26,51.66,-11.280000000000005,-17.369999999999997,35.980000000000004,121.97260273972603,2.64,1.81,0.01,0.0,0.0,0.5876729559748427,2.7547169811320753,1.7262893081761004,1.5059119496855344,7.235723270440252,0.22,0.22,1.25,1.23,6,2015,,795.0,7.95
2015-09-30,1970.7699999999995,19.19,0.02121223286661754,0.0,80.74000000000001,15.61,55.109999999999985,3.56,0.0,1955.15,7.800000000000001,235.26,1541.84,102.65,3208.75,1185.09,4686.32,0.0,1530.98,87.3,2547.81,382.32,2930.14,1002.9,1722.45,105.21000000000001,-58.410000000000004,-17.360000000000007,39.5,41.95810057321522,2.07,1.7,0.03,0.0,0.0,1.6404126750184231,3.026278555637436,4.468710390567429,4.157597641857038,7.494988946204863,0.49,0.48,1.26,1.22,9,2015,0.0,904.6666666666667,27.14
2015-12-31,1745.3600000000006,-3.9499999999999993,-0.00340664079344545,0.0,100.03999999999999,20.189999999999998,62.71000000000001,3.2,0.0,1725.1800000000003,16.110000000000003,134.99,1474.71,68.19,3080.78,1188.82,4551.23,100.0,1458.51,91.16,2428.5,373.75,2802.24,1002.9,1715.73,-138.41,-44.48999999999998,82.64,42.51999999999998,-234.83544303797473,1.87,1.63,0.02,0.0,0.0,-0.3474773609314359,-1.0696852091418714,-0.9197930142302715,-0.9266062958171625,-2.466407934454506,0.32,0.32,1.27,1.24,12,2015,0.0,1159.5,23.19
2016-03-31,1514.83,-7.11,-0.01,0.0,89.9,11.57,54.71,3.12,0.0,1503.26,9.84,25.08,1453.93,76.04,3174.12,1161.71,4596.86,180.0,1529.45,91.45,2501.3,353.72,2855.02,1002.9,1708.61,-157.01,-8.9,56.0,43.14,-78.0,1.83,1.67,-0.01,0.0,0.0,-0.6,1.0,-1.68,-1.68,2.2,-0.47,-0.47,1.27,1.24,3,2016,0.0,711.0,-7.11
2016-06-30,1729.63,44.11,0.04768648648648648,0.0,110.41,49.46,93.34,3.94,0.0,1680.1699999999998,26.860000000000003,312.57,1619.08,84.99,3175.78,1139.12,4586.62,0.0,1650.17,93.02,2462.08,338.63,2800.71,1002.9,1752.73,537.05,-45.57,-203.99,43.879999999999995,20.655746996146,2.25,1.6,0.04,0.0,0.0,3.8626054054054055,6.199243243243243,10.061848648648647,10.204908108108109,13.686021621621622,1.15,1.14,1.29,1.26,6,2016,0.0,925.0,37.0
2016-09-30,1785.5,35.34,0.03419684821675422,0.0,127.42000000000002,37.760000000000005,81.97,3.64,0.0,1747.7400000000002,35.64,197.94,1579.09,75.94,3045.05,1118.1,4459.01,0.0,1554.32,95.18,2316.99,320.83,2637.82,1002.9,1788.02,-76.36000000000001,-14.269999999999996,-23.94999999999999,44.209999999999994,26.610639501980756,2.04,1.48,0.07,0.0,0.0,3.1656510920652474,4.2208681227536635,7.914127730163118,8.050915123030137,9.008426873099253,1.45,1.44,1.31,1.28,9,2016,0.0,1033.4285714285713,72.34
2016-12-31,1973.33,68.13999999999999,0.06790717539863325,0.05,113.28999999999996,43.57000000000001,88.72,3.9,0.0,1929.75,39.099999999999994,427.86,1636.67,110.85,3567.67,1138.96,5009.88,0.0,1590.76,104.85,2842.47,328.57,3171.04,1002.9,1805.89,305.56,-1.4300000000000068,-74.09,45.150000000000006,14.359307308482538,2.17,1.76,0.14,0.05,0.36,5.43257403189066,5.781810933940775,15.094794988610477,15.48283599088838,12.747146924829156,2.01,2.01,1.26,1.22,12,2016,50.171428571428564,1003.4285714285712,140.48
2017-03-31,1398.83,4.27,0.0,,86.91,20.14,67.69,4.22,0.0,1378.69,16.74,319.1,1610.85,192.01,3683.6,1223.62,5201.77,0.0,1592.45,122.46,2988.64,367.81,3356.45,1002.9,1810.05,2.49,-83.61,-27.54,47.55,0.0,2.34,1.85,0.0,0.05,0.0,0.32,1.64,0.9600000000000001,0.9600000000000001,3.6400000000000006,0.31,0.31,1.23,1.17,3,2017,inf,inf,4.27
2017-06-30,1962.8000000000002,42.540000000000006,0.045439008758812224,-inf,94.30000000000001,51.269999999999996,104.82,4.0,0.0,1911.5299999999997,16.95,104.19,1593.29,175.55,3637.11,1295.31,5233.76,80.0,1656.87,139.46,3009.58,398.57,3408.15,1002.9,1802.36,-157.9,-46.86999999999999,-10.07,53.55,22.007522331922893,2.23,1.89,0.05,0.05,1.0,3.2352574236274307,5.270925016022217,9.451313821832942,9.56036744285409,11.668737449262979,1.41,1.39,1.21,1.15,6,2017,-inf,936.2,46.81
2017-09-30,2343.7299999999996,30.659999999999997,0.031661288240609264,0.05166128824060927,88.97,33.18000000000001,90.88999999999999,3.94,0.0,2310.5500000000006,-7.569999999999997,96.42,1717.15,149.9,3935.64,1354.97,5570.11,150.0,1845.89,164.28,3330.56,433.86,3764.42,1002.9,1782.75,18.27000000000001,-18.680000000000007,-7.240000000000002,57.71000000000001,31.110547129810833,2.22,2.11,0.08,0.1,1.25,2.2004595327223435,3.308604621143668,6.886330192332515,6.87049954821221,7.3929108041822635,1.38,1.36,1.18,1.14,9,2017,50.0275,968.375,77.47
