,revenue,net_profit,eps,dps,gross_profit,ebit,ebitda,close_price,allowance_doubtful_accounts,expense,operating_profit,cash,account_receivable,inventory,current_asset,property_plant_equipment,total_asset,short_term_loan,account_payable,current_portion_long_term_debt,current_liability,non_current_liability,total_liability,paid_in_capital,total_equity,cash_flow_operation,cash_flow_investment,cash_flow_financing,depreciation,P/E,P/BV,D/E,EPS,DPS,DPR%,ROA%,ROAA%,ROE%,ROAE%,ROCE%,NPM%,NPMA%,TIE,CurrentRatio,QuickRatio,month,year,dividend,number_of_shares,return_old
2000-03-31,248.18,13.21,0.55,3.0,20.64,18.49,24.04,20.0,0.0,229.7,10.29,175.06,139.22,183.72,514.43,202.44,772.63,5.52,33.39,0.0,145.68,0.0,145.68,240.0,626.96,54.53,-0.28,-71.85,5.55,9.09,7.66,0.23,0.55,3.0,5.45,6.84,0.0,8.44,0.0,11.8,5.52,5.32,0.0,3.53,2.27,3,2000,72.05454545454546,24.01818181818182,13.21
2000-06-30,286.77000000000004,27.189999999999998,1.1306732673267326,0.003672367236723203,53.08,36.489999999999995,42.04,18.25,0.0,250.27000000000004,35.410000000000004,134.7,154.31,173.13,482.03,199.03,736.03,7.11,46.31,0.0,81.88,0.0,81.88,240.0,654.15,-39.9,-1.84,1.3699999999999903,5.55,4.034056638470026,6.7,0.13,1.68,3.0,1.79,14.779514851485148,0.0,16.637049504950493,0.0,22.613465346534653,7.71,7.55,0.0,5.89,3.77,6,2000,0.08831168831167702,24.047619047619047,40.4
2000-09-30,315.28,36.830000000000005,1.535576848374984,-0.007898485044671819,62.66,51.23,56.93000000000001,17.0,0.0,264.04999999999995,45.09,58.48,137.96,207.45,511.16,195.47,771.54,5.03,45.88,0.0,80.57,0.0,80.57,240.0,690.98,8.83,-12.09,-1.9599999999999937,5.700000000000001,2.7679500407276674,5.9,0.12,3.22,3.0,0.93,19.09456428848893,0.0,21.326396478052573,0.0,29.319026285122362,9.27,9.08,0.0,6.34,3.77,9,2000,-0.1894409937888213,23.98447204968944,77.23
2000-12-31,411.03999999999996,21.739999999999995,0.9050095988683438,0.0046673281382084856,65.42000000000002,36.15000000000002,41.83,18.0,0.0,374.9000000000001,43.89999999999999,86.02,207.38,159.86,567.69,177.59,813.02,7.04,46.06,0.0,100.3,0.0,100.3,240.0,712.72,45.24,-0.40999999999999837,1.7000000000000028,5.68,4.9735384084636625,6.06,0.14,4.12,3.0,0.73,10.693171668182275,0.0,12.204449833282812,0.0,17.546642416894002,7.98,7.85,0.0,5.66,4.07,12,2000,0.11211783151419752,24.021844660194173,98.97
2001-03-31,444.49,39.44,1.6399999999999997,3.0,72.61,57.1,62.55,18.0,0.0,387.39,53.34,31.65,269.07,296.38,658.63,175.86,892.71,103.7,41.3,0.0,211.24,0.0,211.24,240.0,681.48,-135.13,-22.89,24.65,5.45,2.745,6.34,0.31,1.64,3.0,1.83,17.68,27.44,23.159999999999997,24.12,33.52,8.96,8.87,0.0,3.12,1.71,3,2001,72.14634146341464,24.04878048780488,39.44
2001-06-30,449.22,38.620000000000005,1.6079297975915963,-0.0037869556251288565,70.86,56.440000000000005,61.870000000000005,28.75,0.0,392.78,49.95,40.34,226.18,229.98,552.78,182.35,827.79,9.63,46.83,0.0,107.08,0.6,107.68,240.0,720.11,114.58,-17.450000000000003,-93.44999999999999,5.430000000000001,4.471976954945624,9.58,0.15,3.25,3.0,0.92,18.661880604663082,28.734942352036896,21.452257238022035,22.481332308480656,31.169100691775558,8.85,8.73,0.0,5.16,3.01,6,2001,-0.09095684803001802,24.01846153846154,78.06
2001-09-30,416.72,14.959999999999994,0.624003440120404,-0.005535286042704124,43.80000000000001,22.679999999999993,28.14,23.5,0.0,394.0400000000001,22.179999999999993,8.6,231.85,377.56,633.76,184.52,917.4,108.67,46.84,0.0,181.72,0.6,182.32,240.0,735.07,-111.74,-25.00999999999999,99.03,5.459999999999999,9.420140374331554,7.67,0.25,3.88,3.0,0.77,6.52308750806278,10.37646957643517,8.137776822188773,8.395097828423992,11.9139625886906,7.17,7.1,0.0,3.49,1.41,9,2001,-0.13270420301348906,23.97422680412371,93.02
2001-12-31,412.3799999999999,16.99000000000001,0.7073375147713847,0.0056733361634415305,48.06,25.05000000000001,30.370000000000005,24.5,0.0,387.3399999999999,21.289999999999992,4.24,219.74,354.65,601.32,188.7,889.04,43.38,60.16,0.0,135.78,0.6,136.38,240.0,752.66,70.00999999999999,-9.219999999999999,-65.17,5.32,8.66029281930547,7.81,0.18,4.58,3.0,0.66,7.641716207617493,11.706590309971826,9.031680756294888,9.272607944732302,13.226284883192445,6.45,6.39,0.0,4.43,1.82,12,2001,0.13627155269436741,24.019650655021834,110.01
2002-03-31,337.07,31.09,1.3,0.0,57.14,41.15,46.51,27.25,0.0,295.92,34.63,13.54,222.64,347.33,602.87,182.67,885.17,13.81,42.7,0.0,99.06,0.6,99.66,240.0,785.51,37.88,0.91,-29.49,5.36,5.24,8.33,0.13,1.3,0.0,0.0,14.04,18.52,15.840000000000002,16.96,20.92,9.43,9.22,0.0,6.09,2.58,3,2002,0.0,23.915384615384614,31.09
2002-06-30,495.81,56.81999999999999,2.365614833352292,2.0,103.8,76.02000000000001,81.42000000000002,23.7,0.0,419.79,74.25999999999999,15.44,352.64,253.57,634.84,203.16,947.75,33.87,66.23,0.0,152.65,0.6,153.25,240.0,794.5,65.44999999999999,-35.65,-27.890000000000004,5.3999999999999995,2.5064097148891236,7.16,0.19,3.66,2.0,0.55,23.992246615857123,34.1269025139347,28.594207712433168,30.016161983847113,38.108374473893754,10.69,10.55,0.0,4.16,2.5,6,2002,48.038251366120214,24.019125683060107,87.91
2002-09-30,585.11,59.150000000000006,2.4655888752889976,-0.0024104506617495464,100.58999999999997,79.04,84.56,28.0,0.0,506.05999999999995,75.39999999999999,24.11,400.0,258.31,692.02,207.7,1012.89,26.06,78.49,0.0,158.4,0.6,159.0,240.0,853.89,19.370000000000005,-3.1599999999999966,-7.550000000000004,5.520000000000001,2.8405080304311072,7.87,0.19,6.13,2.0,0.33,23.36075071399429,32.708268733850126,27.704691962464302,29.780130558955534,36.939589283285734,10.48,10.37,0.0,4.37,2.74,9,2002,-0.05782722256392958,23.990212071778142,147.06
2002-12-31,473.5899999999999,28.629999999999995,1.192848767715863,0.0009294511307870109,62.04000000000002,38.370000000000005,43.920000000000016,35.0,0.0,435.23,33.04000000000002,34.22,292.04,399.38,731.5,212.55,1057.56,60.76,60.03,0.0,174.44,0.6,175.04,240.0,882.52,-12.950000000000003,-10.54,33.61000000000001,5.549999999999997,7.333201187565493,9.52,0.2,7.32,2.0,0.27,10.826895099322668,15.709101257897432,12.977933860777503,14.007825146564969,17.312602880072852,9.39,9.29,0.0,4.19,1.9,12,2002,0.02230809688087021,24.001366120218577,175.69
2003-03-31,487.2,18.99,0.79,0.0,49.82,26.52,32.36,37.75,0.0,460.67,22.38,18.1,305.05,549.07,874.88,214.31,1215.38,186.21,69.68,153.78,409.67,0.6,410.27,240.0,805.11,-119.7,-21.6,125.18,5.84,11.945,11.25,0.51,0.79,0.0,0.0,6.24,10.12,9.44,9.56,13.160000000000002,3.94,3.9,0.0,2.14,0.8,3,2003,0.0,24.037974683544302,18.99
2003-06-30,705.0799999999999,45.18000000000001,1.8798597475455823,4.0,96.67000000000002,62.52000000000001,68.37,35.0,0.0,642.5699999999999,55.78,11.58,347.15,460.68,821.95,208.0,1155.13,166.53,87.95,0.0,304.24,0.6,304.84,240.0,850.29,106.88,2.4200000000000017,-115.83000000000001,5.85,4.6550946215139435,9.88,0.36,2.67,4.0,1.5,15.658457223001403,23.853800841514733,21.262833099579247,21.966900420757366,29.458176718092574,5.44,5.38,0.0,2.7,1.19,6,2003,96.13483146067416,24.03370786516854,64.17
2003-09-30,656.6600000000001,29.260000000000005,1.218253237718078,-0.0026168723324681556,55.81,40.709999999999994,46.64999999999999,43.5,0.0,615.94,33.92,7.25,307.19,488.77,805.82,204.39,1146.59,147.78,79.39,0.0,267.03,0.6,267.63,240.0,878.97,22.310000000000002,-12.52,-14.11,5.9399999999999995,8.924704374572796,11.88,0.3,3.89,4.0,1.03,10.20952584822862,15.057484747939636,13.31622819222948,13.504133575939205,18.477362731456708,5.11,5.05,0.0,3.02,1.19,9,2003,-0.0628520262268637,24.017994858611825,93.43
2003-12-31,308.71000000000004,-14.310000000000002,-0.5968528816986856,-0.007046664985794158,-11.150000000000006,-18.799999999999997,-12.900000000000006,39.5,0.0,327.52,-23.64999999999999,13.63,228.64,514.03,762.73,207.78,1107.01,167.85,49.21,0.0,242.36,0.0,242.36,240.0,864.65,-0.34999999999999964,-9.419999999999998,16.14,5.900000000000002,-16.54553459119497,10.96,0.28,3.3,4.0,1.21,-5.172724974721942,-7.415444893832155,-6.61964105156724,-6.554529828109202,-9.28196663296259,3.71,3.67,0.0,3.15,1.03,12,2003,-0.16894913141697998,23.97575757575758,79.12
2004-03-31,384.02,0.15,0.01,0.0,18.29,1.94,7.96,34.0,0.0,382.07,-1.03,10.13,363.24,517.48,899.43,208.87,1254.16,295.21,60.03,0.0,432.96,0.0,432.96,240.0,821.2,-117.52,-12.31,126.33,6.02,850.0,9.94,0.53,0.01,0.0,0.0,0.04,0.64,0.08,0.08,0.96,0.04,0.04,0.0,2.08,0.88,3,2004,0.0,15.0,0.15
2004-06-30,657.3399999999999,29.84,1.2437479159719909,2.0,74.0,41.92,48.14,26.5,0.0,615.4300000000001,45.54,22.59,460.94,526.46,1012.57,212.08,1362.39,387.03,75.07,0.0,511.44,0.0,511.44,240.0,850.96,-20.799999999999997,-1.2899999999999991,34.55,6.220000000000001,5.326642091152814,7.47,0.6,1.25,2.0,1.6,8.755985328442815,13.85037679226409,14.009576525508503,14.049376458819607,20.49696565521841,2.9,2.88,0.0,1.98,0.95,6,2004,47.983999999999995,23.991999999999997,29.99
2004-09-30,661.3000000000002,44.18000000000001,1.8405851422407982,0.0009362275852775723,92.17999999999999,61.43000000000001,67.62,24.5,0.0,599.8699999999999,63.75000000000001,31.73,411.76,451.95,897.2,212.6,1243.92,194.18,89.91,0.0,354.32,0.0,354.32,240.0,889.6,199.85999999999999,-5.709999999999999,-185.0,6.1899999999999995,3.3282486419194197,6.61,0.4,3.09,2.0,0.65,14.200501550492115,20.991009842254282,19.87117163273561,19.99030335715249,28.21039234191722,4.38,4.36,0.0,2.53,1.26,9,2004,0.022472491909397263,24.003236245954696,74.17
2004-12-31,441.6600000000001,1.8400000000000034,0.0767372714116565,-0.0021117984390574213,22.599999999999994,6.890000000000001,13.030000000000001,25.0,0.0,434.7800000000002,-4.820000000000007,6.19,338.84,593.39,939.88,205.3,1321.37,288.42,80.86,0.0,424.91,0.0,424.91,240.0,896.46,-77.82,-37.43000000000001,89.69,6.140000000000001,81.48354619565202,6.69,0.47,3.17,2.0,0.63,0.5567688462044478,0.8947033285094083,0.8211130114458639,0.8356374161294582,1.211335350611764,3.57,3.54,0.0,2.21,0.82,12,2004,-0.050636529764275906,23.977917981072558,76.01
2005-03-31,408.43,-52.72,-2.2,0.0,-23.61,-48.89,-42.62,24.6,0.0,457.32,-44.55,9.41,328.0,610.72,951.89,208.2,1325.2,371.25,61.93,0.0,481.4,0.0,481.4,240.0,843.8,-75.21,-8.54,86.98,6.27,-2.795,7.0,0.57,-2.2,0.0,0.0,-15.92,-15.16,-25.0,-25.32,-23.16,-13.01,-12.91,0.0,1.98,0.71,3,2005,0.0,23.96363636363636,-52.72
2005-06-30,520.52,12.579999999999998,0.4763726955655206,1.0,59.99,18.63,25.24,15.1,0.0,501.89000000000004,32.98,14.42,299.01,698.56,1014.26,202.37,1387.71,454.41,71.01,0.0,555.25,0.0,555.25,264.0,832.46,-30.53,-0.16000000000000014,35.7,6.610000000000001,7.921108903020668,4.79,0.67,-1.52,1.0,-0.66,3.622939711011459,2.7579471848530144,6.042411559541604,5.979730941704034,4.563148978574987,-4.35,-4.32,0.0,1.83,0.57,6,2005,26.407894736842106,26.407894736842106,-40.14
2005-09-30,611.19,44.04,1.6938461538461538,-0.015688259109311778,78.97999999999999,52.2,58.5,16.0,0.0,558.98,48.17,12.64,300.46,658.79,979.36,206.42,1355.03,352.89,85.43,0.0,478.64,0.0,478.64,264.0,876.39,85.55,-6.510000000000002,-80.83000000000001,6.299999999999999,2.3615633514986376,4.82,0.55,0.15,1.0,6.67,13.099076923076924,76.336,20.326153846153847,19.87446153846154,112.92307692307693,0.25,0.25,0.0,2.05,0.67,9,2005,-0.4078947368421062,26.0,3.9
2005-12-31,425.6899999999998,7.1899999999999995,0.27229936880072136,0.015329125338142484,31.470000000000013,13.95,20.730000000000004,15.1,0.0,411.76,13.07,21.04,200.36,674.19,917.05,204.53,1279.09,277.79,67.37,0.0,395.51,0.0,395.51,264.0,883.58,88.38,-2.8599999999999994,-77.12,6.780000000000001,13.862500000000002,4.51,0.45,0.42,1.0,2.38,2.2561947700631197,7.157583408476103,3.2675924256086564,3.24165915238954,10.528908926961225,0.57,0.56,0.0,2.32,0.61,12,2005,0.4047619047619051,26.404761904761905,11.09
2006-03-31,390.6,-5.54,-0.21,0.0,3.75,-1.41,5.17,15.4,0.0,392.01,-16.69,23.75,209.26,593.09,844.48,202.76,1203.08,231.61,54.43,0.0,324.96,0.0,324.96,264.0,878.12,43.88,1.74,-42.9,6.58,-18.3325,4.63,0.37,-0.21,0.0,0.0,-1.84,-0.44,-2.52,-2.56,-0.64,-1.48,-1.42,0.0,2.6,0.77,3,2006,0.0,26.380952380952383,-5.54
2006-06-30,568.27,10.8,0.4106463878326997,0.5,42.45,17.169999999999998,24.08,15.0,0.0,551.1,11.870000000000001,29.17,249.88,590.43,887.17,204.53,1221.06,229.8,76.38,0.0,350.06,0.0,350.06,264.0,871.0,17.619999999999997,8.02,-20.230000000000004,6.91,9.131944444444445,4.55,0.4,0.2,0.5,2.5,3.5315589353612173,9.93764258555133,4.927756653992396,5.092015209125476,14.865399239543727,0.56,0.55,0.0,2.53,0.85,6,2006,13.149999999999999,26.299999999999997,5.26
2006-09-30,628.9399999999999,38.300000000000004,1.450757575757576,0.0018939393939394879,74.13,55.1,62.3,13.6,0.0,573.84,46.19,40.8,272.12,531.64,869.56,205.56,1202.66,125.43,99.8,0.0,293.57,0.0,293.57,264.0,909.09,114.50999999999999,-0.5399999999999991,-102.34,7.200000000000001,2.3429138381201042,3.95,0.32,1.65,0.5,0.3,12.731496786042241,19.48411386593205,16.846372819100093,17.162901744719928,27.397337006427918,2.8,2.74,0.0,2.96,1.15,9,2006,0.05000000000000249,26.400000000000002,43.56
2006-12-31,559.4000000000001,24.75999999999999,0.9386475409836061,-0.0004098360655738,58.000000000000014,35.59,42.67,15.0,0.0,523.81,31.21,15.56,252.0,491.58,801.82,201.07,1133.26,41.43,86.88,0.0,199.41,0.0,199.41,264.0,933.85,82.57,-23.21,-84.59,7.079999999999998,3.9940710823909544,4.24,0.21,2.59,0.5,0.19,8.741381733021075,12.800398126463698,10.611428571428569,10.901358313817328,16.525995316159246,3.24,3.18,0.0,4.02,1.56,12,2006,-0.010810810810811589,26.37837837837838,68.32
2007-03-31,438.24,20.22,0.77,0.0,17.75,29.22,36.55,17.1,0.0,409.02,-2.6,35.94,194.6,679.34,953.36,200.71,1265.36,176.0,82.06,0.0,311.29,0.0,311.29,264.0,954.07,-133.87,-3.65,157.9,7.33,5.5525,4.73,0.33,0.77,0.0,0.0,6.4,9.48,8.48,8.84,12.24,4.99,4.61,0.0,3.06,0.88,3,2007,0.0,26.25974025974026,20.22
2007-06-30,579.54,16.620000000000005,0.6315960912052119,1.5,34.48,28.57,35.519999999999996,18.0,0.0,550.97,9.09,13.42,258.67,642.85,981.76,191.26,1284.26,228.18,84.51,0.0,365.63,0.0,365.63,264.0,918.63,-4.579999999999984,-1.9099999999999997,-10.710000000000008,6.949999999999999,7.126389891696749,5.17,0.4,1.4,1.5,1.07,5.179087947882737,8.319022801302934,7.23628664495114,7.434788273615637,11.35068403908795,3.82,3.62,0.0,2.69,0.93,6,2007,39.471428571428575,26.314285714285717,36.84
2007-09-30,489.1600000000001,-11.230000000000004,-0.4253455681374465,0.004986891281307373,8.5,-12.36,-5.36999999999999,17.3,0.0,501.53,-19.55,12.17,228.33,606.62,870.78,188.46,1170.97,148.09,83.38,0.0,263.58,0.0,263.58,264.0,907.39,35.33999999999999,43.28,-79.87,6.99,-10.17102404274265,5.03,0.29,0.97,1.5,1.55,-3.8412651308082792,-6.717828973057403,-4.946286606794223,-4.946286606794223,-8.787551737602502,1.77,1.7,0.0,3.3,1.0,9,2007,0.1316642120765792,26.4020618556701,25.61
2007-12-31,449.05999999999995,-56.349999999999994,-2.1264150943396225,0.00554366854697531,-18.409999999999997,-64.88,-57.870000000000005,13.5,37.94,513.9300000000001,-36.73,12.48,172.88,519.99,721.96,189.7,1022.24,48.51,95.55,0.0,170.7,0.0,170.7,264.0,851.55,87.21,12.880000000000003,-99.77,7.010000000000002,-1.587460514640639,4.19,0.2,-1.16,1.5,-1.29,-22.070722186076768,-13.19843851659076,-26.470201691607024,-25.223682498373453,-16.71802212101496,-1.63,-1.57,0.0,4.23,1.18,12,2007,0.14690721649484573,26.5,-30.74
2008-03-31,358.17,-10.43,-0.4,0.0,2.95,-9.03,-1.93,12.3,0.0,367.2,-14.24,26.58,147.91,529.81,722.61,185.04,1018.79,56.34,97.96,0.0,177.61,0.0,177.61,264.0,841.18,8.83,-2.02,7.29,7.1,-7.687499999999999,3.86,0.21,-0.4,0.0,0.0,-4.08,-3.16,-4.96,-4.64,-4.28,-2.97,-2.91,0.0,4.07,1.09,3,2008,0.0,26.075,-10.43
2008-06-30,522.0,36.21,1.3764856477889837,1.0,72.61999999999999,46.67,53.88,9.5,0.0,475.32,50.47,52.2,195.13,568.82,835.8,179.78,1125.12,101.45,133.22,0.0,274.11,0.0,274.11,264.0,851.0,10.99,0.43999999999999995,14.190000000000001,7.210000000000001,1.724718309859155,2.95,0.32,0.98,1.0,1.02,12.865927075252133,17.52912335143522,17.023475562451512,16.349278510473233,24.832924747866564,2.94,2.93,0.0,3.05,0.97,6,2008,26.306122448979593,26.306122448979593,25.78
2008-09-30,503.5400000000001,41.480000000000004,1.572613737734166,0.0026670793205775013,75.85,56.959999999999994,64.35,9.95,0.0,446.5899999999999,51.32,69.23,194.01,472.84,758.4,176.45,1042.41,0.0,100.38,0.0,149.89,0.0,149.89,264.0,892.51,119.80000000000001,-3.8200000000000003,-98.89,7.389999999999999,1.5809667309546769,2.94,0.17,2.55,1.0,0.39,15.911150758251562,21.091525423728815,18.600011894142135,18.427332738626227,26.14855783526613,4.9,4.86,0.0,5.06,1.91,9,2008,0.07034813925570305,26.376470588235296,67.26
2008-12-31,475.3799999999999,9.649999999999991,0.3651215706670131,0.0020084590851031496,36.46000000000001,15.25,19.519999999999996,10.0,0.0,460.1300000000001,12.549999999999997,112.1,211.94,506.86,838.97,173.8,1118.55,30.82,137.87,0.0,216.34,0.0,216.34,264.0,902.21,15.579999999999984,-2.08,30.259999999999998,4.27,6.854155440414514,2.93,0.24,2.91,1.0,0.34,3.4529710050708586,5.149343388376019,4.276062930698215,4.401534260824336,6.112963203744631,4.17,4.14,0.0,3.88,1.54,12,2008,0.05308267636951314,26.42955326460481,76.91
2009-03-31,294.14,13.26,0.5,0.0,30.06,16.28,23.1,11.5,0.0,277.86,11.38,127.83,145.87,471.08,753.67,174.91,1034.12,5.78,74.01,0.0,118.62,0.0,118.62,264.0,915.5,48.01,-6.91,-25.35,6.82,5.75,3.32,0.13,0.5,0.0,0.0,5.12,6.36,5.8,6.04,7.119999999999999,4.59,4.51,0.0,6.35,2.38,3,2009,0.0,26.52,13.26
2009-06-30,446.1,18.42,0.6977272727272728,1.5,62.06,30.339999999999996,37.73,12.5,0.0,415.76,45.169999999999995,147.75,217.34,440.14,811.44,172.26,1081.54,29.12,115.14,0.0,187.91,0.0,187.91,264.0,893.63,35.25000000000001,1.13,-16.46,7.390000000000001,4.4802605863192175,3.69,0.21,1.2,1.5,1.25,6.814469696969698,9.837954545454547,8.256439393939393,8.4425,12.140454545454546,4.31,4.28,71.72,4.32,1.98,6,2009,39.6,26.400000000000002,31.68
2009-09-30,397.27,38.809999999999995,1.4700340473826075,4.255922825905601e-05,74.81,54.410000000000004,61.739999999999995,18.5,0.0,342.86,55.53,123.13,202.33,507.25,842.04,180.28,1122.69,23.02,120.62,0.0,190.24,0.0,190.24,264.0,932.45,-4.63000000000001,-13.16,-6.07,7.329999999999998,3.146712831744396,5.24,0.2,2.67,1.5,0.56,13.830432685487303,20.547442190381613,16.649374379344586,17.02376507306001,23.85088948787062,6.24,6.2,132.93,4.43,1.76,9,2009,0.0011235955056108082,26.40074906367041,70.49
2009-12-31,418.5,17.340000000000003,0.6574314015712173,-0.0014430328251587425,44.78,23.560000000000002,30.849999999999994,28.5,0.0,394.94000000000005,25.059999999999988,244.19,173.89,402.64,844.7,176.82,1104.51,4.47,102.61,0.0,154.73,0.0,154.73,264.0,949.78,146.4,-7.509999999999998,-18.910000000000004,7.289999999999999,10.83945790080738,7.92,0.16,3.33,1.5,0.45,6.278173744734147,8.852619833769785,7.304793350791303,7.486426050324492,10.360960947284527,5.68,5.64,153.81,5.46,2.86,12,2009,-0.038060532442550254,26.375375375375373,87.83
2010-03-31,385.92,32.12,1.22,0.0,60.06,44.96,51.73,27.75,0.0,340.96,42.77,201.16,210.18,451.62,889.69,172.3,1144.92,5.74,94.27,0.0,163.02,0.0,163.02,264.0,981.9,-42.2,-1.36,1.31,6.77,5.6875,7.46,0.17,1.22,0.0,0.0,11.24,16.52,13.08,13.56,18.32,8.45,8.32,1498.67,5.46,2.69,3,2010,0.0,26.327868852459016,32.12
2010-06-30,585.94,60.03000000000001,2.273518176885513,2.5,106.44999999999999,80.6,87.14000000000001,27.0,0.0,505.34,81.34,80.45,240.85,621.76,972.09,167.94,1222.15,24.06,151.6,0.0,246.21,0.0,246.21,264.0,975.94,-70.27,-3.3999999999999995,-47.900000000000006,6.540000000000001,2.970352323838081,7.3,0.25,3.49,2.5,0.72,19.647366250678246,28.402691264243085,24.59829408572979,25.692709712425394,33.5360217037439,9.6,9.48,502.24,3.95,1.42,6,2010,66.01002865329514,26.404011461318053,92.15
2010-09-30,640.0500000000001,-15.120000000000005,-0.5731585096715567,-0.0022625427446684022,11.490000000000009,-16.590000000000003,-9.890000000000015,34.0,0.0,656.6400000000001,-15.129999999999995,79.88,246.97,544.45,898.52,178.91,1158.09,19.7,133.92,0.0,197.28,0.0,197.28,264.0,960.81,20.340000000000003,-15.72,-4.209999999999994,6.700000000000001,-14.82521825396825,9.34,0.21,2.92,2.5,0.86,-5.221238478514866,-7.506021030767236,-6.296892119953267,-6.39110995715955,-8.903585615993771,4.82,4.78,236.89,4.55,1.79,9,2010,-0.05968618754171473,26.38013698630137,77.03
2010-12-31,392.6899999999998,-11.010000000000005,-0.41691911541957005,0.002637743647628503,7.0,-15.049999999999997,-8.239999999999995,33.5,0.0,407.73,-13.75,58.24,166.14,584.89,819.14,213.25,1123.26,53.23,94.36,0.0,173.46,0.0,173.46,264.0,949.8,-25.340000000000003,-30.099999999999998,32.81,6.809999999999999,-20.087829246139865,9.31,0.18,2.5,2.5,1.0,-3.9223750378673152,-5.62340502877916,-4.636140563465619,-4.636140563465619,-6.597328082399277,3.32,3.29,151.48,4.72,1.35,12,2010,0.0696575342465735,26.407999999999998,66.02
2011-03-31,402.74,21.84,0.83,1.75,49.55,29.79,36.85,25.0,0.0,372.95,31.0,94.53,191.21,531.41,830.32,206.82,1128.1,32.23,83.85,0.0,155.92,19.34,175.26,264.0,952.84,57.47,-0.12,-21.11,7.06,7.529999999999999,6.93,0.18,0.83,1.75,2.11,7.760000000000001,10.48,9.16,9.04,12.24,5.46,5.42,141.86,5.33,1.92,3,2011,46.04819277108434,26.313253012048193,21.84
2011-06-30,513.87,39.120000000000005,1.4824015748031498,0.005063561331941845,86.08,59.15,66.03,24.5,0.0,454.71999999999997,59.83,66.86,154.39,678.12,929.23,200.32,1203.82,53.58,120.69,0.0,238.08,19.97,258.06,264.0,945.77,-2.8599999999999994,0.6,-25.869999999999997,6.88,4.133343558282208,6.84,0.27,2.31,1.75,0.76,12.988661417322835,18.815590551181103,16.55669291338583,16.27433070866142,23.64141732283465,6.7,6.65,185.29,3.9,1.05,6,2011,0.13362541073384193,26.38961038961039,60.96
2011-09-30,504.30000000000007,23.859999999999992,0.9029780712096201,0.0022561145527428585,70.42000000000002,40.140000000000015,46.68000000000001,22.5,0.0,464.15999999999997,39.63000000000001,48.66,123.64,775.36,976.79,195.03,1247.2,85.2,116.23,0.0,257.01,20.56,277.57,264.0,969.63,-44.85,-1.81,28.58,6.540000000000001,6.2299685666387274,6.13,0.29,3.21,1.75,0.55,7.651402970997403,12.0734638057062,9.845555293562837,9.890563546333409,14.672690403206788,6.02,5.97,140.3,3.8,0.78,9,2011,0.05961483998867578,26.42367601246106,84.82
2011-12-31,356.8599999999999,-3.0,-0.11366414079687119,-0.0019975845465809825,14.97999999999999,-3.430000000000007,2.6999999999999886,23.6,0.0,360.28999999999996,-4.910000000000011,34.4,80.97,746.88,888.83,195.06,1159.31,28.14,109.65,0.0,171.53,21.15,192.68,264.0,966.63,38.71,-3.8200000000000003,-49.07,6.129999999999999,-51.88751666666666,6.45,0.2,3.1,1.75,0.56,-1.0354436568076264,-1.61476411635297,-1.240772427279394,-1.2525054998777805,-1.865558543143486,4.65,4.6,97.4,5.18,0.83,12,2011,-0.052723344387501925,26.39354838709677,81.82
2012-03-31,369.06,8.93,0.34,2.0,32.1,14.62,20.95,23.6,0.0,354.44,13.3,28.62,138.22,766.19,953.26,189.72,1241.83,110.49,85.43,0.0,244.48,21.79,266.27,264.0,975.56,-65.35,-20.62,79.64,6.33,17.3525,6.39,0.27,0.34,2.0,5.88,2.88,4.92,3.68,3.7200000000000006,5.88,2.49,2.42,26.58,3.9,0.77,3,2012,52.52941176470588,26.26470588235294,8.93
2012-06-30,603.6500000000001,2.210000000000001,0.08332136445242372,0.01953743795543385,51.559999999999995,10.070000000000002,16.529999999999998,23.2,14.66,593.5799999999999,16.27,94.99,112.98,609.94,824.38,185.3,1108.19,15.88,105.78,0.0,160.79,22.43,183.22,264.0,924.97,195.09,15.96,-146.88,6.459999999999999,69.61239819004523,6.62,0.2,0.42,2.0,4.76,0.8014721723518854,1.6981687612208265,0.9522441651705569,0.9443087971274688,2.071131059245961,1.16,1.15,24.94,5.13,1.33,6,2012,0.5182072829131741,26.523809523809526,11.14
2012-09-30,368.8499999999999,23.57,0.8895620858542207,-0.0020853054560920803,42.61,29.279999999999998,36.21,23.6,14.66,339.55999999999995,14.299999999999997,25.79,106.23,730.15,870.54,184.32,1152.88,30.83,108.79,0.0,181.26,23.07,204.33,264.0,948.54,-80.03,-4.02,15.369999999999997,6.93,6.634219346627068,6.57,0.22,1.31,2.0,1.53,8.175822529530395,12.222990492653413,9.941365600691443,9.832716796312303,15.075021607605878,2.65,2.59,45.74,4.8,0.77,9,2012,-0.05525263540531,26.49618320610687,34.71
2012-12-31,439.8700000000001,7.990000000000002,0.3031334894613584,-0.010483222196399487,29.049999999999997,10.680000000000007,17.5,24.0,14.66,429.20000000000005,-1.8499999999999943,106.97,110.78,610.44,858.35,141.4,1126.77,0.0,139.63,0.0,146.53,23.71,170.24,264.0,956.53,142.97,-30.479999999999997,-31.43,6.82,19.78682728410513,6.62,0.18,1.62,2.0,1.23,2.836730679156909,4.236384074941453,3.3382107728337242,3.323241217798596,4.9399531615925065,2.46,2.4,52.14,5.86,1.69,12,2012,-0.2763170294976902,26.358024691358025,42.7
2013-03-31,394.49,12.63,0.48,1.75,49.47,19.64,25.84,24.0,0.0,374.85,16.91,95.81,139.56,646.24,911.73,135.23,1187.8,0.0,166.29,0.0,176.7,24.4,201.1,264.0,986.7,-11.29,0.31,-0.91,6.2,12.5,6.42,0.2,0.48,1.75,3.65,4.24,6.480000000000001,5.12,5.16,7.759999999999999,3.24,3.2,327.33,5.16,1.5,3,2013,46.04687500000001,26.312500000000004,12.63
2013-06-30,608.74,30.07,1.1408290398126464,0.003022540983606334,75.78,38.82,45.739999999999995,23.9,0.0,569.92,38.709999999999994,58.32,125.38,765.55,979.38,130.67,1251.42,51.66,192.39,0.0,255.77,25.09,280.85,264.0,970.57,-38.89,0.81,3.39,6.919999999999999,5.23632357831726,6.5,0.29,1.62,1.75,1.08,9.605498829039812,13.971634660421545,12.394192037470727,12.704046838407493,16.534978922716626,4.28,4.26,278.38,3.83,0.84,6,2013,0.07966820987653733,26.358024691358025,42.7
2013-09-30,441.78999999999996,19.309999999999995,0.7317932591517496,0.0019371626639269415,55.620000000000005,25.410000000000004,29.019999999999996,24.7,0.0,416.3900000000001,24.04,118.31,109.33,737.83,965.61,133.15,1253.25,86.84,141.7,1.64,236.17,27.2,263.37,264.0,989.88,9.170000000000002,12.530000000000001,37.650000000000006,3.610000000000001,8.437663127913,6.59,0.27,2.35,1.75,0.74,6.165747460087082,8.681870666021608,7.797490727302046,7.971875503950975,10.276245766811801,4.31,4.29,152.49,4.09,0.96,9,2013,0.05111636459153601,26.38723404255319,62.01
2013-12-31,401.77,3.8900000000000077,0.1475720789074358,-0.0018080263455264752,32.97,6.269999999999996,11.210000000000008,27.0,0.0,395.49,3.4399999999999977,77.42,94.12,754.42,936.09,128.14,1274.18,98.21,146.09,1.66,252.95,27.46,280.41,264.0,993.77,14.689999999999998,-65.69,7.119999999999997,4.940000000000001,45.740359897172155,7.17,0.28,2.5,1.75,0.7,1.220716236722309,1.7732261001517484,1.565444613050079,1.5961396054628254,2.084898330804253,3.59,3.57,112.68,3.7,0.72,12,2013,-0.04765957446807789,26.360000000000003,65.9
2014-03-31,478.83,15.64,0.59,2.0,45.35,21.22,27.42,25.0,0.0,457.61,15.73,65.73,154.74,943.92,1174.54,129.96,1508.47,196.51,260.85,1.68,470.13,33.61,503.74,264.0,1004.72,-110.45,0.33,98.27,6.2,10.5925,6.57,0.5,0.59,2.0,3.39,4.16,6.28,6.24,6.28,8.16,3.31,3.27,32.65,2.5,0.49,3,2014,53.01694915254238,26.50847457627119,15.64
2014-06-30,719.6500000000001,35.75,1.3565382370110914,-0.01173478979290978,74.99000000000001,46.93000000000001,51.31999999999999,28.0,0.0,672.7199999999999,40.86,22.75,133.3,1030.58,1196.76,127.76,1529.43,191.1,301.49,1.7,507.87,33.89,541.76,264.0,987.67,8.400000000000006,-3.79,-47.419999999999995,4.39,5.160562237762237,7.48,0.55,1.95,2.0,1.03,9.349678925861063,13.634948433547383,14.469741194784978,14.60887332165791,18.560225724849193,4.33,4.29,32.15,2.36,0.33,6,2014,-0.30925684485006855,26.353846153846156,51.39
2014-09-30,586.3699999999999,20.310000000000002,0.7704769874476989,0.000489217895075398,59.00999999999999,27.419999999999987,31.820000000000007,32.5,0.0,558.95,27.950000000000003,46.67,160.64,1019.91,1255.32,128.14,1572.51,261.88,257.15,2.9,528.65,35.87,564.52,264.0,1007.98,-24.200000000000003,-8.18,55.449999999999996,4.4,10.546713441654356,8.51,0.56,2.72,2.0,0.74,5.166728033472804,7.659447698744771,8.056016736401675,8.135330543933055,10.378778242677823,4.06,4.02,17.9,2.37,0.45,9,2014,0.012895927601803692,26.360294117647058,71.7
2014-12-31,525.5799999999999,17.25999999999999,0.6538466726618702,0.002828435780787078,54.670000000000016,23.480000000000004,29.329999999999984,31.25,0.0,502.10000000000014,22.819999999999993,69.17,118.92,967.65,1155.86,124.26,1471.5,169.94,226.51,2.49,410.06,36.2,446.26,264.0,1025.24,93.25999999999999,24.87,-95.16,5.85,11.944658169177295,8.05,0.44,3.37,2.0,0.59,4.695278776978415,6.728606115107911,6.736366906474817,6.837257194244601,8.707607913669062,3.89,3.85,16.33,2.82,0.46,12,2014,0.07466399022516867,26.397626112759642,88.96
2015-03-31,632.4,36.7,1.39,2.5000000000000004,75.78,47.96,54.59,32.5,0.0,584.45,40.3,100.33,165.07,1183.95,1449.47,124.91,1766.03,328.6,315.91,2.08,667.58,36.51,704.09,264.0,1061.94,-135.81,-4.75,170.05,6.63,5.845,8.08,0.66,1.39,2.5,1.8,8.32,11.72,13.84,14.2,17.48,5.87,5.8,40.64,2.17,0.4,3,2015,66.00719424460434,26.40287769784173,36.7
2015-06-30,666.8100000000001,17.439999999999998,0.6603620243812337,0.0006511229878301758,65.08000000000001,24.68,29.50999999999999,40.25,0.0,642.1099999999999,27.810000000000002,28.43,176.55,1106.47,1311.54,134.53,1638.55,305.21,262.99,2.25,586.51,38.65,625.17,264.0,1013.38,33.230000000000004,-9.99,-93.84000000000002,4.830000000000001,15.234635894495414,10.49,0.62,2.05,2.5,1.22,4.252087181381603,5.914266715921683,6.880650166235684,6.970845954931658,8.890727742888807,4.19,4.17,27.31,2.24,0.35,6,2015,0.01719599929811011,26.40975609756098,54.14
2015-09-30,526.6399999999999,1.6400000000000006,0.06203657224811762,0.0024836246928260247,68.38,5.650000000000006,11.280000000000001,36.0,0.0,521.0,30.769999999999996,28.11,163.37,1241.36,1432.94,143.5,1762.46,508.3,198.14,2.0,708.44,38.99,747.43,264.0,1015.02,-176.09000000000003,-6.880000000000001,182.66000000000003,5.629999999999999,145.0620121951219,9.36,0.74,2.11,2.5,1.18,0.371631409107207,0.5527429186088205,0.6468268196486198,0.6480028684116172,0.8738042309071354,3.07,3.06,11.03,2.02,0.27,9,2015,0.06565714946248136,26.436018957345972,55.78
2015-12-31,497.1700000000001,-20.61,-0.7793943702018766,0.0007175708508573902,11.259999999999991,-21.520000000000003,-16.08999999999999,36.25,0.0,518.7000000000003,-25.94999999999999,19.02,133.18,1044.79,1197.1,147.95,1543.82,376.63,129.26,2.18,508.07,41.34,549.41,264.0,994.41,150.11,-26.74,-132.39,5.43,-11.629478408539546,9.62,0.55,1.33,2.5,1.88,-5.344418538527153,-8.83704293431902,-8.297912994029002,-8.157270400909866,-12.845356838214387,1.52,1.51,5.22,2.36,0.3,12,2015,0.018975163026055952,26.44360902255639,35.17
2016-03-31,532.11,-39.07,-1.48,1.5,-3.57,-45.34,-39.62,33.75,0.0,577.45,-46.67,51.48,188.89,944.17,1204.66,146.29,1558.94,357.32,202.67,1.81,561.81,41.8,603.6,264.0,955.34,76.14,-22.14,-21.36,5.72,-5.7,9.33,0.63,-1.48,1.5,-1.01,-10.04,-10.92,-16.36,-15.479999999999999,-18.2,-7.36,-7.34,-14.72,2.14,0.46,3,2016,39.597972972972975,26.39864864864865,-39.07
2016-06-30,568.13,18.6,0.7087445041524183,-0.00886267312745103,65.75,27.150000000000002,33.169999999999995,32.0,0.0,540.98,27.75,66.3,174.06,957.67,1218.21,143.63,1561.57,442.0,141.23,1.76,584.99,42.29,627.28,264.0,934.29,-29.380000000000003,0.41000000000000014,43.84,6.0200000000000005,11.288764784946235,9.04,0.67,-0.78,1.5,-1.92,4.761309233023939,4.14342940889106,7.959745969711774,7.632633121641428,6.760332193453836,-1.87,-1.86,-3.06,2.08,0.45,6,2016,-0.23258835758836227,26.24358974358974,-20.47
2016-09-30,385.3299999999999,-0.8000000000000007,-0.030465444287729227,0.0008950851687099555,40.6,3.860000000000001,9.780000000000001,32.25,0.0,381.47,5.490000000000002,74.42,130.15,1002.55,1227.26,143.99,1560.78,420.42,163.62,1.51,585.55,37.86,623.41,264.0,937.38,40.03000000000001,-3.09,-29.060000000000002,5.92,-264.61209374999976,9.08,0.67,-0.81,1.5,-1.85,-0.2046074283027741,-0.129384109073813,-0.34151386929948313,-0.3279736718382702,-0.22115655853314548,-1.44,-1.43,-1.86,2.1,0.38,9,2016,0.023504273504272533,26.259259259259256,-21.27
2016-12-31,293.76,-35.209999999999994,-1.3340899433427762,0.007573969153289133,0.1599999999999966,-38.83,-33.07,32.0,0.0,332.5899999999999,-31.03,10.95,82.67,1065.22,1182.96,140.13,1514.11,464.98,107.13,1.53,573.64,38.3,611.94,264.0,902.17,-100.14,-3.0700000000000003,39.67,5.760000000000002,-5.99528543027549,9.36,0.68,-2.14,1.5,-0.7,-9.301225212464589,-8.677818696883852,-15.61009915014164,-14.862011331444757,-14.088987252124644,-3.19,-3.17,-5.22,2.06,0.21,12,2016,0.19989615784007952,26.392523364485978,-56.48
2017-03-31,570.22,47.34,1.79,0.0,108.92,62.58,76.04,34.25,0.0,507.64,32.91,88.13,218.27,1253.74,1560.24,330.63,2131.46,551.46,278.7,3.02,855.52,57.8,913.32,264.0,1218.15,94.87,-13.74,-44.15,13.46,4.7825,7.42,0.75,1.79,0.0,0.0,8.88,13.56,15.560000000000002,17.44,19.6,8.76,8.3,12.75,1.82,0.36,3,2017,0.0,26.446927374301676,47.34
2017-06-30,670.8699999999999,20.03,0.4786744841917768,0.0,108.11,37.82000000000001,52.58999999999999,50.25,0.0,633.0500000000001,28.120000000000005,92.83,303.63,1308.02,1704.59,331.4,2237.78,657.69,277.92,1.51,944.11,55.39,999.5,418.9,1238.27,-83.09,-10.799999999999999,98.33,14.77,26.243356215676485,17.0,0.81,1.61,0.0,0.0,3.579652664390678,6.291150363663352,6.469538370194449,7.373370936618674,9.22860620454208,5.67,5.43,10.72,1.81,0.42,6,2017,0.0,41.84472049689441,67.37
2017-09-30,582.1400000000001,-17.810000000000002,-0.424047619047619,0.0,34.94999999999999,-23.89,-9.009999999999991,37.25,0.0,606.03,-52.77,102.95,272.03,1210.47,1585.65,368.16,2140.46,573.76,284.25,2.6,860.61,59.39,920.0,418.9,1220.46,113.28999999999999,-10.189999999999998,-92.95,14.879999999999999,-21.962509825940483,12.79,0.75,1.18,0.0,0.0,-3.3348829701372074,-5.936666666666667,-5.8360451977401135,-6.5978934624697345,-8.595948345439872,2.85,2.72,5.64,1.84,0.44,9,2017,0.0,42.00000000000001,49.56
