,revenue,net_profit,eps,dps,gross_profit,ebit,ebitda,close_price,allowance_doubtful_accounts,expense,operating_profit,cash,account_receivable,inventory,current_asset,property_plant_equipment,total_asset,short_term_loan,account_payable,current_portion_long_term_debt,current_liability,non_current_liability,total_liability,paid_in_capital,total_equity,cash_flow_operation,cash_flow_investment,cash_flow_financing,depreciation,P/E,P/BV,D/E,EPS,DPS,DPR%,ROA%,ROAA%,ROE%,ROAE%,ROCE%,NPM%,NPMA%,CurrentRatio,QuickRatio,month,year,dividend,number_of_shares,return_old
2000-03-31,285.76,24.43,0.28,0.0,-40.16,16.46,68.66,13.63,0.0,269.3,-68.14,213.77,240.7,473.81,990.32,1327.83,2934.87,487.99,94.98,0.0,859.24,0.0,859.24,890.5,2002.74,-19.78,73.69,59.46,52.2,12.165,6.06,0.43,0.28,0.0,0.0,3.3200000000000003,0.0,4.88,0.0,3.1600000000000006,12.15,8.55,1.15,0.6,3,2000,0.0,87.24999999999999,24.43
2000-06-30,405.45000000000005,-35.6,-0.4143240823634736,0.0,39.68,-46.57,0.5200000000000102,10.75,0.0,452.00999999999993,14.700000000000003,76.28,461.49,485.38,1091.35,1281.35,2984.66,436.46,225.52,0.0,960.5,0.0,960.5,890.5,1951.61,-51.97,-12.079999999999998,-73.44,47.09,-6.486287219101123,4.91,0.49,-0.13,0.0,0.0,-4.716920322291854,0.0,-7.266606982990152,0.0,-18.99516562220233,-1.77,-1.62,1.14,0.63,6,2000,0.0,85.92307692307692,-11.17
2000-09-30,391.95000000000005,-53.55,-0.6040095797280594,0.0,20.47,-29.18,20.629999999999995,7.5,0.0,421.1400000000001,1.8699999999999974,167.0,360.63,440.24,1030.78,1233.18,2926.84,375.12,136.36,0.0,945.45,0.0,945.45,890.5,1910.97,185.82,-26.08,-69.03,49.80999999999999,-3.1030550887021477,3.49,0.49,-0.73,0.0,0.0,-7.314307787391842,0.0,-11.219684796044499,0.0,-9.895828182941903,-6.48,-5.98,1.09,0.62,9,2000,0.0,88.65753424657534,-64.72
2000-12-31,447.17999999999984,-8.700000000000003,-0.09716698447289569,0.0,45.05000000000001,8.130000000000003,57.09,5.88,0.0,439.04999999999995,23.59,224.45,421.4,342.94,1062.45,1191.98,2927.46,408.1,92.73,0.0,950.81,0.0,950.81,890.5,1906.46,-77.03999999999999,-14.5,148.99,48.96000000000001,-15.105954022988502,2.74,0.5,-0.82,0.0,0.0,-1.1897030781803326,0.0,-1.8248433669299924,0.0,-1.2276219013892675,-5.09,-4.8,1.12,0.76,12,2000,0.0,89.53658536585367,-73.42
2001-03-31,258.5,-42.25,-0.4799999999999999,0.0,31.22,-28.72,17.93,5.25,0.0,287.22,4.74,300.91,334.93,368.96,1082.9,1145.85,2627.41,398.24,136.67,0.0,966.24,0.0,966.24,890.5,1600.26,121.44,-1.95,-43.03,46.65,-2.735,2.92,0.6,-0.48,0.0,0.0,-6.44,-4.12,-10.56,-9.4,-6.92,-16.24,-16.34,1.12,0.74,3,2001,0.0,88.02083333333334,-42.25
2001-06-30,399.57000000000005,2.049999999999997,0.022947761194029817,0.0,63.64,16.54,63.48,6.5,0.0,383.03,25.310000000000002,175.55,427.72,345.64,1019.04,1099.85,2514.85,360.86,189.86,0.0,844.99,0.0,844.99,890.55,1604.95,50.75999999999999,-0.34999999999999987,-175.77,46.940000000000005,70.79121951219523,3.61,0.53,-0.45,0.0,0.0,0.32636815920397966,0.08975124378109439,0.5099502487562182,0.46099502487562116,0.1489054726368157,-6.1,-6.11,1.21,0.8,6,2001,0.0,89.33333333333334,-40.2
2001-09-30,504.28999999999985,32.24,0.3645226130653267,0.0,51.239999999999995,40.89,88.13,5.0,0.0,463.4000000000001,24.779999999999998,295.51,479.69,304.89,1154.62,1054.2,2618.7,376.27,229.7,0.0,920.47,0.0,920.47,890.57,1632.32,104.07,-21.98,37.870000000000005,47.24000000000001,3.4294168734491315,2.73,0.56,-0.09,0.0,0.0,4.860301507537688,-16.849045226130656,7.938492462311558,7.290452261306533,-27.379698492462314,-0.69,-0.68,1.25,0.92,9,2001,0.0,88.44444444444444,-7.96
2001-12-31,609.3800000000001,147.17000000000002,0.824600244235328,0.0,170.85,152.92,199.33,6.65,0.0,456.4599999999998,137.89,126.76,495.06,328.18,1030.38,1008.15,2458.32,317.07,107.51,0.0,481.65,133.2,614.85,890.58,1778.57,-6.7999999999999545,0.7600000000000016,-162.70999999999998,46.41,2.0171592376163616,3.33,0.35,0.78,0.0,0.0,23.934550678830547,28.501567416133902,33.110871345449326,31.96911716112348,38.86192945909059,7.93,7.86,2.14,1.46,12,2001,0.0,178.47435897435898,139.21
2002-03-31,628.81,21.88,0.11999999999999998,0.0,132.01,30.18,74.03,8.45,0.0,598.63,26.45,132.53,626.91,405.39,1245.66,967.05,2611.21,348.3,200.39,0.0,612.1,133.2,745.3,893.88,1799.34,9.48,-42.17,38.46,43.85,17.605,4.2,0.41,0.12,0.0,0.0,3.36,4.6,4.88,5.16,6.039999999999999,3.5,3.48,2.04,1.37,3,2002,0.0,182.33333333333334,21.88
2002-06-30,638.5800000000002,91.98,0.5170138766906728,0.0,169.40000000000003,105.41,149.57,8.05,0.0,533.17,89.67999999999999,314.94,420.68,285.94,1104.1,930.71,2395.04,206.11,34.69,0.0,307.55,133.2,440.75,894.87,1880.73,342.32,-23.75,-136.16,44.160000000000004,3.8931256794955424,3.83,0.23,0.64,0.0,0.0,15.348849464254348,17.83697874582821,19.549587212366063,21.100628842438084,21.00368874055858,9.18,8.98,3.59,2.66,6,2002,0.0,177.90625,113.86
2002-09-30,1191.34,109.98,0.4815064331665475,0.0,295.58,155.48,233.77,7.7,0.0,1035.86,198.42000000000002,464.08,1267.32,778.5,2674.63,1860.94,5063.26,696.3,142.63,27.18,1172.94,518.52,1691.46,1781.78,3203.8,72.97999999999996,87.22,-11.060000000000002,78.29,3.999323513366067,4.28,0.53,0.98,0.0,0.0,8.686769120800571,14.8972194424589,13.737673338098643,18.198977841315227,14.700686204431737,9.11,9.1,2.28,1.62,9,2002,0.0,228.40816326530614,223.84
2002-12-31,1122.9,76.96000000000001,0.2967872340425532,0.0,276.43999999999994,120.53000000000003,194.55999999999995,7.7,0.0,1002.3700000000003,121.88,320.82,1303.74,989.35,2754.07,1816.66,5087.14,833.68,95.04,25.01,1247.25,381.07,1628.33,1781.78,3286.11,-97.38999999999999,-78.3,32.44000000000001,74.03,6.488149688149687,4.18,0.5,1.16,0.0,0.0,6.048319148936171,11.165340425531916,9.364148936170213,12.15804255319149,10.970893617021279,8.37,8.4,2.21,1.41,12,2002,0.0,259.3103448275862,300.8
2003-03-31,1054.97,102.41,0.29,0.0,218.27,154.83,226.5,7.7,0.0,900.14,143.05,397.46,1310.26,1077.82,2917.16,1786.56,5186.39,755.81,115.0,15.54,1225.88,378.49,1604.36,1781.82,3409.58,147.36,-12.37,-58.34,71.67,6.637499999999999,4.02,0.47,0.29,0.0,0.0,7.88,15.88,12.0,15.719999999999999,15.64,9.86,9.71,2.38,1.5,3,2003,0.0,353.1379310344828,102.41
2003-06-30,1106.84,82.74000000000001,0.23237807183364842,0.4,174.74999999999997,131.00999999999996,204.58999999999997,8.4,0.0,975.83,74.20999999999998,450.45,1069.29,1030.27,2647.63,1737.15,4858.46,607.48,90.53,0.0,998.83,328.52,1327.34,1802.63,3352.28,336.18,58.5,-341.70000000000005,73.58,9.034845600676817,4.52,0.4,0.52,0.4,0.77,6.810465028355388,14.085686200378072,9.867130434782608,12.65566729678639,13.24555009451796,8.96,8.56,2.65,1.62,6,2003,142.42307692307693,356.0576923076923,185.15
2003-09-30,1156.5,71.91999999999999,0.20143307270393274,0.0011023636184098698,104.54000000000002,99.96000000000004,181.19,13.1,0.0,1056.5400000000002,45.43000000000001,540.06,1123.57,910.45,2687.74,1677.14,4872.08,624.38,92.2,0.0,962.58,312.75,1275.34,1805.59,3446.32,126.34999999999997,-70.71000000000001,33.97000000000003,81.22999999999999,16.254530380978867,6.86,0.37,0.72,0.4,0.56,5.908703465982028,8.695194305053096,8.34828179095188,8.650431400007779,11.045246819932313,8.28,7.75,2.79,1.85,9,2003,0.3935897435897573,357.0416666666667,257.07
2003-12-31,1292.0300000000002,101.48000000000002,0.28019857760423933,0.005665876446799609,246.04000000000002,171.86999999999995,241.35000000000002,10.1,0.0,1120.1499999999996,136.49,689.31,1198.74,838.26,2804.21,1629.33,4953.13,581.84,83.93,0.0,933.92,310.12,1244.04,1836.5,3548.04,234.5,-48.58,-36.68000000000001,69.47999999999999,9.009681710681907,5.23,0.35,0.99,0.4,0.4,8.196515967089669,12.577802816901409,11.445687351833776,11.875891228559476,15.713762655138757,8.21,7.78,3.0,2.11,12,2003,2.052020202020202,362.1717171717172,358.55
2004-03-31,1204.37,31.29,0.09,0.0,113.48,51.74,112.11,11.0,0.0,1152.62,44.57,497.35,1313.18,1032.06,3344.79,1586.57,5497.05,911.46,188.96,0.0,1438.3,310.37,1748.67,1839.42,3608.19,-71.45,-165.86,354.03,60.37,30.555,5.61,0.48,0.09,0.0,0.0,2.28,3.88,3.48,3.56,5.08,2.62,2.6,2.33,1.61,3,2004,0.0,347.6666666666667,31.29
2004-06-30,1417.5100000000002,13.920000000000002,0.03694757796947579,0.6,166.03999999999996,35.190000000000005,96.17999999999999,8.8,0.0,1382.3400000000001,81.35,659.08,1447.92,1204.04,3524.4,1555.66,5682.75,1527.85,123.77,0.0,1895.72,242.56,2138.29,1870.27,3401.01,-413.09000000000003,296.67,278.1600000000001,60.99,59.54111530172413,4.84,0.63,0.12,0.6,5.0,0.9852687458526876,2.032116788321168,1.638009289980093,1.6503251493032516,2.8326476443264763,1.74,1.72,1.86,1.22,6,2004,226.04999999999998,376.75,45.21
2004-09-30,1745.1899999999996,91.65,0.24777509864094693,-0.01112450679526517,239.34000000000003,145.82,206.23999999999998,7.1,0.0,1599.3599999999997,164.69,646.54,1849.98,1252.98,4097.96,1514.01,6209.68,1770.68,233.86,0.0,2291.24,245.41,2536.65,1870.28,3526.33,-148.21999999999997,-141.08,276.75,60.42,7.164057283142391,3.77,0.72,0.37,0.6,1.62,5.8930293730819825,11.25032880315651,10.393160894344586,10.52709338009645,15.911179307321351,3.15,3.13,1.79,1.24,9,2004,-4.114864864864842,369.89189189189193,136.86
2004-12-31,1733.9300000000003,152.33999999999997,0.40560788381742735,0.009093865649882226,254.72000000000003,226.52999999999997,287.74,8.3,0.0,1507.4000000000005,137.39,363.93,1751.2,1492.74,3941.02,1476.7,6087.24,1504.12,171.86,0.0,2005.38,231.3,2236.67,1898.24,3726.02,38.950000000000045,-117.85000000000001,-203.71000000000004,61.21000000000001,5.116148089799133,4.23,0.6,0.77,0.6,0.78,10.00850622406639,17.530688796680497,16.350738589211616,16.751078838174273,23.704356846473026,4.78,4.74,1.97,1.22,12,2004,3.4155142155142073,375.5844155844156,289.2
2005-03-31,1686.59,115.5,0.3,0.0,246.53,169.47,230.06,8.4,0.0,1517.12,165.09,836.75,1793.82,1432.97,4190.37,1441.84,6296.47,1521.05,217.02,0.0,2106.88,231.6,2338.48,1898.74,3840.97,328.26,152.86,-8.31,60.59,7.0,4.15,0.61,0.3,0.0,0.0,7.32,11.48,12.04,12.4,16.2,6.89,6.85,1.99,1.31,3,2005,0.0,385.0,115.5
2005-06-30,1616.24,4.8700000000000045,0.012946747528453945,0.6,238.16,37.400000000000006,99.94,8.2,0.0,1578.8400000000001,120.89000000000001,591.13,1877.39,1456.5,4042.56,1393.34,6086.7,1654.77,161.62,0.0,2086.45,244.31,2330.76,1911.67,3632.24,-96.12,4.319999999999993,-153.8,62.53999999999999,158.37182238193003,4.32,0.64,0.32,0.6,1.88,0.32043200132923516,0.5696568912519736,0.535671678989782,0.5534734568414061,0.8366835590263363,3.67,3.64,1.94,1.24,6,2005,225.69375,376.15625,120.37
2005-09-30,1769.3100000000004,121.72999999999999,0.3167695167286245,0.012692843866170976,229.21999999999997,184.61,241.37,7.3,0.0,1584.6999999999998,158.95,831.02,1964.04,1568.48,4447.76,1372.98,6452.15,1871.18,208.69,0.0,2340.13,242.53,2582.66,1911.94,3751.76,-101.72999999999999,65.76999999999998,275.84000000000003,56.75999999999999,5.762628357841124,3.72,0.69,0.63,0.6,0.95,7.542131350681537,12.42943246592317,12.972465923172242,13.374712928541925,19.14695745559686,4.8,4.77,1.9,1.23,9,2005,4.877678571428561,384.2857142857143,242.1
2005-12-31,2019.5499999999993,85.67999999999998,0.2247995606809445,-0.004952799351481402,225.93000000000006,155.64999999999998,211.88,7.2,0.0,1863.9000000000005,146.86999999999995,836.74,1945.25,1582.98,4449.44,1339.46,6411.58,1772.02,148.54,0.0,2227.0,242.93,2469.93,1912.47,3828.32,151.39000000000001,-96.14999999999999,-49.510000000000005,56.23000000000002,8.00513130252101,3.6,0.65,0.86,0.6,0.7,5.342910488742448,9.148819330038439,8.950159253157604,9.075628775398132,13.665722130697416,4.65,4.62,2.0,1.29,12,2005,-1.887707641196016,381.1395348837209,327.78
2006-03-31,2055.18,187.1,0.49,0.0,317.71,279.85,341.17,7.35,0.0,1775.34,195.08,714.37,2178.75,1825.88,4795.17,1316.5,6708.88,1773.45,261.17,0.0,2315.02,298.85,2613.87,1921.99,3989.36,-58.14,-27.98,-10.79,61.32,3.75,3.54,0.66,0.49,0.0,0.0,11.16,17.2,18.76,19.12,25.480000000000004,9.5,9.1,2.07,1.28,3,2006,0.0,381.83673469387753,187.1
2006-06-30,2437.0800000000004,87.72,0.22662542755257986,0.6,327.83,181.95999999999998,232.73999999999995,7.2,0.0,2255.1099999999997,196.02,399.45,2595.46,2592.15,5766.41,1294.37,7659.6,2973.08,227.29,0.0,3441.41,198.74,3640.15,1989.53,3890.19,-1156.05,-44.2,890.18,50.779999999999994,7.941959644322846,3.68,0.94,0.71,0.6,0.85,4.583579069936685,8.579847172694855,9.013946583218107,9.33313732624991,13.980554544792955,6.29,6.12,1.68,0.92,6,2006,232.24225352112674,387.07042253521126,274.82
2006-09-30,2823.9299999999994,185.55,0.471563090557595,0.009771625823319774,404.95000000000005,362.42,383.71000000000004,7.45,0.0,2461.5,360.05999999999995,438.75,3037.1,3346.43,6951.09,1253.03,8714.36,3738.69,360.88,0.0,4435.93,159.47,4595.39,1989.53,3984.35,-672.4099999999999,-2.719999999999999,787.5100000000001,21.289999999999992,3.9511680140123953,3.72,1.15,1.17,0.6,0.51,8.512318352629407,17.524412972174556,18.62069639637683,19.184959923539765,31.05061580902318,6.5,6.29,1.57,0.81,9,2006,3.844925966052756,393.4786324786325,460.37
2006-12-31,2594.87,62.72000000000003,0.15947083675849288,-0.0002713657648755116,193.87999999999988,157.30999999999995,230.7399999999999,9.15,0.0,2437.5700000000006,117.51999999999998,521.84,2894.53,2856.57,6384.47,1498.15,8390.76,3159.45,349.46,0.0,3910.84,37.04,3947.88,1989.53,4300.94,791.7199999999998,-75.00999999999999,-639.5900000000001,73.43,14.344942602040812,4.23,0.92,1.33,0.6,0.45,2.987979888738077,6.359649008774783,5.832076315739167,6.172600508516701,10.508288822191215,5.43,5.28,1.63,0.9,12,2006,-0.1067283593599484,393.30075187969925,523.09
2007-03-31,2107.86,-2.15,-0.01,0.7,122.31,90.2,141.89,8.05,12.9,2017.66,57.06,497.27,2563.57,2366.07,5535.03,1451.9,7498.95,2361.87,200.44,0.0,3031.77,35.63,3067.4,1989.53,4293.98,750.25,-15.59,-756.48,51.69,-201.25,3.73,0.71,-0.01,0.7,-70.0,-0.12,5.08,-0.2,-0.2,8.08,-0.1,-0.1,1.83,1.05,3,2007,150.5,215.0,-2.15
2007-06-30,2602.2099999999996,1.73,0.04119047619047619,-2.8833333333333333,153.87,73.48,125.17000000000002,7.95,1.88,2528.7300000000005,40.28999999999999,457.71,3026.05,2265.32,5871.26,1406.76,7796.6,3018.12,208.94,0.0,3628.22,34.81,3663.03,1989.53,4018.23,-490.08,-10.07,474.35,51.69,48.251445086705196,3.94,0.91,-0.01,0.7,-70.0,0.16476190476190478,-34.929523809523815,0.16476190476190478,0.16476190476190478,-64.75142857142858,-0.01,-0.01,1.62,0.99,6,2007,-121.1,42.0,-0.42
2007-09-30,2609.7700000000004,131.39999999999998,0.33105817682088867,0.625927622537792,272.84,250.45999999999998,302.21999999999997,7.3,7.06,2359.3099999999995,209.51000000000002,573.84,3134.58,2510.79,6323.16,1089.55,7954.81,3360.27,254.4,0.0,3926.48,33.2,3959.68,1989.53,3873.62,-85.76000000000002,-26.569999999999997,214.32999999999998,51.75999999999999,5.512324200913243,3.75,1.02,0.33,0.7,2.12,6.621163536417773,19.943747136967474,13.563353183692165,13.362711864406778,41.251855245075575,1.83,1.79,1.61,0.97,9,2007,248.4363636363636,396.9090909090909,130.98
2007-12-31,2784.9500000000007,58.51000000000002,0.14821257058419973,-0.003791516942606645,175.03999999999996,140.45000000000005,192.95000000000005,7.45,12.33,2644.500000000001,98.69999999999999,469.34,3327.67,2097.91,6040.11,1048.1,7672.39,2890.19,388.87,0.0,3611.52,11.92,3623.44,1989.53,3934.43,523.9,-124.5,-506.05,52.5,12.565735771662961,3.77,0.92,0.48,0.7,1.46,3.0507087445247785,8.534573856140169,5.953204918465357,5.681481872394323,16.871530951501402,1.91,1.88,1.67,1.09,12,2007,-1.4967803030302775,394.77083333333337,189.49
2008-03-31,2374.92,-42.52,-0.11,0.0,47.65,5.59,55.28,7.6,0.0,2369.34,-127.13,943.65,2806.73,1643.1,5578.76,1014.26,7055.68,472.49,2201.3,0.0,3049.98,10.84,3060.82,1989.53,3885.56,703.7,77.44,-303.44,49.69,-17.2725,3.89,0.79,-0.11,0.0,0.0,-2.4,0.32,-4.36,-4.16,0.56,-1.9,-1.79,1.83,1.29,3,2008,0.0,386.54545454545456,-42.52
2008-06-30,2152.13,-19.799999999999997,-0.050834403080872906,0.5,198.18,8.98,55.86,6.4,0.0,2143.1399999999994,88.66,632.14,2820.54,1928.11,5536.37,993.85,6990.06,388.76,2539.3,0.0,3186.62,10.77,3197.39,1989.53,3687.46,-178.55000000000007,11.560000000000002,-156.23000000000002,46.879999999999995,-31.47474747474748,3.45,0.87,-0.16,0.5,-3.13,-1.1310654685494221,0.25417201540436457,-2.14775353016688,-2.058793324775353,0.4829268292682926,-1.39,-1.38,1.74,1.13,6,2008,194.75,389.5,-62.32
2008-09-30,2252.3099999999995,105.12,0.27016822429906545,-0.0005257009345794724,215.64000000000001,154.67000000000002,200.0,5.2,0.0,2097.6400000000003,179.85999999999999,473.5,2678.25,2228.06,5689.81,968.22,7112.31,258.92,2646.62,0.0,3206.21,9.72,3215.93,1989.53,3796.06,-8.090000000000032,-154.64,1.2700000000000387,45.33000000000001,4.811539193302892,2.73,0.85,0.11,0.5,4.55,5.894579439252337,22.104672897196266,11.101457943925235,11.00321495327103,42.539214953271035,0.63,0.63,1.77,1.08,9,2008,-0.20454545454546746,389.09090909090907,42.8
2008-12-31,1752.170000000001,-667.66,-1.677537688442211,0.011192325262677053,72.43999999999994,-617.1700000000001,-574.4300000000001,4.5,0.0,2369.3399999999992,-49.72999999999999,577.44,2118.3,1600.61,4388.33,959.04,5801.07,231.79,2085.66,0.0,2572.14,3.81,2575.95,1989.53,3133.07,804.1200000000001,210.2,-914.14,42.73999999999998,-0.6715050325015728,2.86,0.82,-1.57,0.5,-0.32,-46.0307793745799,-28.421976122651476,-85.22318855423615,-75.56399065390647,-59.2801216272445,-7.36,-7.32,1.71,1.08,12,2008,4.4545454545454675,398.0,-624.86
2009-03-31,1058.31,44.6,0.11000000000000001,0.0,133.73,61.74,100.33,2.7,0.0,996.57,70.47,397.76,1569.8,1293.99,3335.7,929.28,4715.09,199.73,997.21,0.0,1439.84,3.1,1442.94,1989.53,3183.7,676.98,-4.28,-854.7,38.59,6.1375,1.69,0.45,0.11,0.0,0.0,3.8,4.2,5.6000000000000005,5.04,7.56,4.24,4.21,2.32,1.42,3,2009,0.0,405.45454545454544,44.6
2009-06-30,1156.29,79.44999999999999,0.19854494155582425,0.0,144.35,99.97999999999999,139.01,3.0,0.0,1056.3199999999997,107.28999999999999,442.15,1493.64,1283.75,3294.6,892.22,4635.24,291.38,277.14,0.0,1291.96,2.51,1294.48,1989.53,3253.33,134.81999999999994,-4.009999999999999,-81.79999999999995,39.03,3.7784896161107615,1.83,0.4,0.31,0.0,0.0,6.8658121725110846,7.121999193873437,9.760725513905683,9.145876662636033,12.399451833937928,5.63,5.6,2.55,1.56,6,2009,0.0,400.1612903225806,124.05
2009-09-30,1351.4,106.63000000000001,0.2681003988208774,0.0,150.35000000000002,122.09,161.30999999999997,4.26,0.0,1229.3000000000002,130.73000000000002,448.16,1691.13,1091.43,3293.42,863.84,4602.71,288.85,216.82,0.0,1159.74,1.98,1161.72,1989.53,3358.12,86.48000000000002,-2.8100000000000005,-77.03999999999996,39.22,3.9697814873862884,2.52,0.35,0.58,0.0,0.0,9.263331021328247,8.967496098491416,12.702411999306399,11.92584532685972,15.235498526096759,6.5,6.47,2.84,1.9,9,2009,0.0,397.72413793103453,230.68
2009-12-31,1428.8599999999997,73.64999999999998,0.18392534419873158,0.0,172.06,86.89999999999998,125.63,5.45,0.0,1341.9500000000003,92.68,653.82,1669.16,1074.75,3443.68,843.43,4735.5,187.88,196.28,0.0,1216.51,4.19,1220.7,1989.53,3429.64,224.51999999999998,-17.4,-1.509999999999991,38.72999999999999,7.4068095723014284,3.16,0.36,0.76,0.0,0.0,6.224420858936021,6.814918016626687,8.58640948969868,8.973620740643378,10.193336181119177,6.15,6.09,2.83,1.95,12,2009,0.0,400.4342105263158,304.33
2010-03-31,1602.48,121.12,0.3,0.0,181.09,144.98,181.39,4.94,0.0,1457.5,127.04,835.65,1765.46,1395.32,4057.95,818.36,5314.61,214.49,307.92,0.0,1671.48,5.23,1676.71,1989.53,3543.13,-175.62,-5.9,366.81,36.41,4.1175,2.77,0.47,0.3,0.0,0.0,9.12,11.56,13.68,14.4,15.92,7.71,7.56,2.43,1.59,3,2010,0.0,403.73333333333335,121.12
2010-06-30,1762.56,123.69999999999999,0.31326688995997054,0.0,238.86999999999998,157.45000000000002,193.84000000000003,6.8,0.0,1605.12,164.59999999999997,868.4,2124.16,1331.51,4412.68,807.8,5654.68,215.26,382.72,0.0,1879.07,14.51,1893.58,1989.53,3667.88,-108.56,-6.58,146.07999999999998,36.39,5.4277999191592565,3.69,0.52,0.62,0.0,0.0,8.751262151784983,11.883931051384689,13.480581651825831,14.289012335593497,16.188824442447512,7.37,7.28,2.35,1.64,6,2010,0.0,394.8709677419355,244.82
2010-09-30,2146.0299999999997,224.45999999999998,0.5644024889191953,0.0,320.7300000000001,300.8,336.85,8.05,0.0,1845.2300000000005,252.03999999999996,1018.44,2196.61,1421.5,4692.74,775.45,5901.36,203.0,459.33,0.0,1910.69,12.84,1923.53,1989.53,3882.84,219.64,-1.1199999999999992,-61.110000000000014,36.05,3.564654726900116,4.12,0.5,1.18,0.0,0.0,15.210168769178317,21.98299863620866,23.13093590180702,24.79544493692465,28.92801909307876,8.67,8.52,2.46,1.71,9,2010,0.0,397.6949152542373,469.28
2010-12-31,2421.9800000000005,76.43000000000006,0.1904762602847668,0.0,347.26,143.54999999999995,179.27999999999997,13.1,0.0,2278.42,273.8900000000001,1172.37,2654.33,1488.18,5375.49,746.52,6461.98,201.38,537.34,0.0,2361.62,11.13,2372.75,1989.53,3970.2,-65.01,-1.2400000000000002,219.39999999999998,35.73000000000002,17.189543700117742,6.56,0.6,1.36,0.0,0.0,4.728293049421858,7.47339209470232,7.70308405563395,8.263308350589147,10.201684411134126,6.98,6.88,2.28,1.65,12,2010,0.0,401.25735294117646,545.71
2011-03-31,2057.95,88.45,0.22,0.0,188.56,145.48,176.97,10.6,0.0,1912.46,129.16,1723.18,2341.87,1718.32,6028.22,723.18,7100.89,203.89,519.14,0.0,2904.06,14.74,2918.8,1989.53,4061.34,78.53,-79.57,548.73,31.49,12.044999999999998,5.19,0.72,0.22,0.0,0.0,5.0,9.36,8.72,9.32,13.88,4.33,4.3,2.08,1.48,3,2011,0.0,402.04545454545456,88.45
2011-06-30,2109.08,99.07000000000001,0.2483089803754266,0.5,230.11,141.51000000000002,172.57000000000002,8.65,0.0,1967.58,140.00000000000003,1708.96,2449.85,1809.19,6105.89,710.04,7163.92,274.24,542.2,0.0,3052.57,19.06,3071.63,1989.53,3968.83,-62.68,31.47999999999999,11.120000000000005,31.06,8.706894115272029,4.34,0.77,0.47,0.5,1.06,5.536761945392492,9.467440273037544,9.974624573378838,10.376145477815701,14.750610068259386,4.52,4.5,2.0,1.41,6,2011,199.4893617021277,398.9787234042554,187.52
2011-09-30,2182.4700000000003,35.22,0.08854808296668762,-0.0015445925886302834,104.66000000000003,96.02999999999997,124.31,6.9,0.0,2086.4399999999996,28.889999999999986,1507.11,2202.46,1467.67,5394.82,696.81,6439.06,274.35,245.63,0.0,2282.8,23.82,2306.62,1989.53,4010.03,302.78999999999996,-49.2,-457.40000000000003,28.28,19.478682566723453,3.42,0.58,0.56,0.5,0.89,2.1884026218909938,3.9277399658795003,3.5102990033222587,3.567222770943701,5.831523749663285,3.56,3.51,2.36,1.72,9,2011,-0.6143617021276953,397.75,222.74
2011-12-31,1272.21,-54.0,-0.13440796491643947,0.004992888467464806,94.37,-34.89999999999998,-8.300000000000011,7.5,0.0,1307.1100000000006,5.670000000000016,1368.36,1809.05,1495.3,4891.52,694.66,5933.54,284.35,349.32,0.0,1816.04,28.15,1844.19,1989.53,3963.03,366.01,-10.33999999999999,-497.09,26.60000000000001,-13.952298148148149,3.77,0.47,0.42,0.5,1.19,-3.635415432025601,-7.194026312670379,-5.453123148038402,-5.4403223894749315,-10.81664098613251,2.23,2.21,2.69,1.87,12,2011,2.005952380952408,401.7619047619048,168.74
2012-03-31,1675.62,25.73,0.06,0.5,115.23,44.78,70.26,7.65,0.0,1630.84,-6.17,1085.64,1923.17,1822.6,4950.0,691.54,5987.7,287.86,782.43,0.0,1847.34,30.12,1877.46,1989.53,3982.56,83.41,33.97,-396.89,25.48,31.875000000000004,3.82,0.47,0.06,0.5,8.33,1.72,2.72,2.6,2.56,4.32,1.58,1.54,2.68,1.69,3,2012,214.41666666666669,428.83333333333337,25.73
2012-06-30,1951.21,234.38000000000002,0.5857022029141518,-0.03581497571540253,252.99,300.66999999999996,326.40000000000003,7.95,0.0,1650.5400000000002,166.72,939.67,2072.04,1979.38,5188.3,714.42,6248.98,310.42,616.53,0.0,2072.41,34.39,2106.8,1989.53,4023.02,-165.13,-128.59,143.57,25.73,3.393149266148989,3.93,0.52,0.65,0.5,0.77,14.993976394602287,18.562254430817735,23.319958479104994,23.464131329053092,29.80773672676944,7.56,7.17,2.5,1.55,6,2012,-14.33205128205131,400.16923076923075,260.11
2012-09-30,1888.1499999999996,180.21999999999997,0.4543051802057547,-0.004380630610957885,249.22000000000003,230.57999999999998,255.78000000000003,8.85,0.0,1657.5699999999997,183.40999999999997,1010.72,2038.67,1865.62,5191.9,735.56,6272.58,287.56,438.04,0.0,1926.97,42.23,1969.19,1989.53,4184.81,111.88,-107.03999999999999,71.1,25.199999999999996,4.868258378648319,4.21,0.47,1.11,0.5,0.45,11.4926932073672,14.832450207798695,17.222668453205547,17.599209683646354,21.70842050280471,8.33,7.98,2.69,1.73,9,2012,-1.7377685377685452,396.69369369369366,440.33
2012-12-31,2022.0500000000002,91.67000000000002,0.23089812030075194,0.0004045586940323892,259.53,139.45000000000005,164.67999999999995,11.5,0.0,1882.6000000000004,104.57,1162.13,2202.48,1449.86,5082.69,768.31,6205.69,305.31,416.58,0.0,1758.13,66.52,1824.64,1989.53,4256.97,381.4,-55.98999999999998,-174.91,25.230000000000004,12.44834733282426,5.37,0.43,1.34,0.5,0.37,5.906856390977445,8.126235338345865,8.6156015037594,8.91887067669173,11.0900022556391,7.3,7.06,2.89,2.07,12,2012,0.16061583972032167,397.0149253731343,532.0
2013-03-31,1531.09,42.25,0.11,0.0,86.54,70.34,95.04,16.1,0.0,1460.75,6.89,1443.79,1697.43,1708.79,5035.98,787.38,6235.92,293.63,552.2,0.0,1693.77,68.94,1762.72,1989.53,4345.54,414.99,61.73,-188.61,24.7,36.59,7.37,0.41,0.11,0.0,0.0,2.72,4.6,3.88,4.04,6.200000000000001,2.88,2.76,2.97,1.96,3,2013,0.0,384.09090909090907,42.25
2013-06-30,1588.0000000000002,65.87,0.164492230854606,0.6,216.51,97.22,122.17999999999999,11.5,0.0,1490.7800000000002,136.57000000000002,1086.02,1924.31,1993.26,5160.25,787.84,6353.02,314.59,396.51,0.0,1964.34,77.66,2042.0,1989.53,4188.07,-540.86,-8.059999999999995,178.75,24.959999999999997,17.476965234552907,5.46,0.49,0.27,0.6,2.22,4.142767295597484,6.482212356640771,6.2872586015538285,6.4091046984831666,9.309041805401405,3.49,3.47,2.63,1.61,6,2013,240.26666666666665,400.44444444444446,108.12
2013-09-30,1758.2600000000002,83.85,0.20965775902484762,-0.0007605355003386135,226.05,123.00999999999999,148.27,9.75,0.0,1635.2499999999995,123.98999999999998,1243.97,1904.57,1834.69,5030.1,795.84,6305.27,370.5,519.38,0.0,1817.57,86.55,1904.12,1989.53,4275.05,395.63,4.049999999999997,-244.26999999999998,25.260000000000005,11.624659212880143,4.54,0.45,0.48,0.6,1.25,5.31132989529614,8.071823722456633,7.84469448351305,7.932051883106735,11.304047507423034,3.97,3.94,2.77,1.76,9,2013,-0.30416666666667425,399.9375,191.97
2013-12-31,2039.9699999999993,103.86999999999998,0.2598154407787993,-0.00023069902650086661,341.39,149.14,177.16999999999996,9.45,0.0,1890.83,113.02000000000004,1335.65,2303.68,1469.17,5153.14,817.45,6425.96,334.2,544.01,0.0,1731.0,94.32,1825.31,1989.53,4388.19,187.65000000000003,-34.76,-72.62,28.03,9.09280061615481,4.28,0.42,0.74,0.6,0.81,6.460275824770145,9.77467820443483,9.465708491076256,9.606149269875607,13.159300973499187,4.31,4.28,2.98,2.13,12,2013,-0.09222972972975185,399.78378378378375,295.84
2014-03-31,1695.45,37.2,0.09,0.0,156.99,61.81,88.82,9.2,0.0,1633.64,84.03,1758.84,1847.26,1560.37,5214.42,804.25,6482.25,323.76,702.35,0.0,1771.16,93.87,1865.03,1989.53,4417.72,564.74,-10.63,-122.81,27.01,25.555,4.14,0.42,0.09,0.0,0.0,2.28,3.88,3.36,3.4,5.240000000000001,2.22,2.19,2.94,2.06,3,2014,0.0,413.33333333333337,37.2
2014-06-30,1607.2299999999998,13.619999999999997,0.021440377804014164,0.7,108.77999999999997,20.120000000000005,47.47,9.95,0.0,1587.11,-20.310000000000002,1721.97,1795.47,1634.24,5219.54,807.18,6488.39,371.66,502.2,0.0,2054.28,102.92,2157.19,1989.53,4152.86,-249.10000000000002,-19.97,231.93,27.349999999999998,116.02407488986785,4.77,0.52,0.08,0.7,8.75,0.8361747343565524,1.3721841794569063,1.307863046044864,1.307863046044864,1.9832349468713104,1.56,1.54,2.54,1.75,6,2014,444.67499999999995,635.25,50.82
2014-09-30,1743.48,69.35,0.17312973287842223,-0.4101148373138054,161.71000000000004,95.06,122.82000000000002,11.7,0.0,1648.42,92.15,1796.57,1853.4,1678.09,5540.35,792.35,6775.53,376.75,486.08,0.0,2263.74,112.42,2376.16,1989.53,4223.48,-85.27999999999997,-79.84,237.37,27.760000000000005,16.894844989185295,5.51,0.56,0.3,0.7,2.33,4.085861695930764,6.255754348006989,6.578929849380044,6.532761920612465,9.048914038445535,2.41,2.38,2.45,1.71,9,2014,-164.2783333333333,400.56666666666666,120.17
2014-12-31,1834.37,-7.260000000000005,-0.018003719776813407,0.004657987187435273,169.64,-0.6400000000000148,26.620000000000005,10.8,0.0,1835.0100000000002,37.870000000000005,1391.72,1871.28,1734.57,5449.72,812.47,6716.74,309.4,540.58,0.0,2206.5,142.22,2348.72,1989.53,4198.79,81.84999999999997,-347.07,-142.06,27.25999999999999,-149.9634538567492,5.12,0.56,0.28,0.7,2.5,-0.4320892746435217,-0.6892852714551418,-0.691857231423258,-0.6764254716145607,-1.0056363475334347,1.65,1.64,2.47,1.68,12,2014,1.8783333333332735,403.24999999999994,112.91
2015-03-31,1409.77,7.03,0.02,0.0,45.63,16.08,41.91,10.0,0.0,1393.69,-20.13,1531.16,1444.8,2189.81,5422.11,843.03,6732.73,285.54,529.31,0.0,2207.87,212.26,2420.13,1989.53,4154.45,-87.39,200.35,25.92,25.83,125.0,4.79,0.58,0.02,0.0,0.0,0.4,0.96,0.68,0.64,1.44,0.51,0.5,2.46,1.46,3,2015,0.0,351.5,7.03
2015-06-30,1700.5300000000002,-44.11,-0.1070631067961165,0.35,113.35,-43.18,-17.379999999999995,9.1,0.0,1743.71,14.02,1173.38,1697.74,2079.8,5153.58,879.88,6512.76,300.35,283.83,0.0,2163.96,219.29,2383.25,1989.53,3976.67,-397.43,8.830000000000013,24.08,25.800000000000004,-21.248916345499886,4.55,0.6,-0.09,0.35,-3.89,-2.7122653721682846,-1.9985113268608414,-4.425275080906149,-4.330107874865157,-2.950183387270766,-1.2,-1.19,2.38,1.42,6,2015,144.2,412.0,-37.08
2015-09-30,1829.6599999999999,-20.690000000000005,-0.05372165483815129,-0.024415786740522694,76.08000000000001,5.290000000000003,30.009999999999998,9.05,0.0,1824.3700000000003,-62.230000000000004,751.97,1891.19,1889.52,4729.24,908.69,6106.23,285.1,394.74,0.0,1761.08,227.97,1989.05,1989.53,3963.77,124.11000000000001,-42.70000000000002,-513.46,24.71999999999999,-42.11290599323343,4.54,0.5,-0.15,0.35,-2.33,-1.360948589233166,-0.4870763371992385,-2.091563095032024,-2.0199342219144887,-0.7162887311753506,-1.18,-1.17,2.69,1.61,9,2015,-9.403333333333308,385.1333333333334,-57.77
2015-12-31,1511.29,-40.559999999999995,-0.10312213973355028,0.00728499271161725,66.17000000000002,-58.97,-34.16,8.35,0.0,1570.25,-43.33,749.55,1543.18,1571.9,4180.76,932.11,5612.02,144.08,308.29,0.0,1323.83,226.29,1550.12,1989.53,3911.61,467.84,-147.94,-315.51000000000005,24.810000000000002,-20.242985700197238,4.25,0.4,-0.25,0.35,-1.4,-2.887419912539408,-2.161440048815214,-4.141385131699379,-3.992889250483067,-3.101913963185192,-1.53,-1.52,3.16,1.97,12,2015,2.8653333333332967,393.32,-98.33
2016-03-31,1191.79,-8.5,-0.02,0.2,54.47,2.22,27.84,8.25,0.0,1189.58,-11.81,735.28,1318.73,1749.76,4098.54,949.59,5511.46,163.98,383.38,0.0,1232.18,231.09,1463.27,1989.53,3900.55,145.7,-14.56,-142.49,25.62,-103.125,4.21,0.38,-0.02,0.2,-10.0,-0.6,0.16,-0.88,-0.84,0.2,-0.72,-0.71,3.33,1.91,3,2016,85.0,425.0,-8.5
2016-06-30,1916.9499999999998,186.28,0.4715153560580493,-0.015153560580492739,63.72,247.26,272.20000000000005,10.0,0.0,1669.6800000000003,-17.619999999999997,543.24,1705.23,1691.63,4246.99,951.01,5592.26,171.33,328.04,0.0,1213.41,236.26,1449.68,1989.53,4003.62,-301.2,199.61,-85.69,24.94,5.301524049817479,4.97,0.36,0.45,0.2,0.44,13.328167397907528,17.267940150748117,18.60913938575768,18.692964337945774,23.89011137360783,6.28,5.72,3.5,2.11,6,2016,-5.986666666666665,395.06666666666666,177.78
2016-09-30,1696.6599999999999,45.47999999999999,0.11407686105885513,0.001811938248380047,103.06,58.34,86.59999999999997,10.0,0.0,1638.3199999999997,40.769999999999996,686.58,1640.06,1706.82,4371.26,988.7,5757.36,174.58,369.53,0.0,1334.49,241.22,1575.71,1989.53,4046.85,115.13,-61.21000000000001,99.75,28.25999999999999,21.918555408970978,4.92,0.39,0.56,0.2,0.36,3.161558720773985,4.228992206396129,4.497887664606287,4.538629400698737,5.671249664068798,4.95,4.65,3.28,2.0,9,2016,0.722380952380945,398.6785714285714,223.26
2016-12-31,1835.6200000000008,58.54000000000002,0.14749254790631658,-0.0008955186048868956,298.65999999999997,73.34000000000003,109.99000000000001,10.4,0.0,1762.2799999999997,158.66,642.35,1877.42,1477.85,4382.5,973.08,5743.91,155.52,483.03,0.0,1277.54,237.06,1514.6,1989.53,4104.61,274.71999999999997,-117.10000000000001,-198.0,36.650000000000006,17.63055175948069,5.04,0.37,0.71,0.2,0.28,4.07993470546487,5.5756337828247,5.708584811923352,5.8415358410220035,7.087951738821861,4.38,4.24,3.43,2.27,12,2016,-0.35543259557341855,396.90140845070425,281.8
2017-03-31,1570.06,45.74,0.11,0.35,143.25,63.56,90.81,10.7,0.0,1506.5,77.94,817.22,1641.59,2049.75,4902.62,961.54,6253.36,121.62,559.73,0.0,1742.99,241.55,1984.54,1989.53,4147.34,-203.19,-15.44,402.32,27.25,24.3175,5.13,0.48,0.11,0.35,3.18,2.92,4.32,4.4,4.56,5.64,2.94,2.91,2.81,1.64,3,2017,145.53636363636363,415.8181818181818,45.74
2017-06-30,1712.62,31.940000000000005,0.08223480947476829,-0.024707424398464555,62.59,45.92999999999999,73.57,10.6,0.0,1666.69,-10.5,657.19,1740.33,2110.91,4860.59,951.1,6221.12,149.71,472.16,0.0,1782.16,246.11,2028.27,1989.53,4052.7,-276.05,83.6,28.94999999999999,27.64,32.22479649342517,5.2,0.5,0.2,0.35,1.75,2.055870236869207,3.0426879505664264,3.157816683831102,3.1742636457260556,4.0623995880535535,2.4,2.37,2.73,1.54,6,2017,-9.596363636363634,388.40000000000003,77.68
2017-09-30,2350.18,158.64,0.39606296547054837,0.010610189573459744,245.91,203.59999999999997,231.29000000000002,10.3,0.0,2146.5800000000004,175.79,669.87,2507.98,1981.12,5221.14,983.62,6607.14,154.74,561.04,0.0,2010.17,249.97,2260.14,1989.53,4211.28,-256.16999999999996,148.66,119.75999999999999,27.689999999999998,6.502375189107414,4.87,0.54,0.59,0.35,0.59,9.61291807718348,13.58697359512525,15.06381855111713,15.359187542315501,18.286025727826672,4.25,4.2,2.6,1.61,9,2017,4.249830508474588,400.54237288135596,236.32
