,revenue,net_profit,eps,dps,gross_profit,ebit,ebitda,close_price,allowance_doubtful_accounts,expense,operating_profit,cash,account_receivable,inventory,current_asset,property_plant_equipment,total_asset,short_term_loan,account_payable,current_portion_long_term_debt,current_liability,non_current_liability,total_liability,paid_in_capital,total_equity,cash_flow_operation,cash_flow_investment,cash_flow_financing,depreciation,P/E,P/BV,D/E,EPS,DPS,DPR%,ROA%,ROAA%,ROE%,ROAE%,ROCE%,NPM%,NPMA%,CurrentRatio,QuickRatio,month,year,dividend,number_of_shares,return_old
2000-03-31,303.38,10.63,0.47,0.0,61.91,29.87,39.51,2.75,0.0,273.51,27.0,1.62,308.32,749.79,1096.67,592.73,1888.69,951.6,153.84,54.91,1235.67,81.06,1316.73,225.0,571.96,-25.07,-23.64,48.92,9.64,1.4625,0.22,2.3,0.47,0.0,0.0,2.24,0.0,7.44,0.0,18.28,3.58,3.5,0.89,0.28,3,2000,0.0,22.617021276595747,10.63
2000-06-30,321.78999999999996,12.859999999999998,0.569365687526607,0.0,84.32,43.83,54.23,2.05,0.0,277.96000000000004,40.31,1.89,337.86,747.11,1145.26,592.37,1938.66,980.08,161.77,47.76,1274.21,79.63,1353.84,225.0,584.83,-0.6400000000000006,-14.280000000000001,15.200000000000003,10.399999999999999,0.8995975894245724,0.16,2.31,1.04,0.0,0.0,2.649740315027671,0.0,8.803269476372922,0.0,24.285636441038736,3.85,3.76,0.9,0.31,6,2000,0.0,22.58653846153846,23.49
2000-09-30,375.63,-10.7,-0.4768569194683346,0.0,94.29000000000002,20.819999999999993,31.35000000000001,2.15,0.0,354.80999999999995,49.25999999999999,3.51,339.92,747.65,1147.54,586.64,1936.71,977.74,157.06,24.26,1239.59,122.99,1362.58,225.0,574.12,-0.48999999999999844,-6.299999999999997,8.409999999999997,10.530000000000001,-1.1265957943925233,0.17,2.37,0.57,0.0,0.0,-2.2086004691164973,-0.0,-7.462392494136044,-0.0,-45.376700547302576,1.31,1.28,0.93,0.32,9,2000,0.0,22.438596491228072,12.79
2000-12-31,310.21000000000004,2.8400000000000016,0.12537428023032635,0.0,70.87999999999997,33.010000000000005,2.4399999999999977,2.25,0.0,277.20000000000005,16.599999999999994,7.23,317.82,777.68,1132.42,579.62,1913.52,994.6,131.37,30.26,1221.64,114.91,1336.55,225.0,576.96,-11.09,0.0,14.819999999999993,-30.57,4.485369718309856,0.18,2.32,0.69,0.0,0.0,0.5959820857325658,0.0,1.9696481126039678,0.0,13.39506078055023,1.23,1.19,0.93,0.29,12,2000,0.0,22.65217391304348,15.63
2001-03-31,246.68,-0.58,-0.03,0.0,62.02,27.74,38.26,2.0,0.0,218.94,25.14,2.82,295.24,810.56,1130.68,569.91,1902.09,1019.65,110.01,10.24,1191.6,134.1,1325.71,225.0,576.38,-12.75,2.61,6.32,10.52,-16.6675,0.16,2.3,-0.03,0.0,0.0,-0.12,5.84,-0.4,-0.4,15.6,-0.24,-0.24,0.95,0.27,3,2001,0.0,19.333333333333332,-0.58
2001-06-30,309.08,1.7199999999999998,0.07543859649122807,0.0,65.74000000000001,29.140000000000004,39.64000000000001,3.05,0.0,279.94,31.75,3.62,325.28,821.81,1168.37,535.21,1907.87,1038.31,120.53,12.32,1199.35,130.42,1329.77,225.0,578.1,-10.05,-1.8499999999999999,12.82,10.5,10.107558139534884,0.24,2.3,0.05,0.0,0.0,0.3621052631578947,17.863859649122805,1.207017543859649,1.207017543859649,48.46175438596491,0.21,0.21,0.97,0.29,6,2001,0.0,22.799999999999997,1.14
2001-09-30,212.94000000000005,6.0200000000000005,0.26905027932960895,0.0,55.86,28.050000000000004,35.53,2.3,0.0,184.89,18.260000000000005,2.12,273.06,859.66,1158.66,530.17,1893.21,1041.04,104.89,13.61,1182.37,126.71,1309.09,225.0,584.12,1.9200000000000017,-2.52,6.109999999999999,7.48,2.137890365448505,0.18,2.24,0.32,0.0,0.0,1.2779888268156425,14.932290502793299,4.136648044692738,4.170279329608938,40.18938547486034,0.95,0.93,0.98,0.25,9,2001,0.0,22.375,7.16
2001-12-31,171.70999999999992,-21.45,-0.960671798460462,0.0,52.93000000000001,4.699999999999989,11.61,4.03,0.0,167.01,-1.1700000000000017,1.88,236.48,934.27,1208.51,525.43,1929.96,1119.13,88.8,15.26,1244.74,122.55,1367.29,225.0,562.67,-63.86,-15.979999999999999,71.53,6.909999999999997,-1.047600233100233,0.32,2.43,-0.64,0.0,0.0,-4.443107067879636,27.979566130160954,-15.250664800559832,-15.070538838348496,78.53491952414277,-1.55,-1.52,0.97,0.22,12,2001,0.0,22.328124999999996,-14.29
2002-03-31,212.97,-2.01,-0.09,0.0,36.08,22.59,29.24,10.7,0.0,190.38,15.71,15.03,248.45,968.12,1265.89,522.67,1984.57,1154.88,97.82,16.46,1303.51,120.39,1423.9,225.0,560.67,-27.66,-3.9,45.44,6.65,-29.7225,0.86,2.54,-0.09,0.0,0.0,-0.4,4.64,-1.44,-1.4,13.28,-0.98,-0.94,0.97,0.23,3,2002,0.0,22.333333333333332,-2.01
2002-06-30,237.33,-23.83,-1.0605456656346748,0.0,46.75,3.9400000000000013,10.370000000000001,9.85,0.0,233.38,-7.600000000000001,3.95,222.68,1009.33,1261.75,520.41,1977.97,1141.48,121.4,16.58,1322.16,118.97,1441.13,225.0,536.84,-15.419999999999998,-4.17,8.560000000000002,6.43,-2.3232144355853968,0.83,2.68,-1.15,0.0,0.0,-4.8323993808049535,5.053730650154798,-17.743390092879253,-17.11628482972136,14.939860681114551,-5.98,-5.74,0.95,0.19,6,2002,0.0,22.469565217391306,-25.84
2002-09-30,248.15000000000003,-0.23999999999999844,-0.010674846625766801,0.0,54.07000000000001,24.89,31.33,6.35,0.0,223.26999999999998,25.799999999999997,5.01,214.79,989.56,1232.89,522.67,1949.83,1095.99,126.28,16.9,1298.32,114.91,1413.23,225.0,536.6,67.03999999999999,-8.809999999999999,-57.2,6.4399999999999995,-148.6016666666676,0.53,2.63,-1.16,0.0,0.0,-0.049325153374232815,0.09865030674846563,-0.17889570552147127,-0.17116564417177804,0.29042944785275887,-3.83,-3.73,0.95,0.19,9,2002,0.0,22.482758620689655,-26.08
2002-12-31,241.52999999999997,-29.28,-1.3010982658959538,0.0,61.41999999999999,-4.590000000000003,4.930000000000007,6.0,0.0,246.12,-8.279999999999998,1.57,173.34,1076.7,1301.71,514.91,2010.11,1156.5,167.02,18.81,1392.33,110.46,1502.8,225.0,507.32,-55.57,-0.990000000000002,52.720000000000006,9.52,-1.153333333333333,0.53,2.96,-2.46,0.0,0.0,-5.817919075144509,5.03514450867052,-23.081271676300577,-21.896531791907513,16.036300578034684,-6.03,-5.89,0.93,0.16,12,2002,0.0,22.504065040650406,-55.36
2003-03-31,260.52,-2.09,-0.09,0.0,32.58,20.12,26.29,3.7,0.0,240.4,7.1,2.19,217.37,1037.49,1315.47,513.21,2027.29,1089.96,147.52,27.83,1399.12,122.95,1522.06,225.0,505.23,-36.66,-4.43,41.71,6.17,-10.2775,0.33,3.01,-0.09,0.0,0.0,-0.4,4.0,-1.64,-1.56,12.8,-0.84,-0.8,0.94,0.2,3,2003,0.0,23.22222222222222,-2.09
2003-06-30,381.94000000000005,-45.0,-1.9972393289445738,0.0,64.47,-16.43,-10.27,4.2,50.0,398.37,30.119999999999997,1.77,252.68,990.36,1308.1,514.45,2010.33,1081.56,151.21,28.95,1425.92,124.18,1550.11,225.0,460.22,-26.96,4.62,21.949999999999996,6.16,-0.5258383333333333,0.41,3.37,-2.09,0.0,0.0,-8.944574219579527,0.726268846888936,-39.103843703546396,-36.12231896368655,2.4081545975791037,-7.52,-7.33,0.92,0.22,6,2003,0.0,22.531100478468904,-47.09
2003-09-30,354.90999999999997,-4.759999999999998,-0.21114754098360647,0.0,57.82000000000001,19.959999999999997,26.500000000000004,7.75,49.58,334.95000000000005,1.8500000000000014,2.44,215.04,1037.9,1326.73,515.34,2029.92,1103.1,172.96,31.91,1460.86,117.78,1578.64,225.0,451.28,2.969999999999999,-8.34,6.090000000000003,6.540000000000001,-9.177232142857147,0.77,3.5,-2.3,0.0,0.0,-0.9363934426229503,0.43698360655737684,-4.2192786885245885,-3.855737704918031,1.5276065573770485,-5.38,-5.2,0.91,0.2,9,2003,0.0,22.543478260869566,-51.85
2003-12-31,400.18999999999994,47.33,2.0942477876106196,0.0,80.46000000000001,76.77000000000001,83.84,19.75,50.29,323.4200000000001,36.720000000000006,4.0,222.36,1056.06,1302.44,710.37,2250.87,1055.75,221.34,37.3,1468.0,109.4,1577.4,225.0,673.47,90.18,-30.4,-58.230000000000004,7.07,2.357648425945489,1.32,2.34,-0.2,0.0,0.0,8.376991150442478,-197.27814159292035,28.062920353982307,32.25141592920354,-537.383982300885,-0.34,-0.32,0.89,0.17,12,2003,0.0,22.599999999999998,-4.52
2004-03-31,426.52,38.75,1.72,0.0,110.0,71.36,79.02,14.5,0.0,355.16,66.03,3.05,247.66,1067.19,1336.88,709.05,2276.49,1025.09,243.71,44.05,1463.68,100.58,1564.26,225.0,712.22,53.3,1.32,-55.71,7.66,2.1075,0.92,2.2,1.72,0.0,0.0,6.8,13.28,21.76,25.48,35.12,9.2,9.09,0.91,0.18,3,2004,0.0,22.52906976744186,38.75
2004-06-30,417.80000000000007,39.629999999999995,0.8797677979076294,0.0,117.41,70.17999999999999,78.28000000000002,21.2,0.0,347.60999999999996,70.81,1.95,233.88,1043.23,1302.19,710.43,2258.59,979.32,251.52,29.76,1394.32,112.43,1506.75,225.0,751.85,91.72000000000001,-24.44,-68.28,8.1,6.022384557153671,1.27,2.0,1.74,0.0,0.0,7.0179178361827,13.408874712936973,21.073978055626434,26.150339372288844,33.127808114314874,9.37,9.28,0.93,0.19,6,2004,0.0,45.04597701149425,78.38
2004-09-30,314.28999999999985,21.27000000000001,0.47171801304565997,0.0,79.19000000000003,43.58000000000001,51.859999999999985,20.8,0.0,270.73,36.03999999999999,1.88,172.73,1073.4,1265.36,708.5,2205.26,959.4,205.14,22.6,1314.84,117.29,1432.13,225.0,773.12,15.5,8.170000000000002,-23.760000000000005,8.28,11.021468030089324,1.21,1.85,2.21,0.0,0.0,3.8591229302558974,7.462109382839943,11.005330657300558,13.899672854992481,17.750257902659314,8.73,8.6,0.96,0.15,9,2004,0.0,45.09049773755657,99.65
2004-12-31,270.1300000000001,-8.950000000000003,-0.1993274531422272,0.0,36.17999999999995,8.289999999999992,16.569999999999993,21.0,0.0,261.8299999999999,-11.259999999999991,2.82,175.13,1056.26,1251.92,705.77,2220.95,950.09,205.1,20.12,1305.89,117.34,1423.24,225.0,797.71,-12.630000000000024,-5.470000000000002,19.110000000000014,8.280000000000001,-26.3486033519553,1.18,1.78,2.02,0.0,0.0,-1.6104079382579939,-3.414222712238149,-4.487828004410145,-4.866747519294378,-8.344123484013233,6.49,6.35,0.96,0.15,12,2004,0.0,44.9009900990099,90.7
2005-03-31,238.2,-20.56,-0.45,0.0,40.4,2.88,11.19,18.3,0.0,235.32,-0.99,24.82,160.79,1115.29,1322.05,707.22,2320.46,953.85,204.66,19.02,1284.38,113.27,1397.66,227.25,922.8,-65.12,-30.46,117.57,8.31,-10.1675,0.9,1.51,-0.45,0.0,0.0,-3.56,0.52,-8.92,-10.04,1.12,-8.77,-8.63,1.03,0.16,3,2005,0.0,45.68888888888888,-20.56
2005-06-30,208.86,-47.56,-1.047269524368761,0.7999999999999999,19.990000000000002,-27.13,-19.09,10.0,0.0,236.0,-13.42,4.27,134.04,1109.95,1261.49,708.45,2210.55,1006.36,183.33,16.87,1315.6,109.54,1425.14,227.25,785.41,-9.539999999999992,-9.380000000000003,-1.6799999999999926,8.040000000000001,-2.388353658536585,0.58,1.81,-1.5,0.8,-0.53,-8.60157369348209,-3.044063417498532,-24.212871403405757,-24.74348796241926,-7.568267762771579,-15.46,-15.24,0.96,0.12,6,2005,36.330666666666666,45.413333333333334,-68.12
2005-09-30,278.64000000000004,-20.17,-0.44319628496998525,0.0017046853173256242,30.849999999999994,-3.1999999999999993,4.970000000000001,7.6,0.0,281.83,0.9700000000000006,2.32,167.23,993.55,1171.98,704.14,2105.9,930.5,164.66,16.19,1235.02,105.64,1340.67,227.25,765.24,67.2,-12.849999999999994,-56.29,8.169999999999998,-4.289747149231532,0.45,1.75,-1.94,0.8,-0.41,-3.8288503794314197,-1.1605346018801677,-10.545330161966247,-10.49050175557821,-2.878491335372069,-12.36,-12.17,0.95,0.14,9,2005,0.07758075601375225,45.51030927835052,-88.29
2005-12-31,283.4699999999999,-9.649999999999991,-0.21282417806820486,-0.002959101827544493,34.43000000000001,9.0,17.650000000000002,5.15,0.0,274.4699999999999,3.049999999999999,2.11,166.33,927.31,1118.44,699.05,2047.28,884.35,180.17,15.5,1189.72,101.98,1291.69,227.25,755.59,74.3,-3.5500000000000043,-70.96000000000001,8.650000000000002,-6.038787564766844,0.31,1.71,-2.16,0.8,-0.37,-1.8838880947518875,-0.33894220951602994,-5.107780273636917,-4.969838676740857,-0.8473555237900748,-9.87,-9.71,0.94,0.16,12,2005,-0.1341733486063461,45.34259259259259,-97.94
2006-03-31,245.81,-111.7,-2.45,0.0,18.81,-92.2,-83.23,5.15,0.0,338.01,18.81,1.88,108.14,885.76,1007.23,695.16,1862.04,771.78,213.44,18.3,1046.73,169.17,1215.9,229.5,646.14,39.84,-4.89,-35.13,8.97,-0.525,0.37,1.88,-2.45,0.0,0.0,-24.0,-17.64,-69.16,-56.959999999999994,-45.24,-48.32,-45.44,0.96,0.12,3,2006,0.0,45.59183673469388,-111.7
2006-06-30,263.62,-30.799999999999997,-0.6721964912280701,0.0,17.280000000000005,-10.89,-1.7399999999999949,3.5,0.0,274.51,17.280000000000005,3.91,195.01,823.29,1029.31,692.13,1878.76,816.02,215.11,19.07,1098.6,164.82,1263.42,229.5,615.34,36.989999999999995,-6.420000000000001,-28.529999999999994,9.15,-1.307021103896104,0.26,2.05,-3.11,0.0,0.0,-6.553375438596491,-4.35738947368421,-20.023242105263158,-17.59382456140351,-11.420856140350878,-29.12,-27.97,0.94,0.19,6,2006,0.0,45.81993569131833,-142.5
2006-09-30,258.40000000000003,-30.080000000000013,-0.6570958396106156,0.0,12.809999999999995,-7.659999999999997,1.7000000000000028,3.76,0.0,266.06000000000006,12.809999999999995,2.26,167.67,819.82,997.66,686.21,1841.16,822.27,205.29,18.9,1095.95,159.96,1255.91,229.5,585.26,0.960000000000008,-3.119999999999999,0.529999999999994,9.36,-1.4343417553191484,0.29,2.15,-3.77,0.0,0.0,-6.532613280797313,-3.9112017615019137,-20.55995364468653,-17.82002085989107,-10.36015297253448,-23.26,-22.48,0.91,0.16,9,2006,0.0,45.77718832891247,-172.58
2006-12-31,269.05000000000007,-28.169999999999987,-0.6146181818181815,0.0,25.300000000000004,-6.890000000000001,2.5799999999999983,3.58,0.0,275.93999999999994,25.300000000000004,2.51,173.73,773.76,961.04,678.58,1796.91,735.65,199.39,27.15,1021.09,218.73,1239.82,229.5,557.09,20.25,-3.25,-16.71,9.470000000000002,-1.4609069932552365,0.29,2.23,-4.38,0.0,0.0,-6.269666749688665,-3.435126276463261,-20.22907696139476,-17.170018430884173,-8.50923437110834,-20.02,-19.36,0.94,0.18,12,2006,0.0,45.833333333333336,-200.75
2007-03-31,270.88,-30.45,-0.66,0.0,19.59,-9.66,-0.26,3.3,0.0,280.54,-9.92,1.78,166.45,752.53,931.68,670.48,1745.14,709.42,224.68,32.56,1013.39,211.58,1224.97,229.5,520.18,18.29,9.33,-28.34,9.4,-1.25,0.29,2.35,-0.66,0.0,0.0,-6.96,-2.16,-23.4,-20.88,-5.28,-11.56,-11.24,0.92,0.18,3,2007,0.0,46.13636363636363,-30.45
2007-06-30,233.17000000000002,-30.849999999999998,-0.6743719412724307,0.0,22.180000000000003,-11.870000000000001,-1.47,3.44,0.0,245.04000000000002,-8.85,17.51,161.84,730.39,919.63,720.97,1808.21,726.0,215.16,32.72,1032.14,207.7,1239.83,229.5,567.35,-5.889999999999999,12.729999999999999,8.68,10.4,-1.2766693679092382,0.28,2.19,-1.34,0.0,0.0,-6.824241435562806,-2.355269168026101,-21.74094616639478,-20.87533442088091,-5.576150081566068,-12.45,-12.16,0.89,0.18,6,2007,0.0,45.74626865671641,-61.3
2007-09-30,262.46999999999997,-57.21000000000001,-1.2454797063538943,0.0,10.909999999999997,-37.96,-28.46,3.38,25.8,300.41999999999996,-19.74,18.99,170.33,627.74,824.0,853.21,1684.43,673.81,211.13,26.72,965.88,206.87,1172.75,229.5,510.15,65.21,-3.799999999999997,-59.74000000000001,9.5,-0.6784133018703024,0.3,2.3,-2.58,0.0,0.0,-13.594073074002196,-6.507390093662983,-44.8565791916294,-41.786326892245384,-15.988483672263945,-15.9,-15.46,0.85,0.2,9,2007,0.0,45.934108527131784,-118.51
2007-12-31,270.28,-35.42999999999999,-0.7710179290632713,0.0,12.160000000000004,-18.71999999999999,-9.45,2.72,17.12,289.01,-17.490000000000002,40.01,160.54,584.11,795.33,707.37,1701.04,665.06,231.82,29.17,975.61,198.79,1174.4,229.5,525.98,55.72000000000001,-18.32,-16.36,9.27,-0.8798433530906014,0.24,2.23,-3.35,0.0,0.0,-8.33159672599714,-4.115164349746653,-26.946501234247105,-26.17318175912693,-9.924266597375599,-15.28,-14.85,0.82,0.22,12,2007,0.0,45.95223880597015,-153.94
2008-03-31,287.68,-20.56,-0.45,0.0,22.01,-3.18,6.22,2.74,1.29,290.86,-7.88,4.02,190.31,566.97,772.38,716.2,1688.42,654.49,261.06,30.76,995.07,187.93,1183.0,229.5,505.42,-0.72,-20.12,-15.11,9.4,-1.5225,0.25,2.34,-0.45,0.0,0.0,-4.88,-0.76,-16.28,-16.04,-1.8400000000000003,-7.38,-7.15,0.78,0.21,3,2008,0.0,45.68888888888888,-20.56
2008-06-30,250.47999999999996,-9.48,-0.20512649800266314,0.0,13.98,8.18,16.970000000000002,3.46,1.22,242.29999999999995,-14.95,2.39,177.2,558.12,744.27,743.14,1688.42,670.65,242.79,28.67,1000.28,185.83,1186.11,229.5,502.3,21.919999999999998,-24.19,0.5999999999999996,8.790000000000001,-4.214472573839663,0.32,2.36,-0.65,0.0,0.0,-2.2469241011984025,0.36607190412782953,-7.548655126498004,-7.09422103861518,0.921491344873502,-5.67,-5.58,0.74,0.19,6,2008,0.0,46.215384615384615,-30.04
2008-09-30,264.08000000000004,-13.899999999999999,-0.30368684569868,0.0,30.499999999999993,13.149999999999999,22.459999999999997,3.0,1.22,250.93000000000006,1.6599999999999966,26.42,112.83,507.31,655.38,743.9,1600.3,836.5,128.3,54.88,1019.69,92.2,1111.9,229.5,488.4,60.980000000000004,-2.1499999999999986,-34.67,9.309999999999999,-2.4736007194244607,0.28,2.28,-0.96,0.0,0.0,-3.479745106964042,1.404551661356395,-11.3882567137005,-11.135184342284935,3.960582612653618,-5.57,-5.48,0.64,0.15,9,2008,0.0,45.770833333333336,-43.94
2008-12-31,207.22000000000003,-67.38,-1.4708354293927417,0.0,-9.369999999999997,-41.879999999999995,-32.519999999999996,1.55,3.11,249.11,-39.03,1.97,93.53,417.7,527.22,738.14,1466.32,412.37,93.68,408.17,956.99,88.31,1045.3,229.5,421.02,17.169999999999987,-4.339999999999996,-37.43,9.36,-0.26433956663698427,0.17,2.48,-2.43,0.0,0.0,-18.37636363636364,-3.631692418253683,-64.01463169241826,-56.920725835429394,-11.282457779374775,-11.14,-11.03,0.55,0.11,12,2008,0.0,45.81069958847736,-111.32
2009-03-31,165.95,-42.01,-0.92,0.0,27.39,-21.32,-12.58,1.0,0.34,187.27,0.82,2.52,87.81,363.63,463.12,729.67,1374.1,357.07,64.04,35.97,764.81,230.28,995.09,229.5,379.01,19.98,-1.08,-18.36,8.74,-0.2725,0.12,2.63,-0.92,0.0,0.0,-12.24,-5.56,-44.32000000000001,-38.0,-14.0,-25.66,-25.31,0.61,0.13,3,2009,0.0,45.66304347826087,-42.01
2009-06-30,136.67000000000002,-44.089999999999996,-0.9627084785133564,0.0,12.149999999999999,-23.490000000000002,-15.03,1.41,1.37,160.16,-7.98,2.98,93.42,348.38,453.07,707.57,1336.71,391.85,76.6,33.42,775.83,225.96,1001.79,229.5,334.92,14.499999999999996,-0.3699999999999999,-13.55,8.459999999999999,-0.3661544567929235,0.19,2.99,-1.88,0.0,0.0,-13.191154471544717,-6.063015098722416,-52.66220209059233,-42.13385830429733,-16.366044134727062,-28.88,-28.45,0.58,0.13,6,2009,0.0,45.797872340425535,-86.1
2009-09-30,211.84000000000003,-26.77000000000001,-0.583451758660406,0.0,25.080000000000005,-8.949999999999996,-0.9299999999999997,2.56,1.28,220.79000000000002,2.25,1.77,117.63,305.15,430.91,701.53,1275.42,513.27,163.51,34.66,749.97,217.3,967.27,229.5,308.15,39.910000000000004,20.029999999999998,-61.13000000000001,8.02,-1.0962345909600295,0.38,3.14,-2.46,0.0,0.0,-8.396013112430232,-3.5481456542925502,-34.75095596704175,-26.88621600070879,-9.705221936741388,-22.58,-21.94,0.57,0.17,9,2009,0.0,45.88211382113821,-112.87
2009-12-31,241.75,5.510000000000005,0.12009500745156494,0.0,25.50999999999999,20.759999999999998,28.72,2.3,0.75,220.99,3.04,1.77,138.93,296.24,445.81,695.24,1235.26,393.92,172.82,98.08,744.06,177.54,921.6,229.5,313.66,5.170000000000002,-1.629999999999999,-3.539999999999992,7.960000000000001,4.7737205081669645,0.34,2.94,-2.34,0.0,0.0,1.7839754098360672,0.5009090909090914,7.027097615499261,6.000644560357681,1.3795529061102842,-15.04,-14.2,0.6,0.2,12,2009,0.0,45.88034188034188,-107.36
2010-03-31,227.81,18.16,0.4,0.0,56.38,27.57,35.27,2.88,0.0,200.24,31.44,2.1,131.42,279.75,419.03,688.86,1198.74,391.03,174.63,50.02,706.82,160.1,866.92,229.5,331.82,65.32,-1.21,-63.65,7.7,1.8,0.4,2.61,0.4,0.0,0.0,6.04,8.56,21.88,20.44,22.4,8.14,7.97,0.59,0.2,3,2010,0.0,45.4,18.16
2010-06-30,342.31,111.97999999999999,2.4437006300906714,0.0,33.35999999999999,122.43,129.92999999999998,6.5,3.55,219.87,5.7499999999999964,1.78,122.99,243.2,375.03,682.97,1147.65,367.03,125.44,13.94,590.62,113.22,703.84,229.5,443.8,56.2,-1.5899999999999999,-54.93,7.499999999999999,0.665343364886587,0.67,1.59,2.84,0.0,0.0,39.0303734439834,41.57732903027509,100.91451052712463,115.02602120792993,92.68853234977716,29.82,22.83,0.63,0.22,6,2010,0.0,45.82394366197183,130.14
2010-09-30,271.98,67.47000000000003,1.4715636860482773,0.0,30.05000000000001,75.66999999999999,83.05000000000001,7.7,4.29,196.33000000000004,8.61,2.3,125.06,271.25,404.59,679.97,1174.22,374.3,130.84,6.71,580.46,82.5,662.96,229.5,511.27,10.190000000000012,-4.65,-4.980000000000004,7.379999999999999,1.3106636282792348,0.69,1.3,4.31,0.0,0.0,22.985073629877036,25.156568999544568,52.785091847578585,65.868692879915,51.91103081827844,30.41,23.47,0.7,0.23,9,2010,0.0,45.84918793503481,197.61
2010-12-31,247.25999999999988,45.109999999999985,0.9831571357943306,0.0,74.34999999999998,53.51000000000002,60.75999999999999,12.0,4.23,193.75,55.260000000000005,14.9,155.1,352.1,530.98,679.16,1299.8,423.32,161.29,6.54,647.52,87.7,735.22,229.5,564.58,-24.190000000000012,-5.8500000000000005,42.53,7.25,3.0535047661272454,0.98,1.3,5.29,0.0,0.0,13.879428147659851,16.37727916941331,31.959111733684896,41.088162491760045,31.81786420566907,27.14,22.28,0.82,0.28,12,2010,0.0,45.882797731569,242.72
2011-03-31,237.5,10.0,0.21,0.0,41.56,18.21,24.24,9.9,0.0,219.28,18.79,0.92,140.52,338.31,491.2,676.62,1257.47,372.96,160.24,6.12,599.73,95.41,695.14,236.34,562.33,43.15,-3.55,-53.59,6.03,11.785,0.83,1.24,0.21,0.0,0.0,3.2,5.92,7.119999999999999,8.96,11.080000000000002,4.24,4.21,0.82,0.25,3,2011,0.0,47.61904761904762,10.0
2011-06-30,165.02999999999997,12.55,0.267139689578714,0.0,38.120000000000005,21.68,29.210000000000004,7.8,0.0,143.36999999999998,21.68,2.54,88.45,336.39,435.3,685.09,1210.08,376.0,106.19,9.43,533.95,101.25,635.2,236.34,574.88,6.730000000000004,-5.2,0.2600000000000051,7.53,7.299551792828685,0.64,1.1,0.48,0.0,0.0,4.140665188470067,7.524434589800443,8.726563192904656,9.86190687361419,13.134368070953439,5.66,5.6,0.82,0.19,6,2011,0.0,46.97916666666667,22.55
2011-09-30,235.33000000000004,17.59,0.3724838066766318,0.0,46.72,27.08,33.61,6.15,-0.09,208.24,27.0,3.23,145.63,317.6,506.95,669.24,1233.59,374.53,126.09,9.26,555.67,100.15,655.82,236.34,577.77,8.82,-0.2400000000000002,-7.890000000000001,6.529999999999999,4.130380898237635,0.5,1.14,0.85,0.0,0.0,5.696811160936721,9.745929247633283,12.182411559541604,12.918614848031888,17.318305929247636,6.35,6.29,0.91,0.34,9,2011,0.0,47.22352941176471,40.14
2011-12-31,136.97000000000003,-12.46,-0.26558526011560696,0.0,10.969999999999999,-4.210000000000001,2.480000000000004,6.55,0.47,141.18000000000006,-4.030000000000001,4.48,58.28,359.48,464.43,714.01,1235.64,329.32,146.78,5.34,517.46,104.56,622.02,236.34,613.63,56.81999999999999,-2.869999999999999,-52.849999999999994,6.690000000000001,-6.164686998394863,0.5,1.01,0.59,0.0,0.0,-4.033294797687862,-8.912861271676302,-8.120606936416186,-8.462716763005782,-15.73705202312139,3.61,3.57,0.9,0.2,12,2011,0.0,46.91525423728814,27.68
2012-03-31,265.42,13.03,0.23,0.25,37.68,20.57,27.11,10.7,0.0,244.85,15.29,10.51,182.79,380.98,614.08,710.5,1384.82,266.1,249.92,5.16,541.98,105.68,647.67,328.42,737.16,-57.07,0.8,62.32,6.54,11.63,0.95,0.88,0.23,0.25,1.09,3.7600000000000002,6.24,7.08,8.04,9.76,5.07,4.91,1.13,0.43,3,2012,14.163043478260867,56.65217391304347,13.03
2012-06-30,304.04,18.560000000000002,0.058752769863880984,0.2051660541998706,49.919999999999995,36.29,43.260000000000005,2.14,0.0,267.75,26.03,2.99,187.65,516.07,710.06,705.26,1485.04,258.41,352.38,9.89,648.88,96.86,745.74,328.42,739.3,-21.82,41.13,-26.85,6.97,9.105953663793102,0.95,1.01,0.1,0.25,2.5,5.005735992402659,9.91746755302311,10.034973092750871,11.304032921810702,15.980753402975626,5.75,5.55,1.09,0.3,6,2012,64.81195652173912,315.9,31.59
2012-09-30,373.65999999999997,53.67999999999999,0.1699730268558696,-6.743286032603189e-05,75.58000000000001,77.66000000000001,83.57999999999998,2.38,0.0,296.0,52.1,1.73,227.45,499.78,747.57,705.84,1534.27,335.75,283.0,10.76,645.14,96.15,741.29,328.42,792.98,-53.499999999999986,-11.600000000000001,63.86,5.92,3.498643349478391,0.99,0.93,0.27,0.25,0.93,14.000741175090884,24.47611586724522,27.069778351119968,31.325399319807666,38.09913920487862,9.53,9.04,1.16,0.38,9,2012,-0.021296296296299033,315.8148148148148,85.27
2012-12-31,401.4,0.6800000000000068,0.0021361256544502835,0.0019778941244909948,20.69999999999999,0.2599999999999909,5.530000000000001,4.62,0.0,401.13,-11.430000000000007,5.5,270.47,525.98,807.6,715.22,1622.69,330.72,389.94,11.32,737.21,91.82,829.03,328.42,793.67,26.50999999999999,-15.209999999999999,-7.530000000000001,5.27,540.6634191176416,1.91,1.04,0.27,0.25,0.93,0.16772542175683702,0.2984246655032025,0.342729493891801,0.38640139616056235,0.48165677719604905,6.71,6.39,1.1,0.38,12,2012,0.6296296296296333,318.3333333333333,85.95
2013-03-31,261.9,10.48,0.03,0.0,31.35,20.55,25.63,3.36,0.0,241.35,5.94,2.11,160.29,619.96,786.02,718.6,1606.45,342.84,348.01,12.09,710.39,156.12,866.5,328.42,739.95,-12.46,-1.36,10.62,5.08,28.0,1.49,1.17,0.03,0.0,0.0,2.6,5.48,5.679999999999999,5.679999999999999,9.16,4.27,4.0,1.11,0.23,3,2013,0.0,349.33333333333337,10.48
2013-06-30,218.66000000000003,-13.49,-0.04481727574750831,0.01,24.79,2.59,7.77,1.91,0.0,216.07000000000002,4.04,3.14,153.94,568.96,730.77,732.72,1564.4,396.16,262.13,16.96,679.72,161.86,841.58,361.24,722.82,-33.62,-3.1799999999999997,37.79,5.18,-10.65437361008154,0.95,1.16,-0.01,0.01,-1.11,-3.406112956810632,27.248903654485055,-7.529302325581395,-7.350033222591362,46.96850498338871,-0.65,-0.63,1.08,0.24,6,2013,3.0100000000000002,301.0,-3.01
2013-09-30,237.2,-1.13,-0.0027294685990338166,0.0027294685990338153,26.299999999999997,14.86,20.230000000000004,1.63,0.17,222.33999999999997,7.780000000000001,4.58,140.94,505.39,655.66,734.04,1492.35,348.38,235.52,16.13,604.29,166.37,770.66,361.24,721.69,52.53,-2.6799999999999997,-48.41,5.370000000000001,-149.29646017699116,0.82,1.07,-0.01,0.01,-1.11,-0.30570048309178743,2.7403864734299517,-0.6223188405797101,-0.6004830917874397,4.672850241545894,-0.6,-0.58,1.09,0.25,9,2013,1.1299999999999994,413.99999999999994,-4.14
2013-12-31,220.62,-15.64,-0.04744186046511628,-0.0025581395348837194,-7.560000000000002,-21.93,-16.43,1.41,0.59,242.56000000000006,-28.44,4.11,138.56,431.9,583.64,747.2,1428.5,328.87,202.2,16.5,551.92,158.19,710.12,361.24,703.85,13.36,6.58,-20.43,5.499999999999998,-7.43014705882353,0.72,1.01,-0.06,0.01,-0.19,-4.364651162790697,3.3209302325581396,-8.887441860465115,-8.349767441860465,5.787906976744186,-2.19,-2.11,1.06,0.27,12,2013,-0.8433333333333328,329.6666666666667,-19.78
2014-03-31,193.26,-7.6,-0.02,0.0,13.79,-1.68,4.72,1.42,0.0,194.94,-8.37,1.74,138.35,433.14,578.52,752.92,1437.45,347.8,201.15,15.92,571.09,156.22,727.31,361.28,696.28,-7.6,-8.83,14.2,6.4,-17.75,0.74,1.04,-0.02,0.0,0.0,-2.12,-0.44,-4.36,-4.24,-0.76,-4.11,-3.93,1.01,0.25,3,2014,0.0,380.0,-7.6
2014-06-30,220.01,-22.21,-0.05960415967796042,0.0,1.5500000000000007,-12.9,-5.79,1.86,0.0,232.91000000000003,-20.28,4.38,146.9,426.66,585.91,749.43,1444.4,371.46,203.05,16.94,598.17,156.9,755.07,361.28,674.07,-23.020000000000003,4.37,21.150000000000002,7.109999999999999,-7.801468932913101,1.0,1.12,-0.08,0.0,0.0,-6.139228446829924,-2.8908017443810805,-13.172519288829251,-12.725488091244548,-5.125957732304596,-7.56,-7.21,0.98,0.27,6,2014,0.0,372.625,-29.81
2014-09-30,246.17000000000007,-1.5500000000000007,-0.004448341836734696,0.0,16.680000000000003,6.15,13.55,2.12,0.0,240.01,-4.200000000000003,33.33,151.75,385.54,578.89,749.85,1443.4,413.26,170.98,17.08,606.49,149.31,755.8,361.29,672.53,-2.3000000000000007,-3.6900000000000004,34.940000000000005,7.4,-119.16799999999994,1.14,1.12,-0.09,0.0,0.0,-0.42901785714285734,-0.1126913265306123,-0.9213010204081639,-0.8896683673469392,-0.19968112244897968,-4.98,-4.76,0.95,0.32,9,2014,0.0,348.44444444444446,-31.36
2014-12-31,293.5999999999999,61.43,0.1634319920186232,0.0,94.00999999999999,69.07,81.25999999999999,2.06,0.73,224.52999999999997,70.38,10.95,177.0,457.84,685.4,757.85,1524.61,367.1,235.77,17.61,624.92,144.39,769.31,361.29,742.68,31.360000000000003,-13.179999999999998,-40.56,12.190000000000001,3.1511578219111183,1.0,1.04,0.08,0.0,0.0,16.09805121383439,33.585274359827075,33.0949783837712,33.99385433987363,55.076581310276026,3.28,3.16,1.1,0.36,12,2014,0.0,375.875,30.07
2015-03-31,342.65,8.5,0.02,0.0,33.29,17.01,25.04,4.44,0.0,325.64,5.69,44.22,234.28,528.26,845.85,758.68,1686.16,380.86,316.71,59.34,763.69,151.93,915.62,376.91,758.17,-39.36,2.94,69.7,8.03,55.5,2.21,1.21,0.02,0.0,0.0,2.0,4.36,4.48,4.68,7.36,2.59,2.48,1.11,0.42,3,2015,0.0,425.0,8.5
2015-06-30,362.58000000000004,6.210000000000001,0.01688647178789939,0.0,52.529999999999994,15.639999999999997,23.78,4.24,0.0,346.94000000000005,15.639999999999997,240.94,266.11,476.4,1021.47,760.54,1868.34,535.07,301.92,45.54,889.14,152.3,1041.44,376.91,814.51,11.059999999999999,-4.51,190.15000000000003,8.140000000000002,62.77214170692431,1.96,1.28,0.04,0.0,0.0,1.3340312712440519,3.32663494221618,3.0564513936097897,3.343521414004079,5.623195105370497,2.13,2.09,1.15,0.61,6,2015,0.0,367.75,14.71
2015-09-30,334.19000000000005,1.1499999999999986,0.0029003783102143723,0.0,45.76000000000002,9.050000000000004,17.309999999999995,3.14,0.0,325.15,18.370000000000005,16.7,234.7,450.9,741.17,765.98,1637.76,350.63,270.82,43.32,670.63,116.64,787.27,427.04,838.08,27.71,-49.38,-202.60000000000002,8.259999999999998,270.6543478260873,1.6,0.94,0.04,0.0,0.0,0.28133669609079415,0.786002522068095,0.5481715006305163,0.6090794451450182,1.2500630517023945,1.56,1.53,1.11,0.43,9,2015,0.0,396.5,15.86
2015-12-31,348.99,27.450000000000003,0.06971830985915493,0.0,43.889999999999986,41.56,43.88000000000001,1.99,0.0,307.43000000000006,12.159999999999997,213.11,219.47,493.04,1027.64,773.62,1908.01,403.66,310.99,153.35,876.23,128.48,1004.71,427.04,890.89,-14.03,42.25,168.18,2.3200000000000003,7.1355,0.95,1.13,0.11,0.0,0.0,5.754929577464789,12.295774647887324,12.32112676056338,13.43661971830986,20.459154929577466,3.21,3.12,1.17,0.61,12,2015,0.0,393.72727272727275,43.31
2016-03-31,404.86,27.06,0.06,0.05,54.73,41.72,49.01,2.06,0.0,363.14,12.09,311.28,272.58,565.13,1197.07,777.76,2080.84,495.29,355.14,140.56,1011.2,90.42,1101.62,482.92,966.88,-72.91,82.14,88.95,7.29,8.5825,1.03,1.14,0.06,0.05,0.75,5.2,8.88,11.2,12.56,15.6,7.26,6.68,1.18,0.62,3,2016,22.55,451.0,27.06
2016-06-30,369.99,9.099999999999998,0.017616150442477878,0.006346792035398218,46.800000000000004,17.800000000000004,25.199999999999996,2.08,0.0,352.19000000000005,12.98,203.62,247.09,566.2,1087.23,780.37,1977.5,472.07,341.75,14.28,843.07,87.36,930.43,561.85,1033.15,45.129999999999995,-57.370000000000005,-95.43,7.3999999999999995,29.514109890109896,1.13,0.9,0.07,0.05,0.64,1.842146017699115,3.1205752212389375,3.5232300884955747,3.9359513274336275,5.284845132743362,4.95,4.67,1.29,0.62,6,2016,3.2785714285714214,516.5714285714284,36.16
2016-09-30,509.7900000000001,7.950000000000003,0.016220811607345276,-0.0026994202804676397,90.22,26.139999999999993,33.68000000000001,4.5,0.0,483.65,17.25,51.77,326.88,482.12,985.66,790.62,2033.12,319.81,329.92,15.45,688.73,288.51,977.24,561.85,1040.76,-133.17,-68.61,49.95,7.540000000000001,69.35534591194966,2.43,0.94,0.09,0.05,0.5,1.5644071639084112,3.3667195647245536,3.056721831784177,3.3883473135343474,4.59229199727953,3.58,3.43,1.43,0.73,9,2016,-1.323015873015862,490.11111111111114,44.11
2016-12-31,350.6199999999999,-0.509999999999998,-0.0009357798165137578,0.005035677879714569,59.78999999999999,-4.539999999999992,3.6299999999999955,3.78,0.0,355.1600000000001,13.579999999999998,38.06,270.85,507.64,1052.39,1290.53,2660.25,233.78,369.97,18.08,660.31,799.61,1459.92,561.85,1126.3,150.26999999999998,-663.05,499.05999999999995,8.169999999999998,-1009.8529411764745,1.89,1.3,0.08,0.05,0.56,-0.07673394495412814,-0.166100917431192,-0.18107339449541213,-0.2021284403669717,-0.1899633027522928,2.73,2.67,1.59,0.82,12,2016,2.74444444444444,545.0,43.6
2017-03-31,473.0,7.29,0.01,0.029999999999999995,62.72,20.03,33.01,3.52,0.0,452.98,8.63,75.55,307.3,476.63,1044.86,1421.72,2817.67,133.01,438.36,21.9,661.31,810.21,1471.52,619.05,1272.84,104.5,-125.08,58.07,12.98,88.0,1.71,1.16,0.01,0.03,3.29,1.04,3.28,2.28,2.6,3.72,1.6,1.54,1.58,0.86,3,2017,21.869999999999997,729.0,7.29
2017-06-30,496.85,37.94,0.05871766526641611,-0.003847004200751717,95.72999999999999,64.94,73.65,2.82,0.0,431.9,48.029999999999994,53.8,356.21,544.64,1094.91,1637.22,3051.49,263.53,587.32,767.05,1638.59,47.72,1686.32,619.05,1290.14,50.93000000000001,-162.86,90.18,8.71,12.007885477069056,1.35,1.31,0.07,0.03,0.47,4.965836833959761,11.340897634313508,11.777086004864028,13.052098164934778,20.16532390006633,4.85,4.66,0.67,0.34,6,2017,-2.4857142857142875,646.142857142857,45.23
2017-09-30,523.7299999999999,28.140000000000008,0.046024260596974245,-0.0017038883155824592,91.98000000000002,60.870000000000005,72.46000000000001,3.48,0.0,462.86,35.69,62.2,352.06,515.68,1044.22,1805.83,3136.66,396.46,473.87,214.1,1121.75,622.03,1743.78,619.05,1317.9,-41.82000000000001,-61.81999999999999,112.05000000000001,11.59,18.903073916133614,1.63,1.32,0.12,0.03,0.27,3.5898923265639917,8.652560992231159,8.545171050838219,9.54236336377266,11.107188224069786,5.12,4.91,0.93,0.47,9,2017,-1.0417857142857088,611.4166666666667,73.37
