,revenue,net_profit,eps,dps,gross_profit,ebit,ebitda,close_price,allowance_doubtful_accounts,expense,operating_profit,cash,account_receivable,inventory,current_asset,property_plant_equipment,total_asset,short_term_loan,account_payable,current_portion_long_term_debt,current_liability,non_current_liability,total_liability,paid_in_capital,total_equity,cash_flow_operation,cash_flow_investment,cash_flow_financing,depreciation,P/E,P/BV,D/E,EPS,DPS,DPR%,ROA%,ROAA%,ROE%,ROAE%,ROCE%,NPM%,NPMA%,CurrentRatio,QuickRatio,month,year,dividend,number_of_shares,return_old
2004-06-30,,,,,,,,,0.0,,,39.53,84.54,43.72,170.37,132.65,413.39,21.0,35.41,5.04,208.85,6.4,215.25,160.0,198.13,,,,,,0.0,1.09,0.49,0.0,0.0,,,,,,25.91,24.79,0.82,0.61,6,2004,,160.04081632653063,78.42
2004-09-30,144.3,23.5,0.14295525902668757,0.0,45.56999999999999,25.560000000000002,32.32000000000001,,0.0,118.74000000000001,20.820000000000007,99.86,51.88,33.55,386.74,168.12,646.21,4.69,32.2,1.08,55.04,9.7,64.74,200.0,581.46,57.019999999999996,-211.76,215.08000000000004,6.76,0.0,0.0,0.11,0.62,0.0,0.0,14.544544740973311,0.0,16.167778649921505,0.0,18.06770015698587,23.05,22.12,7.03,6.42,9,2004,0.0,164.38709677419357,101.92
2004-12-31,186.14000000000004,14.849999999999994,0.08520596043504322,0.0,47.629999999999995,18.760000000000005,28.23999999999998,,0.38,167.38,18.129999999999995,11.61,70.5,85.33,321.66,222.92,638.46,3.31,42.48,1.28,75.63,10.15,85.77,200.0,546.31,-1.2800000000000011,-28.599999999999966,-58.380000000000024,9.48,0.0,0.0,0.16,0.67,0.0,0.0,9.303982187205614,0.0,10.870754474608201,0.0,12.16283291941423,18.61,18.05,4.25,3.12,12,2004,0.0,174.28358208955223,116.77
2005-03-31,190.94,22.4,0.11,0.0,51.9,26.69,36.76,,0.0,164.26,23.61,24.45,86.95,92.15,337.82,276.99,681.78,3.62,57.04,1.29,97.84,9.7,107.54,200.0,568.72,28.61,-12.49,-3.27,10.07,0.0,0.0,0.19,0.11,0.0,0.0,13.16,0.0,15.76,0.0,18.28,11.92,11.73,3.45,2.51,3,2005,0.0,203.63636363636363,22.4
2005-06-30,162.42000000000002,19.340000000000003,0.09730234786775276,0.0,51.339999999999996,23.27,34.86000000000001,,0.0,139.14,23.410000000000004,23.44,73.44,104.84,320.58,253.08,683.98,1.95,46.83,3.89,73.23,16.26,89.5,200.0,588.05,3.700000000000003,-3.839999999999998,-0.8800000000000003,11.59,0.0,0.0,0.15,0.21,0.0,0.0,11.305606133205558,16.884274077623385,13.158984187829422,19.682874940105414,15.160632486823191,11.91,11.81,4.38,2.95,6,2005,0.0,198.7619047619048,41.74
2005-09-30,172.61,20.21,0.10113155770782889,0.0,51.760000000000005,22.85,35.14,,0.0,149.75,19.160000000000004,30.92,63.7,138.67,294.84,275.5,678.74,3.86,53.33,4.2,79.98,13.14,93.12,200.0,578.26,32.39999999999999,5.989999999999998,-30.9,12.290000000000003,0.0,0.0,0.16,0.31,0.0,0.0,11.913949959644874,14.34110734463277,13.975728813559321,13.936581113801452,15.867867635189668,11.93,11.78,3.69,1.95,9,2005,0.0,199.83870967741936,61.95
2005-12-31,150.82999999999993,9.719999999999999,0.04882377563834239,0.05,42.610000000000014,10.579999999999998,23.179999999999993,3.92,0.72,140.25,12.849999999999994,20.99,55.72,156.0,244.57,377.15,721.93,0.0,49.12,11.72,96.61,32.56,129.17,200.0,577.98,12.730000000000004,-38.66,15.989999999999998,12.599999999999994,20.074236111111116,1.36,0.22,0.36,0.05,0.14,5.386889912097111,6.650883214734197,6.726831310171619,6.916701548765173,7.236768522394306,10.7,10.59,2.53,0.92,12,2005,9.954166666666667,199.08333333333334,71.67
2006-03-31,201.04,20.42,0.1,0.0,61.28,23.7,36.36,3.92,0.0,177.34,22.72,10.58,100.01,178.47,299.2,422.58,813.88,44.16,63.79,18.27,154.99,44.82,199.81,200.0,598.4,-19.8,-46.55,55.95,12.66,9.8,1.31,0.33,0.1,0.0,0.0,10.04,12.680000000000001,13.64,14.0,14.400000000000002,10.21,10.16,1.93,0.78,3,2006,0.0,204.20000000000002,20.42
2006-06-30,148.32000000000002,9.119999999999997,0.04631008801624914,0.0,42.92999999999999,10.930000000000003,24.25,2.64,0.0,137.39000000000001,9.950000000000003,11.16,81.84,193.66,301.23,453.1,839.94,84.5,42.94,22.15,176.65,40.68,217.33,200.0,607.52,-2.099999999999998,-37.760000000000005,40.42999999999999,13.32,14.251754385964917,0.87,0.36,0.15,0.0,0.0,4.346973595125252,5.606607989167229,6.00178740690589,6.100582261340554,6.446364251861881,8.5,8.46,1.71,0.61,6,2006,0.0,196.93333333333334,29.54
2006-09-30,164.29999999999995,9.420000000000002,0.04593942505133471,0.1,45.63000000000001,11.86,25.14,2.78,0.0,152.45,10.269999999999996,15.54,70.34,205.93,308.08,460.08,859.57,82.91,48.4,25.32,183.07,64.0,247.08,200.0,596.95,23.68,-22.50999999999999,3.200000000000003,13.279999999999998,15.126985138004246,0.93,0.41,0.19,0.1,0.53,4.3811704312115,5.841560574948666,6.31546201232033,6.412176591375771,6.644291581108831,7.64,7.58,1.68,0.56,9,2006,20.50526315789474,205.05263157894737,38.96
2006-12-31,167.43000000000006,9.509999999999998,0.04708892098205074,-0.0015321468515522277,45.53,10.030000000000001,23.040000000000006,3.24,0.02,157.39000000000004,10.29,7.13,84.77,194.31,303.44,492.51,882.1,107.1,48.4,25.38,203.12,56.51,259.62,200.0,606.46,11.89,-37.91,17.629999999999995,13.010000000000005,17.201498422712937,1.07,0.43,0.24,0.1,0.42,4.308636269857643,5.532948215390962,6.270674644109758,6.419789560552918,6.529663709511037,7.15,7.12,1.49,0.54,12,2006,-0.309429824561402,201.95833333333334,48.47
2007-03-31,178.3,13.74,0.07,0.0,56.54,18.89,35.9,2.88,0.0,159.42,17.17,14.2,76.47,200.99,306.46,512.25,907.41,103.57,64.23,25.39,221.64,49.06,270.69,200.0,620.2,55.58,-37.44,-11.08,17.01,10.285,0.93,0.44,0.07,0.0,0.0,6.04,8.76,8.88,9.04,11.0,7.78,7.71,1.38,0.48,3,2007,0.0,196.28571428571428,13.74
2007-06-30,149.77999999999997,2.4099999999999984,0.01193808049535603,0.05000000000000001,41.39000000000001,5.77,24.04,2.76,0.0,143.99000000000004,1.4699999999999989,8.08,79.06,210.73,313.62,513.07,914.74,125.32,53.52,27.91,241.28,45.54,286.82,200.0,612.61,2.3299999999999983,-16.730000000000004,8.280000000000001,18.27,57.798236514522856,0.9,0.47,0.08,0.05,0.63,1.0565201238390087,1.6773003095975223,1.575826625386996,1.5817956656346739,2.1846687306501535,5.01,4.92,1.3,0.43,6,2007,10.09375,201.87499999999997,16.15
2007-09-30,184.24000000000007,11.05,0.056875000000000016,-0.0019531250000000043,58.20999999999998,18.709999999999997,37.730000000000004,2.42,0.0,165.53999999999996,13.79,10.71,96.64,212.05,336.01,509.8,934.15,132.44,58.52,30.14,253.59,41.12,294.71,200.0,623.66,16.430000000000007,-14.429999999999993,0.6299999999999999,19.019999999999996,10.639999999999999,0.78,0.47,0.14,0.05,0.36,4.728750000000001,7.865000000000001,7.085000000000001,7.2475000000000005,10.35125,5.43,5.31,1.33,0.49,9,2007,-0.3794642857142865,194.28571428571425,27.2
2007-12-31,181.89,5.239999999999998,0.025844636251541302,0.0020873700898361817,52.880000000000024,7.970000000000006,27.590000000000003,2.4,0.0,173.92000000000002,7.229999999999997,14.83,81.96,202.87,316.14,503.8,907.75,95.49,48.21,32.71,203.46,59.05,262.51,200.0,628.89,33.22999999999999,-12.330000000000013,-16.78,19.620000000000005,23.215648854961838,0.76,0.42,0.16,0.05,0.31,2.306633785450061,3.7087053020961767,3.333958076448828,3.392108508014796,4.710184956843403,4.76,4.67,1.55,0.56,12,2007,0.42321428571428577,202.74999999999997,32.44
2008-03-31,210.06,6.06,0.03,0.08,57.1,10.12,28.42,2.38,0.0,199.94,7.02,22.52,110.74,212.52,361.84,489.46,938.57,86.25,84.15,34.36,236.52,50.29,286.81,200.0,634.95,27.69,-3.65,-16.35,18.3,19.8325,0.75,0.45,0.03,0.08,2.67,2.6,4.4,3.8,3.8799999999999994,5.76,2.93,2.88,1.53,0.63,3,2008,16.16,202.0,6.06
2008-06-30,200.62,8.510000000000002,0.04088538091969802,0.0023610157858613575,57.63,12.78,30.17,2.02,0.0,187.83999999999997,9.280000000000001,22.44,119.11,259.62,410.1,476.44,974.21,162.43,64.72,34.01,289.34,42.71,332.05,200.0,627.46,-46.480000000000004,-4.01,50.410000000000004,17.389999999999997,12.35282608695652,0.64,0.53,0.07,0.08,1.14,3.5044612216884015,5.653864104323954,5.420233356211394,5.490322580645162,7.803266986959507,3.61,3.55,1.42,0.52,6,2008,0.4914285714285711,208.14285714285714,14.57
2008-09-30,208.64000000000004,7.370000000000001,0.03695077484047402,-0.0034848287537439728,57.27999999999999,12.0,29.11999999999999,2.2,0.0,196.64,8.77,33.34,97.02,233.34,372.42,477.82,936.42,135.68,57.57,33.59,251.95,34.49,286.44,200.0,634.83,63.94,-16.57,-36.480000000000004,17.120000000000005,14.884667571234734,0.69,0.45,0.11,0.08,0.73,3.144175022789426,5.0118687329079314,4.6490793072014585,4.689389243391067,6.8526891522333635,3.6,3.54,1.48,0.55,9,2008,-0.6950649350649343,199.45454545454547,21.94
2008-12-31,183.91999999999996,1.5,0.007679180887372013,-0.0016878684455476282,34.53,4.050000000000004,17.540000000000006,1.68,0.0,179.87,0.9199999999999982,14.45,76.81,178.91,278.23,468.05,832.03,59.52,42.31,37.12,159.81,20.72,180.54,200.0,636.33,69.4,-1.8000000000000007,-86.48,13.489999999999995,54.693333333333335,0.53,0.28,0.12,0.08,0.67,0.7218430034129693,1.1467576791808876,0.9419795221843004,0.9496587030716723,1.4820819112627985,2.97,2.92,1.74,0.62,12,2008,-0.32969696969697004,195.33333333333334,23.44
2009-03-31,140.43,5.88,0.03,0.0,40.36,8.39,25.04,1.1,0.0,132.04,8.36,17.99,79.05,171.63,277.8,452.32,815.01,38.87,49.11,29.68,139.54,19.01,158.55,200.0,642.21,34.48,-0.57,-30.37,16.65,9.1675,0.34,0.25,0.03,0.0,0.0,2.88,3.8399999999999994,3.68,3.68,4.96,4.24,4.19,1.99,0.76,3,2009,0.0,196.0,5.88
2009-06-30,113.07,2.0700000000000003,0.010415094339622642,0.07,30.760000000000005,3.8099999999999987,19.82,1.43,0.0,109.26000000000002,2.360000000000001,10.93,58.55,160.08,238.76,459.89,758.61,23.37,32.34,24.07,98.29,15.48,113.78,200.0,630.28,30.35,2.01,-39.42,16.009999999999998,34.32518115942029,0.45,0.18,0.04,0.07,1.75,1.0935849056603775,1.4685283018867925,1.312301886792453,1.312301886792453,1.926792452830189,3.2,3.14,2.43,0.8,6,2009,13.912500000000001,198.75,7.95
2009-09-30,184.39,-14.65,-0.06559701492537313,0.007705223880597014,56.5,-8.52,7.520000000000003,1.79,0.0,192.90999999999997,17.43,50.72,82.21,136.69,278.43,269.17,748.3,7.8,56.44,17.24,105.14,13.14,118.28,200.0,615.63,57.34,7.870000000000001,-25.419999999999987,16.040000000000006,-6.822337883959045,0.58,0.19,-0.03,0.07,-2.33,-7.871641791044777,3.848358208955224,-9.533432835820896,-9.358507462686568,4.985373134328357,-1.58,-1.53,2.65,1.35,9,2009,1.7208333333333332,223.33333333333334,-6.7
2009-12-31,150.81000000000006,10.17,0.05861671469740634,-0.02010566762728146,45.69999999999999,12.48,26.21,1.52,0.0,138.32,12.230000000000004,34.86,65.98,117.53,244.17,281.1,736.8,5.87,52.42,9.25,85.54,10.66,96.2,200.0,625.8,43.89,-47.230000000000004,-12.510000000000005,13.729999999999997,6.482792527040315,0.49,0.15,0.02,0.07,3.5,5.509971181556195,24.15008645533141,6.447838616714698,6.447838616714698,29.073890489913545,0.6,0.59,2.85,1.48,12,2009,-3.4883333333333333,173.5,3.47
2010-03-31,209.42,23.25,0.12,0.09,66.84,32.27,44.73,2.0,0.0,177.15,31.78,76.88,94.84,101.23,301.53,274.47,784.58,3.33,73.14,0.37,108.32,11.81,120.13,200.0,649.05,55.53,-0.7,-12.81,12.46,4.1675,0.62,0.19,0.12,0.09,0.75,11.84,16.12,14.32,14.4,19.08,11.23,11.1,2.78,1.85,3,2010,17.4375,193.75,23.25
2010-06-30,179.77,17.259999999999998,0.08521352752406813,0.003910145643051089,56.47999999999999,23.659999999999997,34.95000000000001,2.88,0.0,156.10999999999999,23.049999999999997,69.88,102.0,101.58,302.14,267.85,776.01,4.79,68.67,0.24,101.95,11.97,113.92,200.0,648.31,15.039999999999992,-4.38,-17.67,11.29,8.44936268829664,0.89,0.18,0.2,0.09,0.45,8.896292273512712,12.424132313009133,10.651690940508516,10.805075290051837,14.145445568995312,10.54,10.41,2.96,1.97,6,2010,0.791999999999998,202.54999999999998,40.51
2010-09-30,173.97999999999996,16.42,0.08075882662919376,0.0003414719831371815,55.27000000000001,22.169999999999995,33.06999999999999,3.06,0.0,151.81,19.689999999999998,22.53,97.28,186.41,314.14,265.09,783.22,7.58,63.05,0.26,92.2,12.05,104.25,200.0,664.73,-65.58,16.53,1.7100000000000009,10.899999999999999,9.473887028014616,0.92,0.16,0.28,0.09,0.32,8.387380994203408,11.767714737396803,9.875650799227124,10.256370981907606,13.036782012998422,10.28,10.11,3.41,1.39,9,2010,0.0694285714285705,203.32142857142856,56.93
2010-12-31,187.69000000000005,14.500000000000007,0.07307853842923144,-0.0022247555048898787,59.44999999999999,20.580000000000013,31.460000000000008,3.02,0.0,167.10999999999996,20.260000000000005,30.21,100.3,192.39,352.56,262.04,815.44,5.73,75.18,0.24,109.1,12.38,121.48,200.0,679.23,34.53,-24.92,-1.9400000000000013,10.880000000000003,10.332718965517238,0.89,0.18,0.36,0.09,0.25,7.112977740445193,10.32031359372813,8.54206915861683,8.891222175556491,11.343413131737371,9.67,9.51,3.23,1.47,12,2010,-0.44142857142856684,198.41666666666669,71.43
2011-03-31,228.98,26.08,0.13,0.18,75.43,37.27,47.89,3.02,0.0,191.72,33.93,62.14,118.24,193.25,394.07,263.71,851.84,7.27,87.12,0.25,140.03,17.16,157.19,200.0,694.64,46.62,-13.79,-0.89,10.62,5.8075,0.87,0.23,0.13,0.18,1.38,12.24,18.24,15.0,15.52,20.96,11.56,11.39,2.81,1.43,3,2011,36.11076923076922,200.61538461538458,26.08
2011-06-30,221.19000000000003,25.690000000000005,0.12902066834073792,-0.0013559976820552244,68.66999999999999,37.04999999999999,47.39,3.7,0.0,184.13000000000002,28.32,57.45,117.52,195.38,380.91,264.66,835.98,5.0,85.82,0.25,134.47,15.19,149.65,200.0,686.33,22.520000000000003,11.11,-38.33,10.340000000000002,7.16900642273258,1.08,0.22,0.26,0.18,0.69,12.286737492756425,18.301085570793898,14.966397527525597,15.403082866525015,21.020444272744836,11.82,11.5,2.83,1.38,6,2011,-0.269999999999996,199.1153846153846,51.77
2011-09-30,222.75999999999993,22.479999999999997,0.1120215488215488,0.0013995337995338212,72.92000000000002,31.650000000000006,42.58000000000001,3.38,0.0,191.11,28.86,38.46,120.11,209.17,377.87,288.27,851.77,5.44,87.43,0.65,127.13,15.83,142.97,200.0,708.81,11.89,-31.189999999999998,0.3100000000000023,10.93,7.54720862989324,0.95,0.2,0.37,0.18,0.49,10.560301683501683,15.695127272727271,12.69173872053872,13.091383164983164,17.705459932659927,11.28,11.03,2.97,1.33,9,2011,0.2808523908523952,200.67567567567568,74.25
2011-12-31,164.7800000000001,9.670000000000002,0.048396091515729274,-0.000780279803158739,49.59,12.599999999999994,20.029999999999973,3.6,0.0,152.17999999999995,16.689999999999998,49.39,97.31,210.41,360.94,286.85,839.72,2.21,85.09,0.65,115.86,5.39,121.25,200.0,718.47,26.679999999999993,-12.36,-3.3900000000000006,7.43,18.593443640124093,1.0,0.17,0.42,0.18,0.43,4.604542421353671,6.604914204003814,5.383489037178266,5.535591039084843,7.549790276453765,10.22,10.02,3.12,1.3,12,2011,-0.15590733590733663,199.80952380952382,83.92
2012-03-31,234.05,31.03,0.16,0.25,80.95,40.39,50.32,3.54,0.0,193.66,37.09,52.26,135.06,223.12,414.27,289.61,893.22,1.47,115.34,0.68,138.55,5.16,143.71,200.0,749.51,13.74,-9.98,-0.89,9.93,5.5325,0.94,0.19,0.16,0.25,1.56,13.88,18.52,16.56,17.2,21.4,13.45,13.26,2.99,1.38,3,2012,48.484375,193.9375,31.03
2012-06-30,245.69,34.44,0.17359401252482054,0.005615644570032055,85.02999999999999,44.84,54.220000000000006,3.9,0.0,200.84,39.269999999999996,55.63,147.68,242.09,449.22,291.63,927.62,36.48,131.59,0.68,188.23,5.44,193.67,200.0,733.95,24.199999999999996,-5.67,-15.16,9.379999999999999,5.6174172473867605,1.06,0.26,0.33,0.25,0.76,14.855439132427064,20.34732243775775,18.769195051168474,19.400446005804188,24.26107835649916,13.9,13.65,2.39,1.1,6,2012,1.1141098484848442,198.39393939393938,65.47
2012-09-30,273.39,37.599999999999994,0.18969632288735808,-0.00023005841866809073,97.19000000000003,49.05,59.249999999999986,6.15,0.0,224.36,45.629999999999995,48.72,130.02,328.63,511.21,321.73,1017.87,70.16,139.28,8.29,228.49,17.84,246.33,200.0,771.54,-23.629999999999995,-15.839999999999998,32.57,10.200000000000003,8.107168218085107,1.59,0.32,0.52,0.25,0.48,14.781721160376444,20.95414766663432,19.494945182885413,20.326690598622292,24.821034248568935,13.91,13.69,2.24,0.8,9,2012,-0.04560023310023098,198.21153846153845,103.07
2012-12-31,299.9,42.920000000000016,0.21461469963696148,0.0022186055946930446,94.66999999999996,52.900000000000006,64.11000000000001,7.65,0.0,246.99,41.89,56.94,146.21,315.8,522.78,330.41,1038.53,42.05,136.98,6.67,205.53,18.52,224.06,200.0,814.46,53.709999999999994,-16.070000000000004,-29.42,11.209999999999997,8.91178471575023,1.88,0.28,0.73,0.25,0.34,16.534151654222896,23.43710117131311,21.07339954791425,22.402246729228036,26.424067401876847,14.18,13.86,2.54,1.01,12,2012,0.44369072708114743,199.98630136986304,145.99
2013-03-31,316.15,41.34,0.2,0.43,111.36,53.35,64.63,12.1,0.0,262.79,48.68,53.33,172.04,344.41,573.61,333.31,1115.4,34.02,155.3,8.36,228.24,23.06,251.3,202.7,864.1,28.61,-25.25,-6.97,11.28,15.125,2.84,0.29,0.2,0.43,2.15,14.84,21.24,19.12,20.48,24.04,13.27,13.08,2.51,1.0,3,2013,88.881,206.70000000000002,41.34
2013-06-30,324.06000000000006,49.92999999999999,0.24617618056316423,-0.008221211789196946,122.01,63.160000000000004,74.84,9.45,0.0,260.92,53.330000000000005,57.25,171.2,382.3,614.59,399.36,1169.94,117.07,157.27,13.68,310.77,33.0,343.77,202.74,826.16,41.36,-29.939999999999998,-7.510000000000001,11.680000000000001,9.59678549969958,2.32,0.42,0.45,0.43,0.96,17.068215185712717,24.31126547606004,24.179971513093022,25.60232277856908,29.672435630546726,14.59,14.26,1.98,0.75,6,2013,-1.667444444444456,202.8222222222222,91.27
2013-09-30,352.61,56.67,0.2796343112072462,-0.0003494359575202434,136.31,72.58,84.91999999999999,10.0,0.0,280.02,70.61999999999999,38.06,170.01,397.29,609.19,470.64,1232.66,67.2,195.89,24.26,300.82,48.87,349.69,202.86,882.97,75.41,-38.49000000000001,-56.099999999999994,12.339999999999996,8.941141697547202,2.3,0.4,0.73,0.43,0.59,18.386913613627147,25.74167905907801,25.665066919021225,27.396501284304446,31.08920643504123,15.15,14.9,2.03,0.7,9,2013,-0.07081582952814358,202.65753424657535,147.94
2013-12-31,337.64,67.44999999999999,0.3319420585913923,0.0011439523209570593,142.81,86.39000000000001,98.42000000000002,10.9,0.0,251.25,83.63999999999999,38.08,158.79,424.04,624.75,517.21,1292.39,25.71,180.83,33.24,269.69,72.29,341.98,202.86,950.41,69.64000000000001,-60.25999999999999,-9.370000000000005,12.030000000000001,8.206853965900669,2.33,0.36,1.06,0.43,0.41,20.88103440271136,29.611736849435903,28.38417753841868,30.576247736663724,33.745354937555135,16.43,16.19,2.32,0.74,12,2013,0.23244895321786885,203.19811320754715,215.39
2014-03-31,343.35,61.38,0.3,1.04,137.96,78.37,90.67,12.3,0.0,264.98,74.77,43.66,167.3,519.86,734.67,537.5,1420.2,71.39,189.26,37.88,343.18,62.66,405.84,205.43,1014.36,-6.89,-30.09,42.57,12.3,10.25,2.49,0.4,0.3,1.04,3.47,17.28,24.72,24.2,26.16,29.12,18.07,17.88,2.14,0.63,3,2014,212.78400000000002,204.60000000000002,61.38
2014-06-30,292.03999999999996,43.779999999999994,0.21232217573221754,0.008050209205020795,109.38,57.78999999999999,71.42999999999999,14.6,0.0,234.25,52.83,36.5,146.01,594.7,781.05,543.63,1472.44,181.0,178.61,42.87,427.1,200.86,627.96,205.43,844.48,-32.17,-12.279999999999998,37.279999999999994,13.64,17.19238693467337,3.55,0.74,0.51,1.04,2.04,11.890041841004182,17.1689539748954,20.732635983263595,20.965774058577402,21.69849372384937,16.78,16.55,1.83,0.44,6,2014,1.659921568627425,206.19607843137254,105.16
2014-09-30,305.94000000000005,45.66,0.22403129558414003,-0.01217147567155749,115.97,60.43000000000001,75.20000000000002,17.7,0.0,245.51,55.56999999999999,108.12,157.61,719.13,988.7,537.19,1671.0,171.6,260.8,228.43,672.88,107.98,780.86,205.43,890.14,-4.699999999999996,-6.539999999999999,82.85,14.77,19.752597459483137,4.08,0.88,0.74,1.04,1.41,10.935149184458293,16.39666887680679,20.514000795650446,20.598769393979577,23.856305529770587,16.25,16.02,1.47,0.4,9,2014,-2.48067832538419,203.8108108108108,150.82
2014-12-31,938.2099999999999,177.93,0.8659711026615969,0.00839181995683891,292.15000000000003,223.99999999999997,238.93,18.2,0.0,714.21,220.74000000000004,144.53,135.02,454.67,737.79,533.78,1404.25,1.57,131.43,52.85,238.67,97.51,336.18,205.43,1068.08,403.33,-9.89,-357.01,14.93,5.256526442983196,3.5,0.31,1.6,1.04,0.65,50.680958783269965,67.52409673003802,66.6364763498099,70.51169703422053,78.11059346007605,17.65,17.49,3.09,1.19,12,2014,1.7242567567567448,205.46875,328.75
2015-03-31,258.01,36.07,0.02,0.15,97.52,48.26,63.05,2.0,0.0,209.75,43.34,169.69,121.38,464.96,759.6,530.59,1420.13,1.06,115.31,52.16,230.95,84.75,315.71,205.73,1104.44,47.44,-9.17,-13.11,14.79,25.0,3.73,0.29,0.02,0.15,7.5,10.16,13.6,13.08,13.6,16.24,14.25,13.98,3.29,1.28,3,2015,270.525,1803.5,36.07
2015-06-30,295.66999999999996,41.529999999999994,0.02140721649484536,0.01055412371134019,111.63000000000001,54.080000000000005,68.92999999999999,1.82,0.0,241.58999999999997,51.06,71.78,140.66,465.54,681.55,522.94,1341.87,223.05,137.3,50.52,430.38,74.07,504.45,213.96,837.43,14.43,-12.819999999999999,-99.52,14.850000000000001,21.254514808572118,4.65,0.6,0.04,0.15,3.75,12.37337113402062,15.563046391752575,19.844489690721648,19.758860824742268,24.04030412371134,14.22,14.02,1.58,0.5,6,2015,20.474999999999966,1939.9999999999998,77.6
2015-09-30,326.43000000000006,50.49000000000001,0.02365055820126474,0.013689593254742794,123.68999999999997,65.1,80.36000000000001,1.44,0.0,261.33,62.41,92.54,126.04,443.12,665.27,515.13,1325.1,190.0,123.97,45.85,371.28,65.92,437.2,213.96,887.92,63.27,4.599999999999998,-47.110000000000014,15.259999999999998,15.221628045157454,3.47,0.49,0.06,0.15,2.5,15.246726520415336,17.62754937934265,22.751836989616677,22.720302912014994,27.671153095479745,14.73,14.55,1.79,0.6,9,2015,29.22500000000008,2134.8333333333335,128.09
2015-12-31,286.4899999999999,48.099999999999994,0.021840059027186557,0.004600147567966385,110.75,62.94999999999999,78.88000000000002,0.7,0.0,223.54000000000008,59.18000000000001,101.53,135.24,448.09,688.42,511.84,1342.37,173.43,109.9,41.91,347.92,58.44,406.36,213.96,936.03,47.489999999999995,-10.120000000000001,-28.379999999999995,15.93,8.012798856548857,1.6,0.43,0.08,0.15,1.88,14.337998751347977,18.323809523809523,20.55149554458255,19.197411884896983,25.30170838299563,15.29,15.1,1.98,0.69,12,2015,10.131249999999966,2202.375,176.19
2016-03-31,270.75,49.81,0.01,0.04,105.24,63.78,79.56,0.61,0.0,206.96,53.87,98.79,148.06,508.04,1462.78,507.35,2113.12,1.0,109.3,9.36,154.31,12.58,166.89,427.92,1946.25,-6.74,-705.1,709.1,15.78,15.25,1.34,0.09,0.01,0.04,4.0,9.44,14.44,10.24,13.080000000000002,13.04,19.1,18.4,9.48,6.19,3,2016,199.24,4981.0,49.81
2016-06-30,278.17999999999995,41.379999999999995,0.009075556530321306,-0.0036977738787147742,104.3,52.19,68.25999999999999,0.64,0.0,225.99999999999997,49.589999999999996,59.66,203.58,640.23,1350.86,496.85,1992.76,1.62,134.69,4.67,162.93,13.38,176.31,427.92,1816.46,-118.9,254.76000000000005,-174.99,16.07,17.629772837119383,1.51,0.1,0.02,0.04,2.0,8.313209781774317,12.633174690207259,9.11185875644259,12.469814672661476,11.507805680447417,17.0,16.61,8.29,4.36,6,2016,-16.860000000000014,4559.5,91.19
2016-09-30,250.74,31.960000000000008,0.007785627283800245,-0.004428745432399507,88.77000000000001,40.66999999999999,56.74000000000001,0.65,0.0,210.07,35.81000000000002,66.42,175.56,690.83,1396.69,506.8,2045.6,0.23,172.9,0.66,181.81,13.49,195.3,428.45,1850.32,4.140000000000001,6.46999999999997,-3.8600000000000136,16.07,20.875003911138922,1.51,0.11,0.03,0.04,1.33,6.249263499796996,9.643796995533902,6.913637028014618,9.332371904181894,8.719902557856276,15.74,15.4,7.68,3.88,9,2016,-18.17999999999998,4105.0,123.15
2016-12-31,235.07000000000005,14.98999999999998,0.003255393079484577,0.004340524105979432,85.54000000000002,18.610000000000014,35.44999999999999,0.61,0.0,216.46000000000004,14.219999999999999,83.14,172.38,817.31,1515.05,496.77,2140.9,0.76,242.02,0.57,258.43,13.85,272.28,428.55,1865.68,-2.9599999999999937,15.970000000000027,3.7200000000000273,16.840000000000003,46.8376617745164,1.4,0.15,0.03,0.04,1.33,2.7996380483567362,4.366567250615313,3.211987838424783,4.279756768495723,4.041027942666855,13.64,13.35,5.86,2.7,12,2016,19.986666666666622,4604.666666666666,138.14
2017-03-31,393.29,139.59,0.030000000000000002,0.01,96.13,175.21,189.98,0.58,0.0,218.07,39.11,109.53,179.2,953.64,1861.7,485.26,2465.4,0.73,228.06,0.48,278.21,14.14,292.35,474.82,2170.47,-58.48,-80.11,164.99,14.77,4.8325,1.27,0.13,0.03,0.01,0.27,22.64,30.6,25.72,27.12,32.04,54.28,35.49,6.69,3.26,3,2017,46.53,4653.0,139.59
2017-06-30,229.50999999999993,27.819999999999993,0.0066471536945224285,-0.0011176154351591906,77.99000000000001,34.31,48.95000000000002,0.59,0.0,195.2,28.47,87.76,163.54,1075.12,1827.61,474.39,2420.13,0.85,198.8,0.33,240.7,14.03,254.74,474.82,2160.3,-103.58000000000001,116.85,-35.05000000000001,14.64,22.189948777857662,1.3,0.12,0.04,0.01,0.2,4.59983035660952,6.314796009796307,5.151544113254882,5.596903410787885,6.3879147004360535,34.81,26.88,7.59,3.13,6,2017,-4.677500000000002,4185.25,167.41
2017-09-30,239.80000000000007,32.47,0.006497898739243546,0.0016244746848108865,81.31,44.09,58.74000000000001,0.6,0.0,195.72000000000003,32.480000000000004,85.51,149.28,1188.4,1844.48,460.02,2415.76,0.84,192.34,0.19,202.81,14.24,217.05,475.16,2193.84,-99.87,99.75,0.9000000000000057,14.650000000000002,23.08438558669541,1.3,0.1,0.04,0.01,0.2,5.373762257354413,7.388110866519911,5.91958575145087,6.419923954372624,7.446591955173105,28.19,23.17,9.09,3.23,9,2017,8.1175,4997.0,199.88
