,revenue,net_profit,eps,dps,gross_profit,ebit,ebitda,close_price,expense,operating_profit,cash,account_receivable,inventory,current_asset,property_plant_equipment,total_asset,short_term_loan,account_payable,current_portion_long_term_debt,current_liability,non_current_liability,total_liability,paid_in_capital,total_equity,cash_flow_operation,cash_flow_investment,cash_flow_financing,depreciation,P/E,P/BV,D/E,EPS,DPS,DPR%,ROA%,ROAA%,ROE%,ROAE%,ROCE%,NPM%,NPMA%,TIE,CurrentRatio,QuickRatio,month,year,dividend,number_of_shares,return_old
2000-03-31,130.6,9.47,0.72,0.0,6.86,11.83,18.47,9.2,118.77,-0.82,4.69,75.33,78.67,180.4,159.21,382.01,134.4,51.81,0.0,213.86,0.0,213.86,131.7,139.52,-2.39,18.11,-12.44,6.64,3.195,0.87,1.53,0.72,0.0,0.0,9.920000000000002,0.0,27.16,0.0,28.16,8.1,7.25,0.0,0.84,0.48,3,2000,0.0,13.152777777777779,9.47
2000-06-30,120.96000000000001,8.269999999999998,0.6293404735062006,0.0,10.61,10.819999999999999,17.36,5.5,110.14999999999999,1.8199999999999998,3.82,85.13,74.9,186.14,153.96,383.23,119.77,59.6,0.0,206.57,0.0,206.57,131.7,147.8,12.18,-1.2800000000000011,-11.76,6.54,2.1826420798065302,0.49,1.4,1.35,0.0,0.0,8.633618940248025,0.0,22.376550169109354,0.0,23.90561443066516,7.75,7.05,0.0,0.9,0.54,6,2000,0.0,13.140740740740739,17.74
2000-09-30,131.8,8.32,0.6321412125863393,0.0,15.46,9.61,16.050000000000004,5.5,122.18000000000004,3.42,5.76,88.68,72.96,192.79,148.04,374.34,87.84,73.28,0.0,190.04,0.0,190.04,131.7,156.11,24.42,9.450000000000003,-31.930000000000003,6.440000000000001,2.176887019230769,0.46,1.22,1.98,0.0,0.0,8.888288564850347,0.0,21.314013814274755,0.0,22.348426707597852,7.35,6.8,0.0,1.01,0.63,9,2000,0.0,13.16161616161616,26.06
2000-12-31,125.70999999999998,8.879999999999999,0.6734974241556954,0.0,21.700000000000003,10.810000000000002,18.050000000000004,5.6,114.89999999999998,9.99,4.68,106.81,75.22,204.29,142.6,376.89,89.29,65.24,0.0,177.48,0.0,177.48,131.7,170.84,-12.18,10.199999999999996,0.9000000000000057,7.239999999999998,2.075546171171171,0.43,1.04,2.65,0.0,0.0,9.423880938752145,0.0,20.78946765884373,0.0,21.958557527189466,7.32,6.86,0.0,1.15,0.73,12,2000,0.0,13.184905660377359,34.94
2001-03-31,121.88,7.94,0.6,0.0,10.72,10.16,16.58,4.0,111.72,2.87,1.26,110.24,74.91,205.09,136.32,371.59,90.65,53.31,0.0,163.56,0.0,163.56,131.7,178.78,-3.52,0.67,-0.58,6.42,1.6675,0.29,0.91,0.6,0.0,0.0,8.56,10.8,17.76,19.96,19.52,6.93,6.51,0.0,1.25,0.8,3,2001,0.0,13.233333333333334,7.94
2001-06-30,105.06,8.16,0.618335403726708,0.0,10.159999999999998,10.41,16.560000000000002,6.0,94.65,2.5,2.07,126.11,76.14,224.4,130.36,385.61,93.79,55.51,0.0,168.63,0.0,168.63,131.7,186.94,-1.1400000000000001,-0.27,2.23,6.15,2.4268382352941176,0.42,0.9,1.22,0.0,0.0,8.47423602484472,10.846211180124223,17.455304347826086,19.502906832298134,19.219080745341614,7.61,7.09,0.0,1.33,0.88,6,2001,0.0,13.196721311475411,16.1
2001-09-30,105.74000000000001,1.9499999999999993,0.14800554016620496,0.0,7.52,8.25,14.409999999999997,8.0,97.49000000000001,-1.4900000000000002,0.78,112.4,81.25,214.79,111.36,371.07,88.46,43.6,0.0,150.33,0.0,150.33,131.7,188.9,10.26,0.09999999999999998,-11.65,6.16,13.51435897435898,0.56,0.8,1.37,0.0,0.0,2.100166204986149,3.340387811634348,4.1311911357340705,4.520110803324098,5.643656509695289,5.87,5.43,0.0,1.43,0.89,9,2001,0.0,13.175182481751824,18.05
2001-12-31,74.14999999999998,6.289999999999999,0.4780813475760065,0.0,9.980000000000004,10.589999999999996,16.85000000000001,9.1,63.56,3.05,3.81,100.57,83.15,192.2,105.39,336.79,71.1,26.88,0.0,110.55,0.0,110.55,131.7,194.91,18.39,1.24,-17.36,6.259999999999998,4.7596502384737684,0.61,0.57,1.85,0.0,0.0,7.473574363188167,11.411930977814295,12.910780608052585,13.758405916187346,18.00686935086278,6.51,5.98,0.0,1.74,0.99,12,2001,0.0,13.156756756756756,24.34
2002-03-31,74.49,2.41,0.18,0.0,3.41,4.94,10.26,9.2,69.56,-2.17,8.34,101.95,78.72,190.18,99.36,332.84,55.5,26.38,0.0,101.65,0.0,101.65,131.7,196.98,16.53,-1.4,-10.6,5.32,12.7775,0.62,0.52,0.18,0.0,0.0,2.88,5.6,4.88,5.12,8.56,3.58,3.24,0.0,1.87,1.1,3,2002,0.0,13.388888888888891,2.41
2002-06-30,75.76,0.1299999999999999,0.00972440944881889,0.5,-0.25,3.4899999999999993,9.180000000000001,9.0,72.25999999999999,-5.42,8.88,95.8,79.91,186.4,96.68,326.68,48.78,33.34,1.26,100.48,0.0,100.48,131.7,190.52,15.949999999999996,-3.36,-12.049999999999999,5.6899999999999995,231.38423076923095,0.62,0.53,0.19,0.5,2.63,0.1596850393700786,0.4851968503937004,0.2722834645669289,0.2763779527559053,0.7636220472440939,1.89,1.69,0.0,1.86,1.06,6,2002,6.684210526315789,13.368421052631579,2.54
2002-09-30,89.44999999999999,5.45,0.4160826032540676,-0.010308938805085275,8.23,11.55,18.569999999999997,9.0,77.89000000000001,1.1799999999999997,8.55,92.04,83.44,186.75,94.68,325.92,30.5,40.93,0.99,93.0,0.0,93.0,131.7,195.98,24.630000000000003,-4.9399999999999995,-20.020000000000003,7.020000000000001,5.406077981651376,0.6,0.47,0.61,0.5,0.82,6.684605757196497,15.633792240300377,11.13191489361702,11.322903629536922,23.40976220275344,3.75,3.33,0.0,2.01,1.11,9,2002,-0.13503019844693664,13.098360655737705,7.99
2002-12-31,94.03000000000003,4.629999999999999,0.3522028526148969,0.0018056168974564823,38.28,7.899999999999999,13.590000000000003,9.0,86.12999999999997,27.830000000000002,3.82,96.24,86.62,189.59,93.51,323.22,25.0,44.14,0.73,87.02,0.0,87.02,131.7,200.6,4.200000000000003,0.29999999999999893,-9.239999999999995,5.689999999999998,6.391771058315337,0.59,0.43,0.96,0.5,0.52,5.723296354992074,12.400475435816162,9.230649762282091,9.362725832012677,17.316640253565765,3.86,3.78,0.0,2.18,1.18,12,2002,0.02373633879781334,13.145833333333332,12.62
2003-03-31,98.57,3.98,0.3,0.0,13.6,7.89,13.46,11.0,90.68,6.26,5.58,107.75,80.39,195.9,88.88,325.75,30.0,37.18,0.47,83.81,0.0,83.81,131.7,204.58,1.94,-0.92,0.74,5.57,9.1675,0.71,0.41,0.3,0.0,0.0,4.88,9.6,7.8,7.92,13.04,4.11,4.04,0.0,2.34,1.38,3,2003,0.0,13.266666666666667,3.98
2003-06-30,90.43,1.5900000000000003,0.1198922800718133,0.5,11.63,5.820000000000001,11.939999999999998,7.95,84.62,4.23,4.5,107.59,87.29,201.54,88.47,330.92,30.0,48.64,0.21,93.11,0.0,93.11,131.7,199.58,13.85,-5.09,-9.83,6.119999999999999,16.578632075471695,0.52,0.47,0.42,0.5,1.19,1.918276481149013,4.761436265709157,3.1857091561938966,3.2656373429084384,6.588366247755835,3.0,2.95,0.0,2.16,1.23,6,2003,6.630952380952381,13.261904761904763,5.57
2003-09-30,101.32,1.7999999999999998,0.1367706919945726,-0.003844414292175557,12.900000000000002,5.059999999999999,10.980000000000004,9.8,96.24000000000001,4.299999999999999,3.58,109.18,90.58,207.55,103.69,352.21,36.0,47.29,9.0,107.56,5.0,112.56,131.7,201.38,3.1999999999999993,-20.950000000000003,16.82,5.92,17.913194444444446,0.64,0.56,0.56,0.5,0.89,2.041791044776119,5.412211668928086,3.5755766621438263,3.6244233378561734,7.493080054274084,2.58,2.54,0.0,1.93,1.09,9,2003,-0.050595238095239026,13.160714285714285,7.37
2003-12-31,97.82999999999998,-0.7599999999999998,-0.05748865355521934,0.0022422736114113442,9.559999999999995,1.8599999999999994,7.75,9.5,95.98999999999995,0.8000000000000007,1.92,116.68,94.29,217.86,102.87,360.13,46.2,50.7,12.0,117.56,2.0,119.56,131.7,200.63,-7.729999999999999,-3.629999999999999,9.7,5.890000000000001,-41.312500000000014,0.62,0.6,0.5,0.5,1.0,-0.8462329803328288,-2.7778517397881988,-1.5131013615733733,-1.5131013615733733,-3.9092284417549155,1.73,1.7,0.0,1.85,1.05,12,2003,0.02964285714285797,13.22,6.61
2004-03-31,100.73,0.81,0.06,0.0,9.97,4.48,11.0,9.0,96.25,1.55,10.4,106.41,89.26,207.95,100.57,347.85,38.0,43.77,11.0,104.5,0.0,104.5,131.7,201.44,21.82,-2.13,-11.2,6.52,37.5,0.59,0.52,0.06,0.0,0.0,0.92,5.32,1.6,1.6,7.36,0.83,0.8,0.0,1.99,1.14,3,2004,0.0,13.500000000000002,0.81
2004-06-30,84.23,0.6599999999999999,0.04938775510204081,0.4,9.359999999999998,3.4699999999999998,9.989999999999998,9.1,80.75999999999999,2.5300000000000002,3.04,97.33,95.13,197.51,96.34,333.61,33.0,42.9,8.0,94.73,0.0,94.73,131.7,196.83,10.030000000000001,-2.6500000000000004,-14.75,6.52,46.065568181818186,0.61,0.48,0.11,0.4,3.64,0.790204081632653,4.292244897959184,1.346938775510204,1.3289795918367346,5.980408163265306,0.81,0.79,0.0,2.08,1.08,6,2004,5.345454545454546,13.363636363636363,1.47
2004-09-30,106.53,4.1000000000000005,0.30915619389587073,-0.003068385833197288,14.480000000000004,8.440000000000001,14.600000000000005,9.5,98.07999999999998,6.49,7.66,107.6,94.15,212.75,93.31,343.27,35.62,44.79,5.0,99.86,0.0,99.86,131.7,200.93,6.339999999999996,0.10000000000000053,-1.8300000000000018,6.16,7.682524390243902,0.62,0.5,0.42,0.4,0.95,4.76983842010772,13.867863554757632,8.155834829443448,8.155834829443448,19.81543985637343,1.95,1.91,0.0,2.13,1.19,9,2004,-0.040692640692640225,13.261904761904763,5.57
2004-12-31,92.80000000000001,-0.040000000000000036,-0.0030379746835443064,-0.002893309222423136,11.699999999999996,2.879999999999999,8.959999999999994,6.65,89.93,2.6999999999999993,18.07,103.39,107.29,232.36,110.64,367.43,56.62,54.77,2.0,122.56,0.0,122.56,131.7,200.89,3.520000000000003,-11.1,18.01,6.080000000000002,-547.1243749999995,0.44,0.61,0.42,0.4,0.95,-0.04368896925858955,-0.15334538878842688,-0.0795660036166366,-0.0795660036166366,-0.22770343580470181,1.47,1.44,0.0,1.9,1.02,12,2004,-0.03809523809523796,13.166666666666668,5.53
2005-03-31,93.55,-1.25,-0.09,0.0,8.5,1.46,8.32,7.9,92.09,0.96,5.5,98.38,106.59,212.02,107.01,343.23,43.0,44.9,0.0,98.11,0.0,98.11,131.7,199.64,6.01,-2.96,-15.62,6.86,-21.945,0.52,0.49,-0.09,0.0,0.0,-1.44,1.6799999999999997,-2.52,-2.48,2.4,-1.35,-1.34,0.0,2.16,1.07,3,2005,0.0,13.88888888888889,-1.25
2005-06-30,89.3,-3.92,-0.29570599613152804,0.25,5.26,-1.8399999999999999,5.0600000000000005,9.5,91.13,-2.7199999999999998,4.87,101.8,114.4,223.52,100.86,347.98,45.0,56.74,0.0,110.45,0.0,110.45,131.7,192.42,2.5999999999999996,-0.45999999999999996,-2.7700000000000014,6.8999999999999995,-8.031964285714286,0.65,0.57,-0.39,0.25,-0.64,-4.518994197292069,-0.3336170212765957,-8.158452611218568,-8.067466150870407,-0.48526112185686654,-2.86,-2.83,0.0,2.02,0.99,6,2005,3.314102564102564,13.256410256410255,-5.17
2005-09-30,99.95000000000002,4.85,0.303125,0.04286858974358976,14.750000000000002,7.62,14.389999999999999,9.2,92.33000000000001,6.34,8.24,88.63,107.68,206.95,98.99,329.59,28.0,46.22,0.0,87.05,0.0,87.05,131.7,197.27,26.090000000000003,-4.25,-18.479999999999997,6.770000000000001,7.587628865979383,0.61,0.44,-0.02,0.25,-12.5,6.0625,-130.34375,9.7,9.7,-181.26874999999998,-0.11,-0.11,0.0,2.38,1.14,9,2005,0.6858974358974361,16.0,-0.32
2005-12-31,86.19,-6.41,-0.48575037147102523,-0.05312035661218423,2.4899999999999984,-4.550000000000001,1.9100000000000001,9.8,90.75999999999999,-5.48,9.79,86.2,103.83,201.28,112.42,336.84,28.0,46.5,6.0,87.98,11.66,99.64,131.7,190.86,1.759999999999998,-0.20999999999999996,0.0,6.459999999999997,-5.0448751950078,0.68,0.52,-0.51,0.25,-0.49,-7.61961367013373,2.895453194650817,-13.44861812778603,-13.105735512630014,4.114591381872215,-1.84,-1.82,0.0,2.29,1.11,12,2005,-0.7009803921568625,13.19607843137255,-6.73
2006-03-31,90.7,-6.01,-0.45999999999999996,0.0,3.55,-4.74,1.64,6.0,95.44,-4.55,6.57,84.42,97.67,191.73,109.88,322.88,23.0,41.14,9.0,82.53,8.66,91.19,131.7,184.85,4.21,-2.42,-5.0,6.38,-3.26,0.43,0.49,-0.46,0.0,0.0,-7.4399999999999995,-5.68,-12.999999999999998,-12.52,-7.879999999999999,-6.67,-6.63,0.0,2.32,1.14,3,2006,0.0,13.065217391304348,-6.01
2006-06-30,88.7,-4.050000000000001,-0.3059642147117297,0.0,5.64,-2.4699999999999998,3.8000000000000007,5.0,91.18,-3.2300000000000004,9.12,74.47,94.57,182.43,104.27,307.95,12.5,40.93,12.0,75.24,5.66,80.9,131.7,180.81,14.71,-0.20000000000000018,-11.98,6.2700000000000005,-4.086098765432098,0.36,0.45,-0.76,0.0,0.0,-5.265805168986084,-3.5427435387673967,-8.95347912524851,-8.67972166998012,-4.992047713717694,-5.65,-5.61,0.0,2.42,1.17,6,2006,0.0,13.236842105263158,-10.06
2006-09-30,87.49999999999997,-3.0999999999999996,-0.2355623100303951,0.0,6.18,-2.0200000000000005,4.329999999999999,3.68,89.50999999999999,-2.05,16.21,57.2,91.03,167.75,98.02,279.96,0.0,34.42,12.0,56.45,0.66,57.12,131.7,177.7,19.29,6.79,-18.970000000000002,6.35,-3.9055483870967747,0.27,0.32,-1.0,0.0,0.0,-4.428571428571428,-2.8550151975683886,-6.982066869300911,-6.614589665653494,-3.891489361702127,-4.96,-4.93,0.0,2.97,1.36,9,2006,0.0,13.16,-13.16
2006-12-31,81.47000000000003,-6.109999999999999,-0.46292682926829265,0.0,2.6400000000000023,-4.719999999999999,1.6500000000000004,4.16,86.19999999999999,-5.220000000000001,16.82,63.13,81.57,162.91,92.52,270.03,0.0,35.62,9.66,52.57,0.0,52.57,131.7,171.6,4.25,-0.6600000000000001,-3.0,6.370000000000001,-2.247115384615385,0.32,0.31,-1.46,0.0,0.0,-9.05560975609756,-5.834146341463414,-14.242926829268292,-13.481951219512196,-8.129756097560975,-5.57,-5.53,0.0,3.1,1.55,12,2006,0.0,13.198630136986301,-19.27
2007-03-31,78.67,-2.69,-0.2,0.0,6.77,-0.76,5.89,2.9,79.42,-0.87,7.24,78.77,81.56,168.89,86.58,270.06,5.0,36.28,5.0,54.15,0.0,54.15,131.7,168.91,-9.45,-0.46,0.34,6.65,-3.6250000000000004,0.23,0.32,-0.2,0.0,0.0,-4.0,-1.04,-6.36,-6.08,-1.4,-3.43,-3.42,0.0,3.12,1.61,3,2007,0.0,13.45,-2.69
2007-06-30,67.99,-4.23,-0.3239739884393064,0.0,3.91,-2.92,3.6000000000000005,3.0,70.92999999999999,-3.7299999999999995,11.1,70.74,82.48,166.26,80.22,260.66,5.0,34.4,1.0,49.67,0.0,49.67,131.7,164.68,8.889999999999999,0.45,-5.4799999999999995,6.52,-2.3148463356973994,0.24,0.3,-0.53,0.0,0.0,-6.479479768786128,-3.154161849710983,-10.269364161849714,-9.804797687861273,-4.254450867052023,-4.75,-4.72,0.0,3.35,1.69,6,2007,0.0,13.056603773584905,-6.92
2007-09-30,66.08000000000001,-1.6400000000000006,-0.12453271028037387,0.0,4.9399999999999995,-1.94,4.279999999999999,4.0,68.01000000000002,-2.2700000000000005,13.58,63.21,82.13,160.41,74.06,248.82,0.0,31.54,0.0,41.19,0.0,41.19,131.7,163.04,9.68,0.27,-7.4799999999999995,6.220000000000001,-8.024999999999999,0.32,0.25,-0.65,0.0,0.0,-2.6362616822429916,-1.6323364485981313,-4.023364485981309,-3.8471028037383186,-2.0768224299065428,-4.05,-4.02,0.0,3.89,1.9,9,2007,0.0,13.16923076923077,-8.56
2007-12-31,59.56,-0.7799999999999994,-0.059293361884368255,0.0,5.380000000000001,-1.0999999999999996,4.84,2.64,60.65999999999997,-0.8200000000000003,11.37,61.39,83.25,157.35,68.19,239.64,0.0,27.09,0.0,33.0,0.0,33.0,131.7,162.26,-2.3999999999999995,0.2,0.0,5.939999999999998,-11.136153846153855,0.21,0.2,-0.71,0.0,0.0,-1.3027837259100632,-0.8818843683083505,-1.924111349036401,-1.8706638115631675,-1.0856531049250526,-3.45,-3.43,0.0,4.77,2.25,12,2007,0.0,13.15492957746479,-9.34
2008-03-31,66.78,1.79,0.14,0.0,9.5,2.92,7.62,2.88,63.86,2.94,13.3,73.82,77.91,165.81,67.85,245.7,4.0,26.0,0.0,36.55,0.0,36.55,131.7,164.05,-0.19,-1.88,3.99,4.7,5.1425,0.23,0.22,0.14,0.0,0.0,2.92,4.52,4.36,4.32,5.6,2.68,2.68,0.0,4.54,2.4,3,2008,0.0,12.785714285714285,1.79
2008-06-30,56.739999999999995,-0.6600000000000001,-0.05256637168141594,0.0,6.98,0.6600000000000001,4.930000000000001,2.9,56.08,-0.1499999999999999,12.09,71.16,85.74,170.72,63.68,246.45,4.0,27.71,0.0,38.59,0.0,38.59,131.7,163.4,0.03,0.2799999999999998,-1.5100000000000002,4.2700000000000005,-13.791136363636358,0.23,0.24,0.09,0.0,0.0,-1.074690265486726,-3.2941592920353986,-1.612035398230089,-1.612035398230089,-4.0184070796460185,0.92,0.91,0.0,4.42,2.2,6,2008,0.0,12.555555555555555,1.13
2008-09-30,70.59000000000002,2.02,0.1539047619047619,0.0,11.14,3.7699999999999996,7.579999999999998,2.9,66.81,3.1799999999999997,16.42,62.45,82.92,169.12,66.1,247.31,0.0,26.38,0.0,37.8,0.0,37.8,131.7,165.41,19.54,-11.14,-4.07,3.8099999999999987,4.709405940594059,0.23,0.23,0.24,0.0,0.0,3.257650793650794,7.592634920634921,4.873650793650794,4.924952380952381,9.003428571428572,1.63,1.62,0.0,4.47,2.28,9,2008,0.0,13.125,3.15
2008-12-31,58.98999999999998,0.94,0.07124694376528116,0.0,7.830000000000002,1.58,5.310000000000002,3.3,57.41999999999999,0.6600000000000001,18.12,48.11,90.34,168.04,64.29,244.46,0.0,27.41,0.0,33.6,0.0,33.6,131.7,166.35,10.100000000000001,-6.92,-1.4799999999999998,3.730000000000002,11.584707446808512,0.26,0.2,0.31,0.0,0.0,1.5352567237163812,3.3922738386308064,2.2615158924205376,2.2890953545232278,3.897897310513448,1.63,1.62,0.0,5.0,2.31,12,2008,0.0,13.193548387096774,4.09
2009-03-31,71.08,4.72,0.36,0.0,12.57,4.8,8.82,3.3,66.28,4.65,19.7,49.11,84.48,165.27,66.71,244.45,0.0,22.11,0.0,28.81,0.0,28.81,131.7,171.07,7.73,-6.14,-0.01,4.02,2.2925,0.25,0.17,0.36,0.0,0.0,7.72,7.84,11.04,11.28,8.92,6.66,6.64,0.0,5.74,2.8,3,2009,0.0,13.11111111111111,4.72
2009-06-30,57.89999999999999,-3.55,-0.27307692307692305,0.0,2.459999999999999,-2.6599999999999997,1.3200000000000003,2.92,60.56,-4.4,23.1,53.91,79.72,168.49,62.95,243.16,0.0,21.78,0.0,31.98,0.0,31.98,131.7,167.52,4.66,0.21999999999999975,-1.48,3.9800000000000004,-2.6728732394366195,0.23,0.19,0.09,0.0,0.0,-5.825641025641025,-10.558974358974359,-8.495726495726496,-8.617094017094017,-12.258119658119659,0.92,0.91,0.0,5.27,2.78,6,2009,0.0,13.0,1.17
2009-09-30,61.09,-3.1799999999999997,-0.2373134328358209,0.0,5.250000000000002,-1.6900000000000002,2.1799999999999997,3.24,62.78,-2.15,15.99,57.2,74.28,159.21,59.78,237.62,0.0,21.19,0.0,31.6,0.0,31.6,131.7,164.34,3.459999999999999,-7.609999999999999,-2.96,3.869999999999999,-3.4132075471698116,0.26,0.19,-0.15,0.0,0.0,-5.37910447761194,1.2023880597014927,-7.720597014925373,-7.720597014925373,1.3922388059701494,-1.07,-1.06,22.5,5.04,2.69,9,2009,0.0,13.399999999999999,-2.01
2009-12-31,60.19,-2.2300000000000004,-0.16830188679245286,0.0,5.52,-0.19,3.5299999999999994,3.38,60.379999999999995,8.06,12.85,59.29,78.14,162.2,62.1,243.32,0.0,29.98,0.0,38.22,0.0,38.22,131.7,162.11,2.549999999999999,-5.67,-0.009999999999999787,3.7200000000000006,-5.019551569506726,0.27,0.24,-0.32,0.0,0.0,-3.6605660377358493,0.23141509433962268,-5.511886792452832,-5.427735849056605,0.2734905660377359,-1.72,-1.69,8.67,4.24,2.2,12,2009,0.0,13.25,-4.24
2010-03-31,64.45,-4.5,-0.34,0.0,5.52,-2.22,1.31,2.92,66.67,-0.01,4.26,54.64,87.9,159.58,69.15,247.79,0.0,34.15,0.0,47.17,0.0,47.17,131.7,157.61,1.71,-10.3,0.0,3.53,-2.1475,0.24,0.3,-0.34,0.0,0.0,-7.28,-3.6,-11.44,-10.96,-4.44,-7.01,-6.98,0.0,3.38,1.52,3,2010,0.0,13.235294117647058,-4.5
2010-06-30,70.10000000000001,-2.1399999999999997,-0.161144578313253,0.0,5.700000000000001,-0.69,2.9999999999999996,3.1,70.79,1.09,3.57,61.55,94.51,170.32,67.34,256.77,8.0,36.83,0.0,57.36,0.0,57.36,131.7,155.47,-7.49,0.2900000000000009,6.5,3.69,-4.809345794392524,0.26,0.37,-0.5,0.0,0.0,-3.338915662650602,-1.4954216867469878,-5.5046987951807225,-5.298433734939758,-1.8821686746987951,-4.97,-4.93,-145.5,2.97,1.32,6,2010,0.0,13.28,-6.64
2010-09-30,68.45999999999998,-2.37,-0.1788679245283019,0.0,8.249999999999998,-0.9199999999999999,2.8000000000000007,5.1,69.38,3.6100000000000003,3.13,66.47,99.07,178.83,64.02,262.0,20.14,30.63,0.0,65.55,0.0,65.55,131.7,153.09,-11.509999999999998,0.4599999999999991,10.620000000000001,3.7199999999999998,-7.128164556962025,0.44,0.43,-0.68,0.0,0.0,-3.619445061043286,-1.6098113207547171,-6.197247502774695,-5.976293007769145,-2.0517203107658157,-4.48,-4.44,-54.71,2.73,1.22,9,2010,0.0,13.249999999999998,-9.01
2010-12-31,74.19999999999999,2.0999999999999996,0.15803183791606365,0.0,9.280000000000001,2.85,5.8500000000000005,5.1,71.35,4.12,2.55,72.62,98.77,187.09,61.25,260.42,18.0,35.01,0.0,61.48,0.0,61.48,131.7,155.2,0.03999999999999915,1.660000000000001,-2.280000000000001,3.0,8.06989285714286,0.43,0.4,-0.52,0.0,0.0,3.2214182344428357,0.474095513748191,5.4095513748191015,5.300144717800289,0.5956584659913168,-2.52,-2.49,-4.67,3.04,1.44,12,2010,0.0,13.288461538461538,-6.91
2011-03-31,80.11,3.61,0.27,0.0,12.74,4.28,7.52,3.68,75.83,3.91,2.77,85.39,102.97,199.93,59.15,271.34,18.0,39.7,0.0,65.27,20.55,85.82,131.7,145.57,-3.36,3.73,-0.15,3.24,3.4075,0.33,0.59,0.27,0.0,0.0,5.32,6.6,9.92,9.52,8.32,4.53,4.51,28.53,3.06,1.49,3,2011,0.0,13.370370370370368,3.61
2011-06-30,78.98,-0.009999999999999787,-0.0007499999999999841,0.0,6.790000000000001,1.2599999999999998,4.5600000000000005,8.05,77.72000000000001,-0.75,0.85,88.0,103.95,203.39,56.56,272.33,18.67,39.31,0.0,67.94,21.14,89.08,131.7,145.56,-0.5500000000000003,-0.3999999999999999,-0.9700000000000001,3.3,-2682.9000000000574,0.73,0.61,0.27,0.0,0.0,-0.014666666666666356,-0.023222222222221724,-0.02744444444444386,-0.02655555555555499,-0.030111111111110467,2.3,2.26,17.31,2.99,1.46,6,2011,0.0,13.333333333333332,3.6
2011-09-30,89.53,0.7899999999999996,0.05938496583143506,0.0,7.959999999999997,2.26,5.520000000000001,7.6,87.28,0.81,0.55,98.7,115.86,225.28,58.98,296.62,22.56,56.47,0.0,90.15,21.68,111.82,131.7,146.34,0.28000000000000025,-4.26,3.68,3.2600000000000007,31.994208860759507,0.68,0.76,0.33,0.0,0.0,1.0653302961275621,2.0082915717539853,2.159453302961275,2.109066059225512,2.720911161731206,1.79,1.77,14.72,2.5,1.21,9,2011,0.0,13.303030303030301,4.39
2011-12-31,84.57999999999998,-0.7399999999999998,-0.05676712328767122,0.0,5.820000000000004,-1.1600000000000001,2.1999999999999993,8.7,85.72999999999999,-1.8200000000000003,1.06,91.85,118.87,213.96,66.8,305.62,38.89,53.45,0.0,100.34,21.8,122.14,131.7,145.61,-0.8500000000000005,-13.02,14.37,3.3599999999999994,-38.31266891891893,0.79,0.84,0.28,0.0,0.0,-0.9650410958904106,-1.9057534246575336,-2.035506849315068,-1.9706301369863009,-2.619397260273972,1.11,1.1,8.0,2.13,0.95,12,2011,0.0,13.035714285714285,3.65
2012-03-31,94.85,0.44,0.03,0.0,7.52,1.11,4.99,6.1,93.74,-0.27,0.87,103.94,137.51,248.97,98.65,364.69,51.77,75.34,9.0,157.83,22.86,180.7,131.7,146.05,-5.41,-16.97,22.19,3.88,50.8325,0.55,1.24,0.03,0.0,0.0,0.48,1.4,1.2,1.2,2.16,0.47,0.46,2.36,1.58,0.71,3,2012,0.0,14.666666666666668,0.44
2012-06-30,79.03,-6.36,-0.483445945945946,0.0,0.75,-5.74,-1.1600000000000001,5.2,84.76,-7.8100000000000005,0.77,77.58,151.76,237.96,106.46,361.93,86.42,48.59,9.6,163.27,22.6,185.87,131.7,139.69,-21.77,-10.98,32.650000000000006,4.580000000000001,-2.690062893081761,0.49,1.33,-0.45,0.0,0.0,-7.047567567567568,-6.274054054054054,-18.22054054054054,-17.833783783783787,-10.012702702702704,-3.47,-3.4,-4.58,1.46,0.53,6,2012,0.0,13.155555555555555,-5.92
2012-09-30,84.07,-5.83,-0.44159148936170217,0.0,0.7699999999999996,-5.96,-0.81,11.9,90.02999999999997,-6.82,1.48,70.33,153.0,231.95,102.51,352.37,94.39,41.01,6.6,160.34,23.08,183.42,131.7,133.86,-1.4800000000000004,-1.6700000000000017,3.8599999999999994,5.149999999999999,-6.73659948542024,1.17,1.37,-0.89,0.0,0.0,-6.608987234042553,-6.4700595744680856,-17.425497872340426,-16.651472340425535,-10.935591489361702,-4.63,-4.56,-5.02,1.45,0.49,9,2012,0.0,13.202247191011235,-11.75
2012-12-31,84.75999999999999,-44.53,-3.3785199004975124,0.0,-14.68,-43.5,-37.900000000000006,7.35,128.27000000000004,-62.18,2.57,49.25,127.48,183.64,98.09,299.9,97.42,27.53,3.6,169.57,5.99,175.56,131.7,89.32,7.460000000000001,-5.300000000000001,-1.0800000000000054,5.600000000000001,-0.5434628340444644,1.08,1.97,-4.27,0.0,0.0,-59.404982231698646,-56.55658137882019,-199.41970859985784,-151.62987206823027,-131.34292821606255,-17.6,-16.42,-16.85,1.08,0.33,12,2012,0.0,13.18032786885246,-56.28
2013-03-31,55.79,-47.6,-3.61,0.0,-40.12,-45.18,-40.44,10.2,100.97,-47.94,3.28,39.28,74.78,121.96,92.27,232.17,90.83,11.42,0.6,148.57,6.09,154.66,131.7,41.73,-36.79,3.47,34.03,4.74,-0.7075,3.22,3.71,-3.61,0.0,0.0,-82.0,-60.559999999999995,-456.28,-202.8,-216.16,-89.78,-85.32,-32.74,0.82,0.32,3,2013,0.0,13.185595567867036,-47.6
2013-06-30,27.449999999999996,-47.10999999999999,-3.57640059127864,0.0,-20.560000000000002,-45.529999999999994,-40.97,18.0,72.97999999999999,-25.980000000000004,1.7,16.34,48.07,71.26,64.3,154.17,79.66,1.64,0.0,117.85,6.18,124.03,131.7,-5.39,20.89,3.47,-25.94,4.5600000000000005,-1.2565007429420505,-43.98,-23.01,-7.19,0.0,0.0,-122.22436067997042,-69.93628972653362,3496.0982113821137,-280.620606060606,-496.91574279379154,-122.06,-113.78,-32.28,0.6,0.2,6,2013,0.0,13.172461752433934,-94.71
2013-09-30,44.780000000000015,-14.760000000000005,-1.1204494382022476,0.0,-5.580000000000005,-15.040000000000006,-7.700000000000003,19.6,59.82000000000002,-16.549999999999997,2.28,27.12,4.27,48.98,250.69,300.86,73.0,0.18,0.0,84.34,46.82,131.17,131.7,169.7,11.7,22.389999999999997,-32.94,7.34,-4.375833333333332,1.52,0.77,-8.31,0.0,0.0,-19.626067415730343,-17.46337078651686,-34.79191011235957,-38.89617977528091,-26.340674157303383,-88.38,-85.51,-25.79,0.58,0.53,9,2013,0.0,13.173285198555956,-109.47
2013-12-31,9.019999999999982,-18.180000000000007,-0.1381480611045829,0.0,23.650000000000006,-17.86,-13.560000000000002,3.2,26.879999999999967,8.409999999999997,18.82,0.0,25.01,48.25,231.4,280.82,49.0,0.0,0.0,90.9,44.63,135.52,131.7,145.29,-0.9199999999999999,17.64,-0.18999999999999773,4.300000000000001,-5.792698019801978,2.9,0.93,-0.97,0.0,0.0,-25.897776733255004,-24.251393654524094,-50.05232432432434,-61.99287426556994,-37.08064864864866,-96.78,-93.15,-23.41,0.53,0.26,12,2013,0.0,131.5979381443299,-127.65
2014-03-31,5.96,32.65,0.25,0.0,1.83,-6.32,-3.28,5.5,12.29,-8.89,39.74,0.1,23.44,275.44,0.29,276.52,4.0,108.91,0.0,113.05,1.27,114.33,131.7,162.19,99.45,0.54,-79.07,3.04,5.5,4.47,0.7,0.25,0.0,0.0,47.24,-9.92,80.52,128.08,-15.48,960.29,547.82,-5.91,2.44,2.23,3,2014,0.0,130.6,32.65
2014-06-30,205.51,158.0,1.2016784683975872,0.0,1.13,197.6,197.64000000000001,7.8,7.900000000000002,-4.25,26.03,0.05,126.67,156.69,3.21,163.41,0.0,0.0,0.28,1.8,2.11,3.91,131.7,159.5,-214.66,204.98000000000002,-4.030000000000001,0.040000000000000036,1.6229382911392407,6.44,0.02,1.45,0.0,0.0,386.75814319433516,399.32189876737476,396.2389719381065,820.1911355887752,392.36045108838186,2704.26,90.15,173.89,87.05,16.68,6,2014,0.0,131.48275862068965,190.65
2014-09-30,-181.17,-211.84,-0.19994336951392166,0.0,3.4299999999999997,-211.82,-211.67000000000002,4.64,30.639999999999997,-10.620000000000001,184.23,0.0,111.0,300.03,3.86,309.32,0.0,0.97,0.28,26.41,2.17,28.57,263.4,280.74,26.94999999999999,-0.4200000000000159,131.68,0.1499999999999999,-5.801642749244713,43.53,0.1,-0.02,0.0,0.0,-273.92241623407267,-269.1237753657386,-301.9144879660217,-376.29342142520056,-290.3177725342142,-78.31,-69.93,-18.34,11.36,7.16,9,2014,0.0,1059.5,-21.19
2014-12-31,30.139999999999997,-30.91,-0.017798464491362763,0.0,-0.6899999999999995,-30.880000000000003,-30.540000000000003,4.46,61.03,-31.399999999999995,47.7,5.45,107.1,253.88,6.1,264.82,0.0,9.57,0.28,12.79,2.2,14.99,263.4,249.83,-135.12,-1.3899999999999864,-0.030000000000001137,0.33999999999999986,-62.64725816887738,47.02,0.06,-0.03,0.0,0.0,-46.679439539347406,-44.73347408829174,-49.479731285988485,-62.57940115163148,-48.411823416506714,-91.92,-86.2,-44.71,19.85,11.48,12,2014,0.0,1736.6666666666667,-52.1
2015-03-31,33.28,-16.58,-0.01,0.0,-1.73,-16.56,-16.11,3.48,49.84,-16.75,45.65,4.17,85.85,184.8,5.94,241.01,0.0,3.39,0.29,4.26,2.74,7.0,263.4,233.57,-1.53,-0.91,0.39,0.45,-87.0,39.24,0.03,-0.01,0.0,0.0,-27.52,-25.6,-28.4,-33.52,-27.96,-50.09,-49.82,-552.0,43.38,23.23,3,2015,0.0,1657.9999999999998,-16.58
2015-06-30,9.420000000000002,-20.370000000000005,-0.005512855209742897,0.0,1.0499999999999998,-20.38,-19.880000000000003,0.91,29.799999999999997,-20.58,510.21,19.12,94.37,665.74,6.24,764.82,0.0,20.45,0.29,20.99,3.02,24.01,790.2,740.43,-32.87,-29.27,526.7,0.49999999999999994,-41.26718213058419,9.71,0.03,-0.01,0.0,0.0,-10.650836265223274,-17.552930987821384,-11.003658998646822,-18.104216508795677,-10.959556156968878,-87.33,-86.53,-615.67,31.72,27.22,6,2015,0.0,3695.0,-36.95
2015-09-30,3.6699999999999946,-16.39,-0.003072740907386577,0.0,-0.5499999999999999,-16.480000000000004,-14.769999999999996,0.6,20.14,-17.060000000000002,17.67,3.52,95.88,407.3,5.99,731.77,0.0,2.45,0.3,4.24,3.21,7.45,790.2,723.98,-11.75,-480.69,-0.10000000000002274,1.7100000000000002,-48.816351433801096,6.55,0.01,-0.01,0.0,0.0,-8.960112485939257,-12.61052868391451,-9.058440194975628,-13.053003374578177,-9.02156730408699,-117.49,-115.03,-593.56,96.06,73.45,9,2015,0.0,5334.0,-53.34
2015-12-31,13.93,-19.97999999999999,-0.002725040916530277,0.0,-4.01,-19.78,-18.020000000000003,0.46,33.72,-20.11,18.55,0.96,84.33,391.6,5.64,714.34,0.0,3.69,0.3,4.31,3.92,8.23,790.2,705.83,-3.6099999999999994,4.590000000000032,-0.10000000000002274,1.7599999999999998,-42.20120120120122,5.15,0.01,-0.01,0.0,0.0,-11.183567921440256,-16.295744680851058,-11.325270049099833,-16.72085106382978,-11.238068739770862,-124.27,-121.59,-610.0,90.86,71.29,12,2015,0.0,7331.999999999999,-73.32
2016-03-31,17.22,-13.46,0.0,,1.17,-13.13,-11.41,0.4,30.35,-15.8,52.17,6.88,72.61,330.54,5.3,706.44,0.0,4.86,0.31,7.91,4.75,12.66,790.2,693.53,-5.12,38.84,-0.1,1.72,0.0,4.56,0.02,0.0,0.0,0.0,-7.640000000000001,-11.08,-7.76,-11.6,-7.52,-92.51,-78.16,-437.67,41.79,32.61,3,2016,,-inf,-13.46
2016-06-30,25.310000000000002,-13.869999999999997,0.0,,0.6400000000000001,-13.63,-11.89,0.36,38.940000000000005,-19.749999999999996,27.06,7.61,763.01,846.91,4.96,939.71,0.0,6.07,0.31,6.66,257.63,264.29,790.2,675.41,-739.36,464.58000000000004,249.66,1.74,0.0,4.21,0.39,0.0,0.0,0.0,-5.907310647639956,-6.374211489206001,-8.221514818880351,-7.835814123673617,-5.826110501280644,-81.03,-64.26,-535.2,127.16,12.6,6,2016,,-inf,-27.33
2016-09-30,7.539999999999999,-40.870000000000005,-0.0059926686217008805,,-12.790000000000001,-35.45,-33.03,0.42,43.0,-35.5,14.48,9.33,806.03,959.64,21.35,1054.14,145.87,13.93,0.32,160.7,258.64,419.34,790.2,634.8,-26.25,-126.89000000000004,140.56,2.42,-17.521409346709078,5.23,0.66,-0.01,0.0,0.0,-15.509026392961879,-16.70756011730205,-25.74450439882698,-24.06655718475073,-16.68358944281525,-165.37,-136.21,-15.75,5.97,0.96,9,2016,,6820.0,-68.2
2016-12-31,6.140000000000001,-40.480000000000004,-0.003724696356275304,0.0,-11.3,-31.940000000000005,-29.180000000000007,0.34,38.07000000000001,-32.24000000000001,14.95,6.38,825.21,996.86,31.1,1098.75,235.33,9.35,0.32,245.52,258.28,503.8,790.2,594.95,-37.549999999999955,-43.01999999999998,81.05000000000001,2.7600000000000007,-22.820652173913043,4.52,0.85,-0.01,0.0,0.0,-14.734898785425102,-15.479838056680164,-27.220080971659918,-24.895870445344134,-16.43336032388664,-230.89,-193.35,-11.62,4.06,0.7,12,2016,0.0,10868.0,-108.68
2017-03-31,43.85,-34.68,0.0,,-7.31,-27.23,-26.59,0.25,71.08,-28.01,26.91,6.88,794.87,871.68,31.26,967.12,137.11,10.39,0.33,148.39,259.07,407.46,790.2,559.66,8.83,107.07,-103.94,0.64,0.0,3.53,0.73,0.0,0.0,0.0,-14.36,-13.0,-24.8,-22.12,-13.32,-80.52,-79.09,-7.05,5.87,0.52,3,2017,,-inf,-34.68
2017-06-30,7.530000000000001,-35.279999999999994,-0.020171526586620924,,-12.73,-29.09,-26.610000000000003,0.15,36.629999999999995,-29.599999999999998,19.25,3.64,794.87,860.86,30.47,927.93,129.52,12.99,0.33,143.41,259.48,402.88,790.2,525.05,-20.9,27.080000000000013,-13.829999999999998,2.48,-1.8590561224489797,2.26,0.77,-0.04,0.0,0.0,-15.209331046312176,-12.163430531732418,-26.86847341337907,-23.52,-14.483156089193823,-139.64,-136.16,-7.39,6.0,0.46,6,2017,,1748.9999999999998,-69.96
2017-09-30,25.869999999999997,-45.99000000000001,-0.02776455368693403,0.0,-10.25,-30.110000000000007,-26.33,0.96,55.97000000000001,-30.120000000000005,46.26,3.7,778.63,869.44,29.78,931.13,426.86,13.56,0.34,441.84,10.25,452.09,790.2,479.05,-3.1400000000000006,-0.010000000000019327,30.14999999999999,3.7800000000000002,-8.641413894324852,15.84,0.94,-0.07,0.0,0.0,-19.75249676584735,-13.818815006468308,-38.39441138421734,-33.031886157826655,-28.018401034928857,-152.67,-150.1,-3.66,1.97,0.21,9,2017,0.0,1656.4285714285713,-115.95
