,revenue,net_profit,eps,dps,gross_profit,ebit,ebitda,close_price,allowance_doubtful_accounts,expense,operating_profit,cash,account_receivable,inventory,current_asset,property_plant_equipment,total_asset,short_term_loan,account_payable,current_portion_long_term_debt,current_liability,non_current_liability,total_liability,paid_in_capital,total_equity,cash_flow_operation,cash_flow_investment,cash_flow_financing,depreciation,P/E,P/BV,D/E,EPS,DPS,DPR%,ROA%,ROAA%,ROE%,ROAE%,ROCE%,NPM%,NPMA%,TIE,CurrentRatio,QuickRatio,month,year,dividend,number_of_shares,return_old
2000-03-31,692.81,130.18,1.53,0.0,335.76,231.21,288.51,23.0,0.0,461.6,174.79,193.75,149.02,172.51,1200.21,2389.92,3949.88,132.32,162.12,205.24,1134.05,238.32,1372.37,850.0,2429.22,214.66,-12.16,-75.04,57.3,3.7575,0.8,0.56,1.53,0.0,0.0,13.2,0.0,21.44,0.0,32.84,20.52,18.79,0.0,1.06,0.91,3,2000,0.0,85.08496732026144,130.18
2000-06-30,557.05,83.13999999999999,0.9782552034502154,0.0,222.26999999999998,96.92999999999998,154.31,24.0,0.0,460.12,55.09,168.14,104.8,149.62,1179.68,2333.37,3882.29,134.34,151.85,318.06,957.56,266.99,1224.55,850.0,2505.69,137.08,-20.63,-58.2,57.38000000000001,6.132244407024298,0.81,0.49,2.51,0.0,0.0,8.558758672417024,0.0,13.266855428464275,0.0,17.491670729420587,18.59,17.07,0.0,1.23,1.08,6,2000,0.0,84.98804780876495,213.32
2000-09-30,552.98,70.82,0.8324727247131695,0.0,226.04000000000008,112.0,169.08999999999997,24.5,0.0,440.98,68.97000000000003,157.5,116.85,144.43,744.61,2333.39,3899.28,135.21,154.91,37.0,901.15,265.47,1166.62,850.0,2579.38,203.02999999999997,-507.16,-41.39999999999998,57.09,7.362283253318272,0.81,0.45,3.34,0.0,0.0,7.267935524741324,0.0,10.986646019567818,0.0,14.635568381783626,17.14,15.76,0.0,0.83,0.67,9,2000,0.0,85.07185628742515,284.14
2000-12-31,689.9100000000001,139.48000000000002,1.6397016193758562,0.0,300.4899999999999,204.15999999999997,249.0300000000001,22.0,0.0,485.75,137.12,240.16,151.62,138.21,1217.19,2326.59,4100.67,136.51,163.13,40.0,988.56,263.41,1251.97,850.0,2692.26,-28.889999999999986,183.65000000000003,3.6299999999999955,44.869999999999976,3.3560374247203897,0.69,0.47,4.98,0.0,0.0,13.604913837873568,0.0,20.716872668901377,0.0,27.262508852273267,18.59,16.99,0.0,1.23,1.09,12,2000,0.0,85.06425702811244,423.62
2001-03-31,710.21,173.94,2.05,0.0,343.34,248.03,304.42,28.0,0.0,462.18,192.75,295.49,141.75,119.0,1579.18,2309.67,4280.63,124.91,169.2,11.12,958.79,258.36,1217.14,850.0,2895.78,91.0,151.36,-45.53,56.39,3.415,0.82,0.42,2.05,0.0,0.0,16.24,24.12,24.04,26.12,29.88,26.57,24.49,0.0,1.65,1.52,3,2001,0.0,84.84878048780489,173.94
2001-06-30,562.96,100.92000000000002,1.1859550316524778,0.0,209.48000000000008,107.16,163.85999999999996,30.5,0.0,455.8,59.370000000000005,293.49,104.25,93.84,1588.31,2248.02,4250.4,124.91,137.71,0.0,846.83,234.18,1081.02,850.0,2990.89,81.44999999999999,-27.37000000000002,-39.379999999999995,56.7,6.427562425683709,0.87,0.36,3.23,0.0,0.0,9.50232700283781,12.821532416502949,13.497122898930364,14.68674961798734,15.332966601178782,23.51,21.59,0.0,1.88,1.76,6,2001,0.0,85.09597523219814,274.86
2001-09-30,558.28,56.64999999999998,0.6664504841482909,1.0,223.51,79.16000000000003,140.46000000000004,28.0,0.0,479.1199999999999,25.519999999999982,278.71,119.18,93.89,1589.7,2258.87,4244.24,126.58,145.18,0.0,907.64,208.91,1116.56,850.0,2957.76,339.65000000000003,-53.55999999999999,-108.6,61.29999999999998,10.504156222418361,0.8,0.38,3.9,1.0,0.26,5.338439262767335,7.2933606829356545,7.662471720310094,8.181961328466711,8.899677234472561,19.81,18.1,0.0,1.75,1.65,9,2001,85.00256410256411,85.00256410256411,331.51
2001-12-31,706.4300000000001,9.920000000000016,0.1167981723925843,-0.0008209814377988709,249.18999999999994,49.879999999999995,106.86000000000001,29.0,0.0,656.5500000000002,-114.45999999999998,284.89,154.86,52.45,1631.51,2086.04,4112.11,128.45,129.72,0.0,944.58,52.0,996.58,850.0,2967.04,200.76,-84.99000000000001,-24.77000000000001,56.98000000000002,62.03907006048377,0.83,0.34,4.02,1.0,0.25,0.9646018217497014,1.3701994552324068,1.3376586708842244,1.4027402395805897,1.7769592595846908,15.41,13.45,0.0,1.73,1.67,12,2001,-0.06972828166857425,84.93283582089553,341.43
2002-03-31,677.33,165.56,1.9500000000000002,0.0,334.87,239.25,295.46,38.5,0.0,438.08,176.46,1394.7,168.2,52.88,1821.73,2071.7,4305.67,123.25,139.34,0.0,1008.85,0.0,1008.85,850.0,3148.08,267.46,349.01,-61.09,56.21,4.935,1.04,0.32,1.95,0.0,0.0,15.399999999999999,22.28,21.04,21.92,29.04,26.95,24.44,0.0,1.81,1.75,3,2002,0.0,84.9025641025641,165.56
2002-06-30,549.68,101.04000000000002,1.1900435108777196,1.25,230.54999999999995,119.41000000000003,177.05,38.0,0.0,430.27000000000004,76.16999999999999,530.03,135.88,53.93,1766.85,2026.65,4212.81,127.4,126.96,0.0,942.25,0.0,942.25,850.0,3124.53,134.23000000000002,-887.42,-104.4,57.63999999999999,7.981640934283451,1.03,0.3,3.14,1.25,0.4,9.596147036759191,12.85550187546887,12.931300825206304,13.219336834208555,16.6302895723931,23.79,21.73,0.0,1.88,1.82,6,2002,106.13057324840766,84.90445859872612,266.6
2002-09-30,527.99,80.13999999999999,0.9429866758954835,1.2511889633341893,210.10000000000002,99.50999999999999,158.49,38.0,0.0,428.4799999999999,58.26999999999998,1290.06,127.6,53.12,1785.76,1994.14,4200.12,120.49,127.01,0.0,947.49,0.0,947.49,850.0,3097.67,161.11999999999995,711.4499999999999,-113.75,58.98000000000002,10.070343773396559,1.04,0.31,4.08,2.5,0.61,7.636343081271268,10.030789640652937,10.345118532618098,10.585487685297338,13.026159081732708,21.58,19.76,0.0,1.88,1.83,9,2002,106.33266204571,84.98529411764706,346.74
2002-12-31,674.3400000000001,94.61000000000001,1.1125544352554664,0.0015652176810454538,247.34000000000003,127.69999999999999,193.85000000000002,42.0,0.0,546.6400000000001,64.83000000000004,639.57,151.94,54.58,1948.66,1937.99,4358.86,129.52,141.67,0.0,1020.59,0.0,1020.59,850.0,3205.49,252.7800000000001,-894.93,-13.009999999999991,66.14999999999998,9.434841718634393,1.11,0.32,5.19,2.5,0.48,8.68607046561686,11.858672708734566,11.807225104792115,12.261678939617086,15.048424153166422,19.9,18.17,0.0,1.91,1.86,12,2002,0.13310381956250694,85.03853564547207,441.35
2003-03-31,655.15,158.94,1.87,0.0,315.76,200.53,262.39,38.0,0.0,454.62,210.23,1026.85,138.14,54.78,2021.38,1901.27,4515.93,115.89,133.51,240.0,1019.78,0.0,1019.78,850.0,3358.77,226.73,176.48,-13.63,61.86,5.08,0.96,0.3,1.87,0.0,0.0,14.08,18.2,18.92,19.56,22.96,26.29,24.26,0.0,1.98,1.93,3,2003,0.0,84.9946524064171,158.94
2003-06-30,415.16999999999996,-17.810000000000002,-0.20948487210373415,1.5,138.55,-3.75,52.81,42.0,0.0,418.90999999999997,24.29000000000002,577.36,94.56,50.34,1552.12,1887.15,4335.34,116.77,103.77,240.0,985.53,0.0,985.53,850.0,3216.87,58.97,-374.62,-131.3,56.56,-50.12056428972487,1.11,0.31,1.66,1.5,0.9,-1.6455920073690924,-2.322000991993198,-2.215996598880465,-2.246283568341246,-2.96307517891306,14.3,13.19,0.0,1.57,1.52,6,2003,127.52710843373495,85.01807228915663,141.13
2003-09-30,530.49,52.420000000000016,0.6175024541462155,0.9977431814574237,194.35999999999996,84.1,143.54000000000002,42.25,0.0,446.4100000000001,77.15,846.22,99.3,53.0,1613.71,1931.17,4387.76,118.67,113.16,240.0,1073.87,0.0,1073.87,850.0,3179.67,170.34000000000003,192.45999999999998,-83.09,59.44000000000001,17.10454740557039,1.13,0.34,2.28,2.5,1.1,4.777518987341773,7.085028158098685,6.597526220614829,6.684193231723071,9.186703177473523,13.34,12.09,0.0,1.5,1.45,9,2003,84.69876875924754,84.890350877193,193.55
2003-12-31,652.8800000000001,120.83999999999997,1.4298317376506886,-0.011149410470736964,292.31000000000006,133.86,202.29999999999995,41.25,0.0,519.01,145.56,570.06,131.87,58.94,1232.08,2349.35,4447.35,116.73,130.91,240.0,1118.03,0.0,1118.03,850.0,3185.91,229.96999999999997,-384.36,-118.34,68.44,7.213226373717313,1.1,0.35,3.72,2.5,0.67,10.869796113107922,14.482811794268262,15.174665860873434,15.12854225643309,19.156670377556537,15.36,13.95,0.0,1.1,1.05,12,2003,-0.9422750424448907,84.51344086021504,314.39
2004-03-31,667.85,129.94,1.5800000000000003,0.0,321.52,178.19,242.61,40.0,0.0,489.66,192.25,1137.15,125.82,54.82,1547.94,2351.78,4749.88,117.28,110.36,240.0,1114.12,170.0,1284.12,850.0,3314.79,210.83,188.68,170.55,64.42,6.33,1.03,0.39,1.58,0.0,0.0,10.96,15.4,15.68,15.56,19.6,21.06,19.46,0.0,1.39,1.34,3,2004,0.0,82.24050632911391,129.94
2004-06-30,545.0099999999999,-5.359999999999999,-0.06496708942045272,1.5,197.51,52.27000000000001,123.25,41.25,0.0,492.74999999999994,65.52999999999997,687.72,110.72,56.51,1022.68,2414.76,4656.58,122.96,105.76,240.0,1154.6,170.0,1324.6,850.0,3189.87,108.53999999999999,-432.06,-130.44,70.98,-158.74652985074627,1.1,0.42,1.51,1.5,0.99,-0.4612233103226842,-0.8828640231176753,-0.6729041579707817,-0.6694621929683737,-1.132406485792262,11.31,10.27,0.0,0.89,0.84,6,2004,123.75496688741723,82.50331125827815,124.58
2004-09-30,589.0200000000002,216.54000000000002,2.6343837945591,0.9944209879726152,234.66000000000008,52.49999999999997,124.63,41.25,0.0,536.5100000000001,80.81,425.35,137.83,59.04,761.57,2488.38,4465.94,114.2,109.37,188.75,685.93,243.0,928.93,850.0,3329.83,-38.85000000000002,-155.5,-69.24,72.13,3.9146725778147218,1.05,0.28,4.15,2.5,0.6,19.39922138836773,16.225265009380863,26.001050656660414,26.610450281425894,19.018346622889307,20.71,18.93,0.0,1.11,1.02,9,2004,81.73900901619723,82.19759036144578,341.12
2004-12-31,775.44,224.72000000000003,2.752208398133748,-0.016741928835091156,333.02,160.28000000000003,240.43999999999994,42.0,0.0,615.1700000000001,159.87,364.28,163.78,64.04,738.62,2727.67,4656.02,120.92,128.5,0.0,607.59,303.0,910.59,850.0,3507.21,272.36,-204.79999999999995,-122.03999999999999,80.16,3.8147365610537554,1.02,0.26,6.93,2.5,0.36,19.30120175314577,15.472732928036194,25.623735331542488,26.86282482680617,17.394910221970875,24.17,21.95,0.0,1.22,1.11,12,2004,-1.3669917766303001,81.65079365079366,565.84
2005-03-31,753.54,131.36,1.61,0.0,376.22,193.14,273.62,45.0,0.0,560.4,220.85,448.3,175.05,59.82,818.38,2838.76,4834.96,82.74,128.89,0.0,564.11,370.0,934.11,850.0,3652.65,228.75,-177.2,28.83,80.48,6.9875,1.05,0.26,1.61,0.0,0.0,10.88,16.12,14.4,15.08,18.08,18.76,17.43,0.0,1.45,1.34,3,2005,0.0,81.59006211180125,131.36
2005-06-30,612.02,2.289999999999992,0.028100261878039556,1.5,254.04999999999995,4.210000000000008,91.44,43.0,0.0,607.8100000000001,52.70000000000002,281.34,134.04,47.42,680.23,2958.68,5169.0,53.34,115.27,28.0,513.2,871.0,1384.2,850.0,3541.94,105.55000000000001,-634.4300000000001,358.94,87.23,382.56582969432446,1.03,0.39,1.64,1.5,0.91,0.17751141040029866,0.2755196408529732,0.2583853348297784,0.2720927796483343,0.2905978301533847,10.52,9.79,0.0,1.33,1.23,6,2005,122.2408536585366,81.4939024390244,133.65
2005-09-30,619.6700000000001,20.53,0.25166493708652227,1.0015228083108436,245.87,34.28,125.61000000000001,43.0,0.0,585.3899999999999,82.96999999999997,374.09,126.5,47.48,711.46,3130.39,5350.52,23.58,112.78,56.0,527.18,1094.0,1621.18,850.0,3477.68,126.47999999999996,-172.35000000000002,139.0,91.33000000000001,42.71304188991719,1.05,0.47,1.89,2.5,1.32,1.5339577117654688,2.513986249837852,2.3595252302503567,2.412787650797769,2.5565961862757813,8.36,7.77,0.0,1.35,1.26,9,2005,81.70094528326237,81.57671957671958,154.18
2005-12-31,840.6500000000001,90.93,1.1129288890702134,0.003874191891816261,347.57000000000005,142.14,244.91000000000003,43.0,0.0,698.5100000000002,135.53000000000003,405.54,170.51,53.74,810.27,3326.75,5631.98,8.78,136.41,56.0,605.43,1174.0,1779.43,850.0,3580.21,232.76999999999998,-273.26,65.21000000000004,102.76999999999998,9.65695122621797,1.02,0.5,3.0,2.5,0.83,6.454987556607238,10.787990698053934,10.164750520174614,10.268623883154502,11.040254579576517,9.52,8.67,0.0,1.34,1.25,12,2005,0.31653439153436125,81.70333333333333,245.11
2006-03-31,886.57,132.41,1.62,0.0,447.24,208.83,343.42,44.0,0.0,677.74,257.35,655.0,179.51,49.82,1210.75,3366.59,6063.87,16.18,137.99,156.0,670.23,1390.0,2060.23,850.0,3723.67,279.92,-353.01,325.15,134.59,6.79,1.0,0.55,1.62,0.0,0.0,8.72,15.32,14.24,14.36,15.48,16.19,14.94,0.0,1.81,1.73,3,2006,0.0,81.73456790123456,132.41
2006-06-30,672.2099999999999,-22.00999999999999,-0.2691440217391303,1.0,270.51,11.599999999999994,153.14999999999998,50.0,0.0,660.5999999999999,78.34999999999997,733.5,138.28,50.47,1088.76,3341.98,5917.54,14.57,115.71,156.0,609.7,1416.0,2025.7,850.0,3628.02,189.55,-30.910000000000025,-71.94999999999999,141.54999999999998,-46.44725124943209,1.17,0.56,1.35,1.0,0.74,-1.4912572463768112,-3.173905797101448,-2.4242898550724625,-2.4561884057971004,-3.309474637681158,7.71,7.08,0.0,1.79,1.7,6,2006,81.77777777777777,81.77777777777777,110.4
2006-09-30,791.2700000000002,33.34,0.4082259635452901,0.7486858989224373,270.98,117.25,264.12000000000006,51.5,0.0,674.03,82.10000000000002,639.74,155.16,54.28,1083.48,3431.14,5978.8,10.85,131.88,256.0,773.34,1288.0,2061.34,850.0,3611.1,193.47000000000003,-220.45,-73.38999999999999,146.87,31.537435512897417,1.21,0.57,1.76,1.75,0.99,2.226687073883401,5.529606233477112,3.692589397523306,3.7668122999860856,6.02133296229303,6.99,6.12,0.0,1.4,1.33,9,2006,61.145517676767696,81.67045454545455,143.74
2006-12-31,873.3799999999997,77.47999999999999,0.945646867371847,0.005614782898143105,391.18000000000006,137.74,264.25,44.25,0.0,735.6400000000003,163.44,757.28,191.04,61.89,1233.05,3647.94,6338.56,86.84,129.5,259.2,940.05,1293.72,2233.78,850.0,3824.85,221.43999999999994,-267.62,166.39,126.50999999999999,11.699134615384619,0.98,0.58,2.7,1.75,0.65,4.889344543892957,11.123609076936985,8.097539101347076,8.363721182533224,12.342442817105145,7.77,6.86,0.0,1.31,1.25,12,2006,0.4600378787878583,81.93333333333332,221.22
2007-03-31,925.53,134.27,1.59,0.0,463.92,208.95,346.57,43.0,0.0,716.57,259.24,730.77,177.7,56.98,1221.35,3700.33,6338.02,68.53,128.33,259.38,880.8,1253.09,2133.88,850.0,3938.55,268.95,-223.05,-54.98,137.62,6.76,0.93,0.54,1.59,0.0,0.0,8.480000000000002,13.48,13.64,14.0,15.32,15.69,14.51,0.0,1.39,1.32,3,2007,0.0,84.44654088050315,134.27
2007-06-30,675.1100000000001,-44.02000000000001,-0.5218991689750694,1.0,230.74999999999994,-33.31,108.57999999999998,43.75,0.0,708.43,19.599999999999966,493.01,126.69,57.96,895.74,3758.92,6060.06,16.33,149.04,259.4,764.39,1258.22,2022.6,850.0,3802.18,47.25999999999999,-132.19,-151.69,141.89,-20.95821501590186,0.98,0.53,1.07,1.0,0.93,-2.9070271468144053,-5.716503047091415,-4.623929085872577,-4.740990581717453,-6.477402770083103,6.19,5.64,0.0,1.17,1.1,6,2007,84.34579439252336,84.34579439252336,90.25
2007-09-30,736.4599999999998,-50.86,-0.6068596090378269,0.4935891504319375,290.9200000000001,-29.319999999999993,127.61000000000001,43.0,0.0,765.7800000000002,61.03000000000003,381.8,162.71,56.92,813.46,3854.77,6142.59,159.46,160.76,259.33,939.44,1210.32,2149.77,850.0,3762.69,83.12,-264.6,42.369999999999976,156.93,-17.71427005505309,0.97,0.57,0.47,1.5,3.19,-3.305448083269866,-12.447077938563087,-5.423000761614623,-5.526296014216807,-14.512982990606751,1.84,1.69,0.0,0.87,0.81,9,2007,41.366971564923446,83.80851063829788,39.39
2007-12-31,973.3899999999999,82.55,0.9748400852878464,0.015447080705893174,437.9599999999999,113.57,271.43000000000006,38.0,0.0,859.8299999999999,161.32,418.42,201.2,66.8,1006.94,4087.24,6515.22,176.6,176.09,259.55,1080.71,1320.77,2401.48,850.0,3876.68,248.79000000000002,-394.41999999999996,126.14000000000001,157.85999999999996,9.745598425196851,0.83,0.62,1.44,1.5,1.04,5.063752665245203,10.939872068230276,8.529850746268657,8.584008528784647,12.943710021321962,4.03,3.68,0.0,0.93,0.87,12,2007,1.3080673758865373,84.68055555555556,121.94
2008-03-31,1004.16,106.16,1.26,0.0,499.15,182.18,349.36,38.25,0.0,821.98,254.88,419.61,191.98,62.16,943.44,3991.71,6336.25,142.08,153.61,259.35,964.96,1160.72,2125.68,850.0,3972.31,310.32,-117.34,-184.02,167.18,7.59,0.82,0.54,1.26,0.0,0.0,6.72,11.48,10.68,10.72,13.559999999999999,11.45,10.57,0.0,0.98,0.91,3,2008,0.0,84.25396825396825,106.16
2008-06-30,1032.3400000000001,128.71,1.5234546770553923,0.5,316.5400000000001,211.2,379.98,37.25,0.0,821.1399999999999,66.85000000000002,395.58,173.2,64.75,874.22,3891.27,6148.33,105.52,167.37,259.15,944.68,916.68,1861.36,850.0,4056.7,177.49,148.2,-348.28999999999996,168.77999999999997,6.11307979177997,0.78,0.46,2.78,0.5,0.18,8.373520671009494,14.116616000340615,12.691802273598162,13.108286286030571,16.571679652573764,14.12,11.53,0.0,0.93,0.86,6,2008,42.242805755395686,84.48561151079137,234.87
2008-09-30,813.94,-30.620000000000005,-0.3627926560587516,0.4994977237304403,316.96000000000004,-19.310000000000002,152.17999999999995,30.0,0.0,833.25,69.0,402.26,157.56,65.81,858.98,3819.33,5993.16,289.01,145.45,320.22,1124.51,714.5,1839.01,850.0,3928.5,90.91000000000003,-70.84,-10.410000000000082,171.49,-20.67847811887655,0.65,0.47,2.42,1.0,0.41,-2.044831334149327,-3.693888861689107,-3.1182178702570384,-3.1841801713586295,-4.605367931456549,8.47,7.17,0.0,0.76,0.71,9,2008,42.1580206908853,84.40082644628099,204.25
2008-12-31,877.3299999999999,12.379999999999995,0.14629921986797761,0.002602983416519742,365.78,21.100000000000023,190.11000000000013,19.5,0.0,856.23,80.46999999999997,324.76,179.26,69.08,837.52,3855.48,5940.2,256.86,102.85,316.83,1079.76,724.9,1804.66,850.0,3908.28,152.81999999999994,-179.97,-50.379999999999995,169.01000000000005,33.33442245557352,0.42,0.46,2.56,1.0,0.39,0.8343627383095598,1.4515625721275902,1.2664026219821811,1.2732603979134927,1.8584572773854033,6.78,5.81,0.0,0.78,0.71,12,2008,0.22026730371901238,84.62109375,216.63
2009-03-31,810.26,23.13,0.27,0.0,358.84,61.17,225.81,21.3,0.0,749.09,157.91,381.69,174.63,59.26,913.63,3773.95,5892.8,377.29,94.79,316.18,1172.34,565.42,1737.76,850.0,3930.95,199.35,-84.0,-57.89,164.64,19.7225,0.46,0.44,0.27,0.0,0.0,1.5600000000000003,3.9999999999999996,2.36,2.36,5.2,3.13,2.85,0.0,0.78,0.73,3,2009,0.0,85.66666666666666,23.13
2009-06-30,624.6800000000001,-90.08999999999999,-1.0628897849462366,0.5,222.54000000000002,-90.57,34.920000000000016,26.0,0.0,715.2499999999999,18.460000000000008,305.45,134.95,57.85,780.24,3651.48,5625.02,356.0,66.19,313.36,1052.97,554.15,1607.12,850.0,3797.62,52.08000000000001,-41.68000000000001,-82.67,125.49000000000001,-6.115144855144855,0.58,0.42,-0.79,0.5,-0.63,-6.404247311827956,-2.6908602150537635,-9.471827956989248,-9.202741935483871,-3.4443010752688172,-5.14,-4.67,-0.93,0.74,0.69,6,2009,42.37974683544303,84.75949367088606,-66.96
2009-09-30,713.8200000000002,-43.63000000000001,-0.5168215932724479,-0.0020116498275646023,279.6,-26.4,115.93,32.5,0.0,740.22,82.67000000000002,349.11,139.93,61.36,820.26,3595.18,5623.0,326.0,94.74,84.86,859.25,754.78,1614.03,850.0,3788.7,180.79000000000002,-67.48999999999998,-69.88,142.32999999999998,-15.72162445564978,0.73,0.43,-1.31,0.5,-0.38,-3.108819965638847,-1.5149579527986257,-4.607997106429154,-4.529093046387559,-1.846355004973325,-5.64,-5.15,-1.31,0.95,0.88,9,2009,-0.16982317132089264,84.41984732824427,-110.59
2009-12-31,901.8699999999999,2.6200000000000045,0.031060479762897154,-0.0004047632682813279,388.69000000000005,2.1799999999999997,218.28000000000003,29.0,8.0,899.6799999999998,153.7,396.18,167.93,65.19,939.73,3460.42,5607.05,247.39,128.99,84.98,812.04,772.82,1584.86,850.0,3807.77,221.87,-86.49000000000004,-90.66000000000003,216.09999999999997,233.4542175572515,0.65,0.42,-1.28,0.5,-0.39,0.18733351856997346,0.09026951931091985,0.27566175789571223,0.2717791979253501,0.10871167917014005,-3.89,-3.54,-1.0,1.16,1.08,12,2009,-0.0341424141221367,84.3515625,-107.97
2010-03-31,865.53,79.9,0.9500000000000001,0.5,272.76,100.71,253.55,27.0,0.0,764.82,70.5,371.79,161.55,60.34,926.38,3355.58,5491.18,197.64,94.6,103.74,732.32,632.61,1364.93,850.0,3910.01,198.55,-38.94,-183.19,152.84,7.105,0.59,0.35,0.95,0.5,0.53,5.84,7.080000000000001,8.16,8.16,8.48,9.99,9.23,9.1,1.26,1.18,3,2010,42.05263157894737,84.10526315789474,79.9
2010-06-30,580.47,-156.79000000000002,-1.8556236181558075,0.0023033588653646893,276.64,-159.25,-6.910000000000025,28.75,0.0,739.7199999999999,58.74000000000001,314.05,115.53,55.11,793.06,3252.57,5249.18,207.0,82.5,102.37,722.84,597.47,1320.31,850.0,3717.39,50.629999999999995,-33.230000000000004,-72.22,152.34,-3.872943268065565,0.66,0.36,-0.91,0.5,-0.55,-11.908617505527378,-8.809114319157239,-16.884135778384707,-16.721004031733646,-10.521997658993369,-5.82,-5.32,-2.93,1.1,1.02,6,2010,0.19462116830537468,84.49450549450549,-76.89
2010-09-30,710.8299999999999,-131.93,-1.5605167129585291,0.000283908218971897,255.30000000000007,-128.58,19.24000000000001,31.5,0.0,839.4099999999999,22.129999999999995,245.38,143.5,58.46,982.82,3194.74,5417.62,465.2,103.88,192.89,1164.66,406.62,1571.28,850.0,3641.14,106.0,-323.49,148.59,147.82,-5.045203896005457,0.74,0.43,-2.47,0.5,-0.2,-9.729537400632124,-8.567047217699455,-14.50585576094244,-14.20259745235131,-11.119471315008143,-10.48,-9.68,-6.54,0.84,0.79,9,2010,0.024002313475996573,84.54251012145748,-208.82
2010-12-31,1443.48,316.91999999999996,3.752614246068455,-0.0005291996089989703,363.96000000000004,441.38,583.95,34.75,0.0,1002.1000000000004,-6.550000000000011,377.42,255.39,69.68,1029.3,2605.24,6095.48,197.0,151.51,36.72,1013.64,879.36,1893.0,850.0,3962.28,108.25,738.28,-713.69,142.57000000000005,2.315186009087467,0.75,0.48,1.28,0.5,0.39,20.75664754856614,51.01209990749305,32.014490286771505,32.600836262719696,58.63459759481961,3.86,3.0,5.47,1.02,0.95,12,2010,-0.04469256072874117,84.453125,108.1
2011-03-31,1211.49,159.12,1.88,0.5,374.01,185.0,278.78,37.25,0.0,1026.48,120.08,506.31,273.8,64.07,1180.04,2400.43,6212.64,202.0,128.56,29.4,973.87,967.81,1941.68,850.0,4035.95,221.78,-47.29,-47.89,93.78,4.9525,0.78,0.48,1.88,0.5,0.27,10.239999999999998,12.639999999999999,15.76,16.04,14.12,15.39,13.13,28.29,1.21,1.15,3,2011,42.319148936170215,84.63829787234043,159.12
2011-06-30,833.3399999999999,-50.2,-0.5945464561145796,-0.0012091638602605332,61.620000000000005,-40.06,94.48000000000002,37.0,0.0,873.4100000000001,-171.1,477.21,196.15,59.64,1012.32,2340.68,5965.91,193.0,150.48,28.71,871.98,964.57,1836.54,850.0,3924.62,77.61999999999998,-13.340000000000003,-96.33,134.54,-15.556900398406373,0.8,0.47,1.29,0.5,0.39,-3.3737054719059865,-4.7563716489166366,-5.12508262945281,-5.25413147264047,-5.25413147264047,6.1,5.33,14.36,1.16,1.09,6,2011,-0.10209467260432348,84.43410852713178,108.92
2011-09-30,921.3499999999999,-13.730000000000004,-0.16298875932345838,-0.0011584338463016197,173.08000000000004,-11.079999999999984,105.16000000000003,34.0,0.0,932.4399999999998,-88.13999999999999,521.5,221.82,61.48,1046.31,4165.79,7752.34,767.0,154.01,21.03,1480.26,1639.26,3119.51,850.0,3919.57,113.36000000000001,-1802.9299999999998,1732.3,116.24000000000001,-52.15344319009467,0.74,0.8,1.13,0.5,0.44,-0.7096501733375357,-1.1712112616871522,-1.4019918058619607,-1.4539174283012926,-1.2289063977308545,3.65,3.21,8.08,0.71,0.67,9,2011,-0.09758523701721344,84.23893805309736,95.19
2011-12-31,956.3900000000003,-64.15,-0.764674613402062,-0.002068413009761978,173.02999999999997,-69.48000000000002,49.55000000000001,36.5,0.0,1025.85,-187.60999999999999,590.23,262.62,73.12,1363.56,4314.58,8341.34,822.4,153.06,21.06,1889.87,1878.72,3768.59,850.0,3876.6,-9.990000000000009,-195.42999999999984,276.72,119.02999999999997,-11.933343725643024,0.8,0.97,0.37,0.5,1.35,-3.058698453608248,-7.357409793814434,-6.6134020618556715,-6.530734536082476,-8.26675257731959,0.89,0.79,3.13,0.72,0.68,12,2011,-0.17352308060273458,83.89189189189189,31.04
2012-03-31,1219.5,89.06,1.05,0.5,324.02,90.99,217.69,34.0,0.0,1128.51,8.12,735.0,498.76,82.64,1494.95,4365.69,8486.63,871.85,782.61,21.24,1785.67,2089.09,3874.76,850.0,3937.16,108.55,-230.0,270.92,126.7,8.095,0.73,0.98,1.05,0.5,0.48,4.2,4.96,9.04,8.92,5.44,7.9,7.3,5.44,0.84,0.79,3,2012,42.40952380952381,84.81904761904762,89.06
2012-06-30,983.1199999999999,-66.34,-0.7883714788732396,-0.003986418511066483,174.33000000000004,-82.25,61.120000000000005,34.0,0.0,1065.3700000000001,-132.57999999999998,586.03,381.85,93.18,1206.26,4590.43,8395.13,845.1,710.18,22.23,1697.94,2194.55,3892.49,850.0,3860.85,35.58,-135.89999999999998,-52.890000000000015,143.37,-10.782068133855894,0.75,1.01,0.27,0.5,1.85,-3.153485915492958,-1.401549295774648,-6.890950704225353,-6.774154929577465,-1.5183450704225354,1.11,1.03,0.22,0.71,0.66,6,2012,-0.33544973544974255,84.14814814814814,22.72
2012-09-30,1042.02,-33.28,-0.3781818181818181,0.02188552188552202,473.38,-39.0,129.73000000000002,46.75,0.0,1081.02,162.31,497.48,332.23,79.19,1076.69,4508.23,8198.76,779.85,644.04,60.29,1624.7,2127.94,3752.64,850.0,3843.63,41.45000000000002,-71.04000000000002,-56.18000000000001,168.73000000000002,-30.90418269230769,1.03,0.98,-0.12,0.5,-4.17,-1.6387878787878787,-4.79030303030303,-3.403636363636364,-3.403636363636364,-5.79878787878788,-0.36,-0.33,-0.49,0.66,0.61,9,2012,1.925925925925938,88.00000000000001,-10.56
2012-12-31,1503.94,159.98,1.8950916878597244,-0.021215366082184578,479.74,179.39999999999998,337.96999999999997,46.75,0.0,1324.5399999999995,115.53,662.91,407.53,86.18,1297.11,4541.77,8402.07,655.3,822.55,98.5,1745.82,2103.11,3848.93,850.0,3956.98,343.24,-56.28000000000003,-128.94,158.57,6.16668052256532,1.0,0.97,1.77,0.5,0.28,7.623193682237987,7.623193682237987,16.188579842055947,16.31706063445322,9.59323249899612,3.51,3.15,2.02,0.74,0.69,12,2012,-1.790960451977412,84.41807909604519,149.42
2013-03-31,1519.64,142.55,1.69,1.0,600.64,212.62,364.17,59.75,0.0,1307.02,248.19,709.45,517.78,72.88,1435.32,4406.53,8598.45,608.02,800.99,130.98,1667.06,2019.84,3686.9,850.0,4292.44,204.59,-77.53,-73.98,151.55,8.84,1.18,0.86,1.69,1.0,0.59,6.64,9.96,13.28,13.84,12.28,9.98,9.38,13.78,0.86,0.82,3,2013,84.34911242603552,84.34911242603552,142.55
2013-06-30,1037.0399999999997,-43.73000000000002,-0.5177504553734064,0.0013310914950258096,324.88,-51.22,117.71999999999997,57.25,0.0,1088.2600000000002,-11.879999999999995,512.75,396.24,78.17,1129.07,4501.66,8374.79,601.3,651.14,176.64,1540.67,2047.29,3587.95,850.0,4150.79,13.400000000000006,-97.22999999999999,-112.77999999999999,168.94,-27.642708666819107,1.17,0.86,1.17,1.0,0.85,-2.0887026917628018,-3.3985670916818473,-4.212807124063956,-4.372114956486543,-4.1774053835256035,4.16,3.87,4.58,0.73,0.68,6,2013,0.11242603550294916,84.46153846153847,98.82
2013-09-30,1089.7400000000002,-40.50999999999999,-0.479367175441605,0.0005408756909358135,-9.269999999999982,-34.78,117.14999999999998,56.5,0.0,1124.52,-355.95,577.09,374.71,78.84,1170.18,4541.09,8398.36,636.27,722.52,178.47,1665.4,2004.28,3669.68,850.0,4098.91,203.01999999999998,-107.96000000000004,-33.68000000000001,151.93,-29.464470501110846,1.17,0.9,0.69,1.0,1.45,-1.9174687017664203,-4.251778425655976,-3.946095009432343,-4.085042016806721,-5.224407477276623,1.73,1.6,2.32,0.7,0.66,9,2013,0.045707915273141,84.50724637681161,58.31
2013-12-31,1454.12,31.870000000000005,0.37814260368152586,-0.002691878722426436,925.6700000000001,81.59,293.0,57.5,0.0,1372.5199999999995,495.55,711.97,437.73,84.78,1399.49,4556.13,8628.95,662.7,829.52,185.97,1839.61,1967.83,3807.44,850.0,4142.94,309.94000000000005,-122.55999999999995,-64.13999999999999,211.41000000000003,38.015949168497016,1.18,0.92,1.07,1.0,0.93,1.4842980705256155,3.46336216455977,3.081685517853183,3.1523663783544027,4.3398048347748945,1.92,1.77,3.07,0.76,0.71,12,2013,-0.22687254503590282,84.2803738317757,90.18
2014-03-31,1430.58,64.32,0.76,1.0,509.66,140.7,311.91,52.5,0.0,1289.88,156.92,770.86,369.3,76.64,1433.15,4458.75,8509.5,696.8,744.95,183.49,1734.17,1874.76,3608.93,850.0,4201.56,204.97,-42.94,-45.41,171.21,17.27,1.06,0.86,0.76,1.0,1.32,3.04,6.56,6.12,6.04,8.32,4.94,4.5,6.59,0.83,0.78,3,2014,84.63157894736841,84.63157894736841,64.32
2014-06-30,1064.4,-68.78999999999999,-0.7694630872483221,0.05333804309431299,281.2699999999999,-55.02999999999999,72.82,59.5,0.0,1119.4299999999998,-53.72999999999999,540.48,354.98,74.88,1171.71,4395.82,8197.35,698.2,634.68,184.0,1601.48,1834.43,3435.91,850.0,4065.59,-11.449999999999989,-68.0,-153.76,127.85,-19.331661578717835,1.24,0.85,-0.05,1.0,-20.0,-3.0778523489932885,63.40375838926174,-6.771275167785234,-6.771275167785234,80.0241610738255,-0.2,-0.18,2.36,0.73,0.68,6,2014,4.768421052631581,89.39999999999999,-4.47
2014-09-30,1340.7599999999998,-49.29,-0.5867857142857142,-0.06428571428571418,13.260000000000105,-38.67,233.39,63.0,0.0,1379.4299999999998,-453.6,582.35,414.49,72.46,1476.17,4890.73,8807.39,673.9,823.55,204.82,1817.32,1812.96,3630.29,850.0,4423.4,149.98999999999998,-285.44,-43.75,272.06,-26.841825928180157,1.21,0.82,-0.64,1.0,-1.56,-2.2371205357142854,2.017075892857143,-4.474241071428571,-4.6209375,2.4571651785714286,-1.58,-1.4,0.87,0.81,0.77,9,2014,-5.3999999999999915,84.0,-53.76
2014-12-31,1481.6100000000006,33.12,0.3851162790697674,0.023255813953488372,1036.59,52.89,256.03,59.5,0.0,1428.7200000000003,596.05,889.83,428.94,85.98,1767.7,4899.61,9065.13,639.0,1049.96,242.0,2103.16,1749.86,3853.02,850.0,4443.29,514.82,-121.27999999999997,-91.26000000000002,203.14,38.62521739130435,1.14,0.87,-0.24,1.0,-4.17,1.476279069767442,-7.253023255813952,2.952558139534884,3.0809302325581394,-9.17860465116279,-0.43,-0.39,1.45,0.84,0.8,12,2014,2.0,86.0,-20.64
2015-03-31,1585.69,197.84,2.34,1.0,459.31,256.72,447.64,55.25,0.0,1328.97,117.56,735.38,435.51,77.15,1758.66,4789.82,8959.57,614.0,814.47,261.15,1783.22,1771.3,3554.52,850.0,4617.05,137.79,-278.72,21.98,190.92,5.9025,1.02,0.77,2.34,1.0,0.43,8.84,11.76,17.12,17.96,14.320000000000002,13.79,12.48,19.78,0.99,0.94,3,2015,84.54700854700856,84.54700854700856,197.84
2015-06-30,1108.17,-66.33000000000001,-0.7868207740856211,-0.0029148607203510293,205.32,-58.08000000000004,84.91999999999996,59.75,0.0,1166.24,-158.19,616.84,545.19,71.08,1685.05,4907.94,9043.55,708.0,817.52,304.66,1902.72,1809.97,3712.69,850.0,4524.6,25.920000000000016,-156.94,4.629999999999999,143.00000000000003,-18.98399291421679,1.12,0.82,1.56,1.0,0.64,-2.9253592882670527,-4.640225077940841,-5.870893468177327,-6.173516842825642,-5.608619876815452,5.41,4.88,7.16,0.89,0.85,6,2015,-0.24572649572651528,84.30128205128204,131.51
2015-09-30,1172.6599999999999,-40.06999999999999,-0.47326771653543304,0.0043155663234403134,274.77,-10.049999999999983,244.1400000000001,59.5,0.0,1182.7199999999998,-69.24000000000001,600.82,394.05,71.15,1612.15,5172.82,9252.57,664.0,844.54,328.06,1912.64,2031.56,3944.21,850.0,4507.94,322.89,-435.69,88.9,254.19,-31.4289343648615,1.12,0.87,1.08,1.0,0.93,-1.735314960629921,-3.6634426946631664,-3.558272090988625,-3.5933289588801394,-4.504807524059492,2.59,2.36,4.19,0.84,0.81,9,2015,0.3653846153846132,84.66666666666666,91.44
2015-12-31,1503.0700000000002,107.75,1.276620312264672,-0.003129340495674029,1053.8000000000002,153.30999999999997,377.31999999999994,69.0,0.0,1349.7599999999998,666.37,714.23,475.03,79.62,1817.06,5107.9,9395.68,538.0,962.43,325.53,1919.81,2071.4,3991.21,850.0,4593.2,376.64,-153.85000000000002,-100.33000000000001,224.01,13.513493271461718,1.28,0.87,2.36,1.0,0.42,4.587178071188313,8.005923992168283,9.390732466489283,9.542195893368142,9.888398011948391,4.07,3.71,6.9,0.95,0.91,12,2015,-0.2641242937853008,84.40254237288136,199.19
2016-03-31,1635.03,153.86,1.82,1.2,480.73,222.16,438.0,80.25,0.0,1412.87,95.02,762.7,480.57,72.8,1861.28,4948.68,9299.24,580.0,827.13,318.07,1827.54,1986.12,3813.66,850.0,4729.14,297.57,-186.7,-59.36,215.84,11.0225,1.44,0.81,1.82,1.2,0.66,6.6,9.72,12.999999999999998,13.16,11.88,10.28,9.41,10.02,1.02,0.98,3,2016,101.44615384615385,84.53846153846155,153.86
2016-06-30,1199.78,-41.29000000000002,-0.04768321933019458,1.0828462290130585,226.51999999999998,-45.599999999999994,173.88,11.6,0.0,1245.38,-151.16,663.13,427.98,71.61,1697.74,4800.82,8940.89,573.11,744.35,317.78,1721.82,1905.74,3627.56,850.0,4570.19,99.00999999999999,10.129999999999995,-200.83999999999997,219.48,-60.81751695325742,2.16,0.79,0.13,1.2,9.23,-1.8486417340321588,-2.87566491960558,-3.609252909300882,-3.6385964288886936,-3.5945811495069755,4.36,3.97,5.67,0.99,0.94,6,2016,937.6615384615383,865.9230769230768,112.57
2016-09-30,1174.5500000000002,-73.22,-0.09303684879288437,-0.12034014270354781,280.29999999999995,-47.390000000000015,171.75,10.1,0.0,1221.9499999999998,-94.69000000000001,739.73,440.83,71.66,1745.46,4642.71,8777.69,485.72,845.3,323.66,1738.44,1800.75,3539.19,850.0,4494.8,297.02000000000004,-19.26000000000002,-192.57,219.14000000000004,-27.139784211963946,1.91,0.79,0.05,1.2,24.0,-3.3493265565438373,-10.64341550190597,-6.549794155019059,-6.475364675984752,-13.620594663278272,1.06,0.98,2.23,1.0,0.96,9,2016,-94.70769230769213,787.0,39.35
2016-12-31,1415.77,74.77000000000001,0.0917262530669471,0.04143007360672966,1071.59,85.02000000000001,238.12,9.05,0.0,1330.7399999999998,618.99,870.33,462.59,77.04,1912.94,4689.59,9032.98,461.63,972.58,158.49,1694.34,1984.54,3678.89,850.0,4588.98,326.8299999999999,-148.68999999999997,-57.620000000000005,153.0999999999999,24.664694396148185,1.68,0.8,0.14,1.2,8.57,3.3021451104100947,6.080140203294778,6.525667718191379,6.525667718191379,7.652590255871014,2.29,2.1,2.94,1.13,1.08,12,2016,33.77142857142849,815.1428571428571,114.12
2017-03-31,1509.6,123.84,0.15,0.1,599.59,168.93,365.66,9.45,0.0,1340.67,206.47,784.38,437.74,69.82,1874.6,4513.68,8825.13,408.56,801.47,175.96,1509.29,1867.38,3376.68,850.0,4698.87,206.37,-181.22,-100.25,196.73,15.75,1.71,0.72,0.15,0.1,0.67,5.6,7.44,10.56,10.52,9.24,8.95,8.2,16.29,1.24,1.2,3,2017,82.56,825.6,123.84
2017-06-30,1084.0700000000002,-92.32000000000001,-0.11715736040609138,-0.004771573604060902,377.5,-94.15,89.88,9.8,0.0,1178.21,-25.349999999999994,646.75,429.6,69.2,1778.76,4417.78,9749.73,634.26,722.12,187.24,1712.83,2501.31,4214.14,850.0,4503.47,-25.849999999999994,-624.13,509.61,184.03,-20.912045060658578,1.85,0.94,0.04,0.1,2.5,-3.7490355329949243,-9.372588832487311,-8.201015228426396,-8.083857868020305,-10.8956345177665,1.32,1.22,2.92,1.04,1.0,6,2017,-3.759999999999991,788.0,31.52
2017-09-30,1183.1999999999998,-54.68,-0.07082901554404145,-0.002072538860103638,392.15,-22.980000000000004,179.85999999999996,11.1,0.0,1206.19,-12.640000000000015,515.06,458.53,65.21,1650.37,4373.48,9631.83,617.26,809.91,203.06,1723.26,2356.11,4079.37,850.0,4525.78,192.12999999999997,-248.95999999999992,-69.62,202.84000000000003,-39.178858814923196,2.08,0.9,-0.03,0.1,-3.33,-2.2665284974093267,5.288566493955095,-4.816373056994819,-4.816373056994819,6.138514680483593,-0.68,-0.61,1.4,0.96,0.92,9,2017,-1.6000000000000085,772.0,-23.16
