,revenue,net_profit,eps,dps,gross_profit,ebit,ebitda,close_price,expense,operating_profit,cash,account_receivable,inventory,current_asset,property_plant_equipment,total_asset,short_term_loan,account_payable,current_portion_long_term_debt,current_liability,non_current_liability,total_liability,paid_in_capital,total_equity,cash_flow_operation,cash_flow_investment,cash_flow_financing,depreciation,P/E,P/BV,D/E,EPS,DPS,DPR%,ROA%,ROAA%,ROE%,ROAE%,ROCE%,NPM%,NPMA%,TIE,CurrentRatio,QuickRatio,month,year,dividend,number_of_shares,return_old
2005-06-30,,,,,,,,,,,17.42,130.08,111.8,261.57,122.03,390.4,44.82,103.84,0.0,188.9,0.0,188.9,140.0,177.75,,,,,,0.0,1.06,0.3,0.0,0.0,,,,,,11.34,11.3,0.0,1.38,0.79,6,2005,,121.56666666666666,36.47
2005-09-30,147.09000000000003,16.160000000000004,0.12589017670530117,0.0,49.650000000000006,26.490000000000002,31.03,,120.60999999999996,26.000000000000007,27.08,113.42,116.67,261.2,127.42,395.46,40.0,110.61,0.0,175.53,0.0,175.53,140.0,193.91,25.29,-9.930000000000001,-9.72,4.540000000000001,0.0,0.0,0.91,0.41,0.0,0.0,16.347300019000574,0.0,33.33326239787194,0.0,49.43492304769144,11.24,11.2,0.0,1.49,0.82,9,2005,0.0,128.3658536585366,52.63
2005-12-31,157.00999999999993,13.07,0.09150989345509893,0.0,50.599999999999994,20.189999999999998,25.090000000000003,2.3,136.82000000000005,19.169999999999987,68.57,135.6,114.91,424.02,125.31,556.17,0.0,110.2,0.0,149.95,0.0,149.95,200.0,378.39,12.860000000000003,-102.79,131.42,4.899999999999999,6.283473603672532,1.22,0.4,0.46,0.0,0.0,9.397668188736683,0.0,13.814015220700151,0.0,21.293954337899546,10.53,10.48,0.0,2.83,2.06,12,2005,0.0,142.82608695652175,65.7
2006-03-31,170.46,20.48,0.1,0.0,53.57,29.64,34.56,3.32,140.82,26.53,83.88,144.57,117.01,450.67,127.15,584.68,0.0,117.86,0.0,165.83,0.0,165.83,200.0,398.88,22.31,-7.0,0.0,4.92,8.3,1.66,0.42,0.1,0.0,0.0,14.0,0.0,20.52,0.0,28.32,12.24,12.01,0.0,2.72,2.01,3,2006,0.0,204.79999999999998,20.48
2006-06-30,161.79,16.139999999999997,0.07933369743309666,0.2,52.169999999999995,24.060000000000002,29.259999999999998,3.02,137.73000000000002,22.229999999999997,57.64,144.61,129.22,438.19,137.87,577.24,15.0,130.45,0.0,180.77,0.0,180.77,200.0,375.01,15.52,-11.870000000000001,-29.9,5.199999999999999,9.518023543990088,1.61,0.48,0.18,0.2,1.11,11.177236482796284,19.568978700163843,17.22422719825232,23.359366466411796,23.870628072091748,11.19,11.02,0.0,2.42,1.71,6,2006,40.68888888888889,203.44444444444443,36.62
2006-09-30,170.85000000000002,16.760000000000005,0.08477332334207571,-0.005807418508804781,53.14,25.33,30.999999999999993,3.56,145.51999999999998,21.809999999999995,86.39,144.62,140.99,420.95,170.63,592.78,17.0,137.93,0.0,178.08,0.0,178.08,200.0,391.77,11.420000000000002,20.25,-2.8999999999999986,5.67,10.502419451073983,1.82,0.45,0.27,0.2,0.74,11.31566878980892,20.081858373922824,17.117931809666548,22.89507680779319,23.93747470962908,10.79,10.61,0.0,2.36,1.57,9,2006,-1.1481481481481453,197.7037037037037,53.38
2006-12-31,160.88,5.829999999999998,0.02953892923492652,-0.0003415339000544256,48.03999999999999,9.429999999999993,15.510000000000005,3.4,151.45,7.110000000000014,45.25,137.2,126.67,369.99,202.44,573.57,0.0,110.25,0.0,152.28,0.0,152.28,200.0,397.6,23.450000000000003,-47.6,-17.0,6.080000000000002,28.76712264150944,1.71,0.38,0.3,0.2,0.67,4.06455666272589,6.167728424252659,5.864462084107413,6.010187468333051,8.270900185779427,9.06,8.92,0.0,2.43,1.6,12,2006,-0.06740740740740847,197.36666666666667,59.21
2007-03-31,170.81,13.9,0.07,0.0,53.65,21.29,27.74,2.9,149.52,20.42,66.06,142.72,139.65,391.66,212.73,611.2,0.0,137.86,0.0,208.63,0.0,208.63,200.0,377.5,28.62,-7.81,0.0,6.45,10.357500000000002,1.54,0.55,0.07,0.0,0.0,9.08,14.239999999999998,14.72,14.32,21.16,8.18,8.14,0.0,1.88,1.21,3,2007,0.0,198.57142857142856,13.9
2007-06-30,170.26999999999998,14.319999999999999,0.07104181431608787,0.17,52.800000000000004,20.380000000000003,27.860000000000003,2.4,149.89000000000001,19.629999999999995,52.89,148.58,139.47,363.08,227.65,597.6,20.0,129.27,0.0,189.21,0.0,189.21,200.0,391.82,0.33999999999999986,0.4899999999999993,-14.0,7.4799999999999995,8.444322625698325,1.23,0.48,0.14,0.17,1.21,9.58049610205528,14.391041814316086,14.614316087880935,14.939078667611623,20.70361445783132,8.31,8.27,0.0,1.92,1.18,6,2007,34.26714285714286,201.57142857142856,28.22
2007-09-30,166.22000000000003,11.770000000000003,0.05886471617904478,-0.0013785589254456403,51.519999999999996,17.07,25.15,2.44,149.14999999999998,16.650000000000006,42.46,153.1,137.34,346.03,250.46,603.33,16.37,122.39,0.6,180.72,0.6,181.32,201.2,404.8,15.509999999999998,-18.61,-7.329999999999998,8.080000000000002,10.36274426508071,1.21,0.45,0.2,0.17,0.85,7.805461365341337,11.561030257564394,11.631667916979248,11.820035008752189,16.364391097774448,7.91,7.88,0.0,1.91,1.15,9,2007,-0.27564285714285575,199.95,39.99
2007-12-31,191.15000000000003,9.329999999999998,0.047293187347931864,-0.002300790754257894,60.68000000000001,14.999999999999993,24.11,2.3,176.15000000000003,14.39,65.55,157.06,164.04,393.31,260.51,662.58,22.95,164.11,0.76,229.82,0.6,230.42,201.21,414.14,36.730000000000004,-15.170000000000002,1.5199999999999996,9.11,12.158199356913185,1.12,0.56,0.25,0.17,0.68,5.629781021897809,9.027323600973235,9.012189781021897,9.193795620437955,12.894014598540142,7.09,7.06,0.0,1.71,1.0,12,2007,-0.4538999999999973,197.28,49.32
2008-03-31,209.97,11.37,0.06,0.17,44.14,16.18,25.67,2.18,193.79,6.62,35.29,142.46,124.43,311.69,247.67,633.61,23.62,108.99,0.76,181.56,0.41,181.96,202.57,426.28,3.9,-42.41,8.25,9.49,9.0825,1.04,0.43,0.06,0.17,2.83,7.160000000000001,10.4,10.68,11.32,14.320000000000002,5.67,5.42,0.0,1.72,1.03,3,2008,32.215,189.5,11.37
2008-06-30,159.97,15.910000000000002,0.07581744868035192,0.016482771260997064,51.0,21.61,31.0,2.06,138.35999999999999,10.91,41.24,119.34,151.35,321.97,244.79,651.35,50.22,122.52,1.5,216.79,0.88,217.67,203.42,409.78,28.72,-20.360000000000007,-2.2800000000000002,9.389999999999999,6.794280326838466,1.02,0.53,0.13,0.17,1.31,9.774618768328446,14.113709677419356,15.536744868035193,15.8866715542522,20.295747800586508,7.8,7.37,0.0,1.49,0.79,6,2008,3.458846153846153,209.84615384615384,27.28
2008-09-30,171.34999999999997,12.149999999999999,0.061628201876743595,-0.010947736007335333,53.10000000000001,19.369999999999997,29.039999999999992,2.06,151.98000000000002,11.45,47.23,128.61,171.58,360.95,245.61,696.0,75.85,122.07,1.51,237.63,20.66,258.29,204.36,406.43,-14.299999999999997,-10.859999999999992,30.370000000000005,9.670000000000002,8.356563786008232,1.04,0.64,0.2,0.17,0.85,6.988638092822723,10.846563530306872,11.955871164088256,11.980522444838956,15.370073548059851,7.68,7.28,0.0,1.52,0.8,9,2008,-2.1583461538461606,197.14999999999998,39.43
2008-12-31,165.47000000000003,4.859999999999999,0.02414088959132987,0.0035197561526304224,50.25,10.060000000000002,10.990000000000009,2.0,155.39999999999998,3.860000000000003,78.47,117.63,161.2,367.83,249.05,707.26,85.0,112.41,1.52,240.86,20.6,261.46,204.36,407.46,30.409999999999997,-4.410000000000011,4.3899999999999935,0.9299999999999997,20.70967592592593,1.0,0.64,0.22,0.17,0.77,2.747672160758636,4.3058568525626555,4.771117633777376,4.731614359900654,6.3249130729284255,6.59,6.27,0.0,1.53,0.86,12,2008,0.7085909090909155,201.3181818181818,44.29
2009-03-31,210.06,33.02,0.16,0.14,46.48,67.41,75.22,1.53,142.65,19.19,99.07,90.85,108.77,338.91,239.99,668.91,74.11,63.66,8.94,191.76,12.76,204.52,217.49,433.61,92.49,-52.75,-17.57,7.81,2.39,0.77,0.47,0.16,0.14,0.88,19.759999999999998,41.4,30.48,30.72,56.52,21.3,15.72,0.0,1.77,1.2,3,2009,28.892500000000005,206.37500000000003,33.02
2009-06-30,164.14,2.8200000000000003,0.014162946428571428,-0.005107421874999999,26.17000000000001,3.260000000000005,10.939999999999998,1.6,160.89000000000001,3.1999999999999993,104.84,103.31,48.89,323.12,240.97,644.53,65.0,71.31,2.11,164.2,21.12,185.32,217.49,409.0,40.32000000000001,3.3400000000000034,-36.87,7.680000000000001,28.246241134751774,0.85,0.45,0.18,0.14,0.78,1.7499107142857142,3.4337276785714286,2.757053571428571,2.75390625,4.6297098214285715,11.45,9.58,29.08,1.97,1.67,6,2009,-1.0169444444444444,199.11111111111114,35.84
2009-09-30,133.94,2.8599999999999994,0.014780361757105941,-0.004059718633362055,28.25999999999999,2.280000000000001,10.370000000000005,1.69,131.64999999999998,1.4100000000000001,119.66,86.19,50.81,292.58,266.31,642.35,15.0,110.33,4.54,148.04,18.37,166.42,219.93,412.77,40.84,3.8999999999999986,-30.549999999999997,8.089999999999998,28.585227272727277,0.9,0.4,0.2,0.14,0.7,1.779555555555555,3.2221188630490945,2.7727958656330745,2.793488372093022,4.3631627906976735,8.82,7.62,23.31,1.98,1.63,9,2009,-0.7855555555555576,193.5,38.7
2009-12-31,183.86,14.589999999999996,0.07118408707074496,0.007828860949521474,45.68000000000001,17.599999999999994,26.33,1.75,166.26000000000005,10.459999999999997,122.81,111.5,46.35,307.98,276.55,669.76,0.0,118.41,8.07,156.09,33.97,190.06,219.93,425.33,34.69,-34.87,10.009999999999991,8.730000000000004,6.145334132967788,0.9,0.45,0.26,0.14,0.54,8.717312816663537,14.401088384312251,13.722101707637451,14.017789453931316,19.307314693188207,8.75,7.7,25.01,1.97,1.68,12,2009,1.6046153846153821,204.96153846153845,53.29
2010-03-31,190.47,8.46,0.04,0.13,36.0,10.41,19.08,1.8,180.06,5.48,171.26,114.62,60.42,361.27,290.24,735.48,0.0,138.9,13.32,205.98,75.81,281.79,223.82,404.08,8.79,-12.21,55.2,8.67,11.25,1.0,0.7,0.04,0.13,3.25,4.6,5.92,8.36,8.08,7.88,4.75,4.44,14.46,1.75,1.46,3,2010,27.495000000000005,211.50000000000003,8.46
2010-06-30,188.54,11.5,0.057615230460921846,-0.007750501002004029,38.94,14.36,23.08,1.78,174.19,10.64,137.66,125.05,66.97,351.31,284.34,719.4,0.0,145.61,17.45,184.21,71.08,255.29,223.82,416.71,-8.1,-2.2699999999999996,-25.520000000000003,8.72,7.7236521739130435,0.96,0.61,0.1,0.13,1.3,6.38376753507014,8.36573146292585,11.039078156312625,11.1312625250501,10.670340681362724,5.62,5.27,15.1,1.91,1.54,6,2010,-1.5470000000000041,199.6,19.96
2010-09-30,188.44000000000005,16.049999999999997,0.0802277145237434,0.0002960288808664208,44.900000000000006,19.680000000000003,28.72,1.79,168.75,14.89,138.52,117.09,57.68,331.5,280.37,698.1,0.0,117.27,22.93,162.42,63.38,225.8,225.0,429.15,17.36,-3.030000000000001,-5.120000000000001,9.04,5.575380062305297,0.94,0.53,0.18,0.13,0.72,9.199444598722577,11.820216606498194,14.958011663426825,15.243265759511246,14.79755623437934,6.77,6.35,17.23,2.04,1.69,9,2010,0.05922222222222118,200.05555555555554,36.01
2010-12-31,155.64999999999998,10.0,0.049989132797218006,-7.848535342563856e-06,64.1,11.669999999999995,21.17,1.93,143.98000000000002,31.77,130.67,110.32,69.7,330.92,282.62,704.63,0.0,109.19,22.82,167.15,57.73,224.88,225.0,443.89,2.349999999999998,-7.699999999999999,-2.009999999999998,9.5,9.6505975,0.98,0.51,0.23,0.13,0.57,5.6770267333188436,7.102803738317758,9.015431427950446,9.206694196913714,9.076287763529669,6.57,6.36,16.13,1.98,1.56,12,2010,-0.001570048309179839,200.04347826086953,46.01
2011-03-31,170.15,8.57,0.04,0.14999999999999997,39.86,11.67,20.12,1.65,158.48,4.38,99.4,116.46,67.38,331.38,273.07,696.92,0.0,113.03,22.64,197.12,62.85,259.97,229.64,404.78,9.23,-8.87,-8.65,8.45,10.3125,0.94,0.64,0.04,0.15,3.75,4.92,6.52,8.48,8.48,9.32,5.26,5.04,13.11,1.68,1.34,3,2011,32.137499999999996,214.25,8.57
2011-06-30,213.03,20.6,0.08474460061707234,0.017792252314021265,60.19,28.29,36.36,1.61,184.74000000000004,23.84,136.01,127.41,61.36,401.34,269.86,754.32,0.0,146.25,22.28,203.93,18.56,222.5,306.08,500.79,58.16,-20.04,-0.23000000000000043,8.07,4.750745145631068,0.98,0.44,0.12,0.15,1.25,10.932053479602331,15.310524511484402,16.440452519712032,17.965855330819334,20.508193349331503,7.85,7.61,28.14,1.97,1.67,6,2011,4.325000000000003,243.08333333333334,29.17
2011-09-30,193.37999999999994,20.689999999999998,0.07469314079422382,0.018366425992779777,57.239999999999995,27.309999999999995,36.11000000000001,1.55,166.07,20.36,181.45,129.43,66.19,392.02,270.09,751.21,0.0,134.61,16.67,187.29,13.86,201.15,306.08,520.31,14.719999999999999,42.38,-12.06,8.8,5.187223296278395,0.91,0.39,0.18,0.15,0.83,11.021387886081024,15.403385479342157,15.901339751303649,17.428399518652224,19.801981548335334,8.94,8.65,38.44,2.09,1.74,9,2011,5.087499999999999,277.0,49.86
2011-12-31,155.69000000000005,1.1600000000000037,0.004319874558996486,-0.004733437867502937,34.420000000000016,0.3400000000000034,8.86999999999999,1.63,155.34999999999997,-5.369999999999997,161.7,110.53,65.84,345.79,272.27,712.91,0.0,111.19,9.02,145.69,14.16,159.84,306.08,523.64,-6.709999999999994,-5.69,-7.949999999999999,8.530000000000001,94.34301724137902,0.95,0.31,0.19,0.15,0.79,0.6511642493139965,0.8676127009016098,0.885801646413174,0.9594668757350089,1.0840611524892232,7.21,6.97,34.85,2.37,1.92,12,2011,-1.2710526315789465,268.5263157894737,51.02
2012-03-31,171.12,23.25,0.08,0.15,56.39,27.97,37.6,1.8,143.15,19.72,136.54,144.66,69.06,357.99,268.43,727.46,0.0,119.81,3.48,136.42,14.51,150.93,285.89,548.03,-8.88,-10.48,-5.73,9.63,5.625,0.94,0.28,0.08,0.15,1.88,12.8,15.72,16.96,19.52,18.92,14.27,13.59,254.27,2.62,2.12,3,2012,43.59375,290.625,23.25
2012-06-30,184.31,27.18,0.09701368233194527,-0.005599345627602622,58.28,32.54,39.60999999999999,2.54,151.77,22.770000000000003,109.03,153.71,60.58,350.86,267.98,719.82,0.0,133.34,0.62,146.95,14.62,161.56,285.89,530.9,37.83,-19.59,-45.86,7.0699999999999985,6.544953090507725,1.37,0.3,0.18,0.15,0.83,15.112575847709698,17.699607376561573,20.480666270077336,21.08430696014277,22.76587745389649,14.95,14.19,432.21,2.39,1.98,6,2012,-1.5687500000000014,280.1666666666667,50.43
2012-09-30,151.75,25.470000000000006,0.09060474308300398,0.0005039525691699572,60.10000000000001,30.54,38.59,3.12,121.21999999999997,22.119999999999997,97.61,134.43,54.57,327.61,268.64,709.41,0.0,97.76,0.37,105.54,14.97,120.51,285.89,558.67,10.709999999999997,-24.65,2.5700000000000003,8.05,8.61213191990577,1.6,0.22,0.27,0.15,0.56,14.362529644268776,16.73838735177866,18.241754940711466,18.886055335968383,20.241770750988145,15.79,14.97,607.0,3.1,2.59,9,2012,0.14166666666666572,281.1111111111111,75.9
2012-12-31,185.14000000000004,35.209999999999994,0.12358833588335881,0.001993519935199373,61.78999999999999,43.86,51.64999999999999,3.16,141.26999999999998,17.409999999999997,98.7,152.38,57.42,362.97,268.08,750.5,0.0,93.04,0.34,108.42,15.32,123.74,285.89,596.22,19.130000000000003,-17.840000000000003,-0.11999999999999744,7.789999999999999,6.390166145981256,1.52,0.21,0.39,0.15,0.38,18.760075600756004,23.3740401404014,23.627554675546754,25.14864188641886,26.631701917019168,17.38,16.05,843.19,3.35,2.82,12,2012,0.5679487179487239,284.8974358974359,111.11
2013-03-31,161.98,24.6,0.09,0.22,53.19,30.32,38.15,4.16,131.66,13.64,95.03,206.97,58.18,395.99,273.59,800.5,0.0,103.78,1.91,122.41,18.88,141.29,285.89,628.48,-23.0,18.82,-1.48,7.83,11.554999999999998,1.89,0.22,0.09,0.22,2.44,12.28,15.88,15.64,16.72,17.88,16.93,15.19,1516.0,3.23,2.76,3,2013,60.13333333333334,273.33333333333337,24.6
2013-06-30,154.88000000000002,27.509999999999998,0.09502590673575129,0.012285549798503135,53.650000000000006,32.33,40.339999999999996,3.64,122.55000000000001,13.66,180.31,149.96,52.53,449.91,352.79,898.9,100.0,86.41,1.94,197.45,84.78,282.23,285.89,584.16,65.25,-86.11000000000001,106.01,8.01,9.575283533260633,1.78,0.48,0.18,0.22,1.22,12.247783534830166,16.344455958549222,18.836246401842256,19.744271732872768,18.857363270005756,18.51,16.45,111.88,2.28,2.01,6,2013,3.5566666666666578,289.5,52.11
2013-09-30,143.39,23.200000000000003,0.08009560483335548,0.00011685035187888297,55.150000000000006,27.57,35.78,3.5,115.81999999999996,14.580000000000002,132.28,128.8,66.74,351.75,339.38,798.94,0.0,81.69,6.7,92.25,79.99,172.24,285.89,594.26,16.25,49.150000000000006,-101.72,8.21,10.923196120689655,1.68,0.29,0.26,0.22,0.85,11.62002390120834,14.737591289337407,15.61248174213252,16.093055371132653,15.73570574956845,18.28,16.36,49.03,3.81,3.09,9,2013,0.03384615384614875,289.65384615384613,75.31
2013-12-31,127.62,21.209999999999994,0.07471404890178199,-0.004472727852338273,56.099999999999994,24.400000000000006,32.84000000000002,3.42,103.22000000000003,13.689999999999998,104.19,135.06,75.06,338.11,349.06,805.94,0.0,62.87,10.35,81.94,77.42,159.36,285.89,612.05,-23.92,-1.9100000000000001,-1.23,8.440000000000001,11.44496935407827,1.6,0.26,0.34,0.22,0.65,10.530285951098216,12.947505180273517,13.861653543307083,14.046241193535016,13.914392871943635,18.25,16.42,38.59,4.13,3.21,12,2013,-1.2697285067873239,283.88235294117646,96.52
2014-03-31,119.85,12.59,0.04,0.16,42.34,15.27,23.83,3.36,104.57,-0.18,106.08,127.35,68.64,326.19,359.18,805.24,0.0,48.02,16.39,73.2,74.62,147.82,285.89,625.5,8.8,-4.22,-2.17,8.56,21.0,1.54,0.24,0.04,0.16,4.0,6.24,7.6,8.04,8.04,8.36,12.06,10.5,17.96,4.46,3.52,3,2014,50.36,314.75,12.59
2014-06-30,120.4,13.399999999999999,0.046402462485571366,-0.014390150057714516,48.09,15.490000000000002,24.11,3.3,104.92000000000002,4.01,87.05,128.14,65.1,329.66,361.11,787.66,0.0,52.94,20.48,79.46,93.89,173.35,285.89,583.84,19.82,-14.48,-24.009999999999998,8.62,17.780845149253732,1.62,0.3,0.09,0.16,1.78,6.805694497883801,7.52751058099269,9.177375913813005,9.177375913813005,8.95051943055021,12.18,10.82,13.43,4.15,3.33,6,2014,-4.1555555555555586,288.77777777777777,25.99
2014-09-30,127.64999999999998,16.31,0.05783687943262411,-0.003845547675334906,51.94999999999999,19.289999999999996,27.60000000000001,3.3,108.34999999999997,9.22,114.57,133.84,60.56,339.97,360.9,802.86,0.0,59.84,19.84,85.45,87.59,173.04,285.89,599.85,18.599999999999998,13.57,-4.550000000000001,8.309999999999999,14.264255058246475,1.57,0.29,0.15,0.16,1.07,8.128009456264774,9.639479905437353,10.873333333333333,10.919602836879433,10.765371158392435,12.78,11.5,16.41,3.98,3.27,9,2014,-1.0844444444444434,282.0,42.3
2014-12-31,135.75,23.36,0.08182759671032593,0.001949436491014305,53.95000000000002,29.260000000000005,37.91999999999999,2.92,106.51000000000005,14.71,142.13,133.8,66.05,371.23,364.43,845.73,0.0,59.29,21.38,90.49,96.32,186.81,285.89,624.99,22.960000000000008,-16.630000000000003,16.630000000000003,8.66,8.924250856164383,1.34,0.3,0.23,0.16,0.7,11.043167834297899,13.661650929028328,14.956661590009139,15.113201340237588,14.942430703624733,14.52,13.04,19.58,4.1,3.37,12,2014,0.5565217391304316,285.4782608695652,65.66
2015-03-31,127.22,13.12,0.05,0.12,51.35,15.11,24.4,2.92,112.11,5.77,128.17,139.84,81.14,378.49,350.26,845.71,0.0,62.08,22.08,94.89,91.09,185.98,285.89,630.94,0.66,-7.52,-6.16,9.29,14.6,1.32,0.29,0.05,0.12,2.4,6.2,7.32,8.32,8.36,8.04,11.13,10.31,13.86,3.99,3.13,3,2015,31.487999999999996,262.4,13.12
2015-06-30,121.44999999999999,14.360000000000001,0.05225618631732169,0.005414847161572063,48.940000000000005,16.67,26.08,2.98,104.77,5.83,117.7,130.11,101.05,374.69,348.75,825.32,0.0,65.21,22.08,93.99,86.13,180.12,285.89,614.5,7.6899999999999995,22.049999999999997,-40.56999999999999,9.41,14.256685236768801,1.39,0.29,0.1,0.12,1.2,6.960524017467249,8.235574963609897,9.343406113537117,9.594235807860263,9.092576419213973,12.03,11.05,15.21,3.99,2.91,6,2015,1.488000000000003,274.8,27.48
2015-09-30,127.22,22.73,0.08148575980880303,0.0017829117705636464,47.59999999999998,19.15,28.610000000000007,2.86,108.07999999999998,0.5099999999999998,114.29,129.38,88.46,380.01,338.14,829.97,0.0,53.16,23.1,78.59,81.53,160.12,285.89,635.06,13.87,-4.279999999999999,-5.650000000000006,9.46,8.775152881654202,1.29,0.25,0.18,0.12,0.67,10.955307707627963,11.299358693487354,14.323385779725154,14.721760605457083,12.277187811192992,14.9,13.36,16.81,4.84,3.71,9,2015,0.4973333333333372,278.94444444444446,50.21
2015-12-31,137.81000000000006,21.04,0.07382456140350876,0.002549707602339156,55.420000000000016,24.46,33.94,3.04,113.35000000000002,14.77,105.67,148.57,75.27,376.09,339.18,848.71,0.0,52.34,23.12,80.28,73.43,153.71,285.89,659.83,17.730000000000004,-18.009999999999998,-6.659999999999997,9.48,10.29467680608365,1.32,0.23,0.25,0.12,0.48,9.92202105263158,10.51261754385965,12.756884210526316,13.099430175438595,11.587503157894737,15.32,13.87,19.23,4.68,3.75,12,2015,0.7266666666666595,285.0,71.25
2016-03-31,138.98,23.48,0.08,0.0,59.95,27.32,36.53,3.18,111.66,17.21,120.93,152.55,75.17,374.47,333.71,911.51,30.0,65.58,23.13,125.25,67.94,193.19,285.89,682.77,34.5,-41.61,23.3,9.21,9.9375,1.33,0.28,0.08,0.0,0.0,10.32,12.44,13.76,14.279999999999998,13.88,18.22,16.89,29.7,2.99,2.39,3,2016,0.0,293.5,23.48
2016-06-30,136.63000000000002,18.150000000000002,0.061037713187605105,0.04,53.78,21.29,30.510000000000005,4.44,115.34,10.079999999999998,154.59,151.42,88.9,423.85,329.49,937.72,30.0,83.64,23.3,144.75,63.23,207.98,295.42,694.32,23.29,27.66,-17.89,9.219999999999999,18.183020661157023,1.89,0.3,0.14,0.04,0.29,7.743069901513333,9.609079990391544,10.463607975018016,11.091424453519098,10.690319481143407,16.37,15.1,25.32,2.93,2.31,6,2016,11.894285714285713,297.35714285714283,41.63
2016-09-30,139.41999999999996,22.68999999999999,0.07760883084577112,-0.0006831911869225304,59.61,26.959999999999994,36.33999999999999,5.25,112.45999999999998,16.020000000000003,121.45,156.02,102.26,407.08,327.82,957.24,30.0,86.14,24.06,145.43,60.87,206.29,295.42,715.23,3.8100000000000023,-30.73,-5.890000000000001,9.379999999999999,16.909158219479952,2.17,0.29,0.22,0.04,0.18,9.48238805970149,11.937649253731342,12.685516169154225,13.447493781094522,13.137058457711438,16.8,15.5,28.41,2.8,2.1,9,2016,-0.19974025974025977,292.3636363636363,64.32
2016-12-31,147.06000000000006,24.290000000000006,0.0767543166685476,0.0030462393942813763,54.59,28.13000000000001,37.25999999999999,4.14,118.93,18.599999999999994,160.2,164.55,97.21,446.35,324.68,1307.18,0.0,65.39,24.1,191.18,65.82,257.0,466.47,1015.05,9.740000000000002,-214.37,243.88,9.129999999999999,13.488492177850963,1.9,0.25,0.28,0.04,0.14,7.434203814467896,10.548236090734681,9.572359778806007,11.600866719331908,10.186394312154386,17.03,15.76,26.73,2.33,1.83,12,2016,0.964025974025974,316.46428571428567,88.61
2017-03-31,145.41,19.0,0.04,0.0,57.49,21.7,30.51,4.12,123.71,10.39,156.79,155.14,95.6,434.99,312.52,1366.5,50.0,158.02,23.86,243.83,60.51,304.34,466.47,1030.07,30.76,-76.29,43.21,8.81,25.75,1.87,0.3,0.04,0.0,0.0,5.56,7.640000000000001,7.36,8.88,7.72,14.17,13.07,34.44,1.78,1.39,3,2017,0.0,475.0,19.0
2017-06-30,146.21,20.32,0.04134282807731435,0.05,59.800000000000004,27.419999999999998,36.129999999999995,3.56,118.79,13.849999999999998,124.18,159.44,91.31,403.66,305.65,1354.77,95.0,73.72,23.62,200.68,55.13,255.81,496.47,1066.94,22.49,-108.74999999999999,53.18,8.709999999999999,21.527312992125985,1.66,0.24,0.08,0.05,0.63,5.99471007121058,8.868036622583928,7.6277517802644965,9.219450661241098,8.806022380467954,14.74,13.48,24.56,2.01,1.56,6,2017,24.575000000000003,491.5,39.32
2017-09-30,157.61,25.110000000000007,0.05066428682290859,0.00041517926431786556,63.08,30.800000000000004,39.64,3.42,126.81,16.26,153.27,159.77,92.79,434.38,296.22,1387.02,95.0,90.67,23.54,214.84,49.83,264.67,496.47,1090.63,35.72,-0.8900000000000148,-6.810000000000002,8.84,16.877272998805253,1.56,0.24,0.13,0.05,0.38,7.24889026850846,10.631705727145741,9.2131056961043,11.130554089709763,10.631705727145741,15.72,14.34,28.14,2.02,1.59,9,2017,0.20576923076923137,495.61538461538464,64.43
