,revenue,net_profit,eps,dps,gross_profit,ebit,ebitda,close_price,allowance_doubtful_accounts,expense,operating_profit,cash,account_receivable,property_plant_equipment,total_asset,total_liability,paid_in_capital,total_equity,cash_flow_operation,cash_flow_investment,cash_flow_financing,depreciation,P/E,P/BV,D/E,EPS,DPS,DPR%,ROA%,ROAA%,ROE%,ROAE%,TIE,month,year,dividend,ROCE%,number_of_shares,return_old
2004-03-31,31.61,0.47,0.01,0.1,0.0,2.26,3.57,1.01,6.94,40.88,0.0,19.22,0.0,29.98,1051.83,605.86,410.0,445.97,-73.05,-0.44,91.11,1.31,25.25,0.93,1.36,0.01,0.1,10.0,0.16,0.0,0.44,0.0,0.0,3,2004,4.699999999999999,,46.99999999999999,0.47
2004-06-30,31.480000000000004,5.49,0.07369127516778524,0.03691275167785236,0.0,8.9,10.219999999999999,0.7,9.24,10.619999999999997,0.0,29.82,0.0,29.32,1069.35,618.12,410.0,451.23,-29.680000000000007,25.53,14.75,1.3199999999999998,2.3612021857923495,0.63,1.37,0.08,0.1,1.25,2.0633557046979867,0.0,4.863624161073826,0.0,0.0,6,2004,2.750000000000001,,74.5,5.96
2004-09-30,32.45,7.89,0.10254151624548737,0.003176895306859206,0.0,9.14,10.490000000000002,0.6,8.03,31.86,0.0,10.46,0.0,28.93,1084.72,625.6,410.0,459.12,-31.38000000000001,0.5,11.510000000000005,1.35,1.4613593155893536,0.54,1.36,0.18,0.1,0.56,2.916736462093863,0.0,6.881675090252708,0.0,0.0,9,2004,0.24444444444444446,,76.94444444444444,13.85
2004-12-31,36.08,-1.3399999999999999,-0.017138289368505193,0.0015898392397193399,0.0,0.620000000000001,2.0199999999999996,0.8,10.93,45.38000000000001,0.0,12.37,0.0,27.79,1156.42,698.63,410.0,457.78,-62.97999999999999,-3.879999999999999,68.76999999999998,1.4,-11.669776119402986,0.72,1.53,0.16,0.1,0.63,-0.4627338129496403,-0.0,-1.1696882494004794,-0.0,0.0,12,2004,0.12430555555555589,,78.1875,12.51
2005-03-31,37.39,5.0,0.05999999999999999,0.19999999999999998,0.0,7.68,9.05,1.03,2.54,34.24,0.0,27.82,0.0,26.55,1211.7,748.91,410.0,462.78,-35.21,1.82,48.84,1.37,4.2925,0.91,1.62,0.06,0.2,3.33,1.6399999999999997,2.72,4.32,4.4,0.0,3,2005,16.666666666666668,,83.33333333333334,5.0
2005-06-30,37.05,7.57,0.018066825775656326,0.1602227525855211,0.0,10.649999999999999,11.98,1.03,3.57,30.589999999999996,0.0,5.51,0.0,25.47,1169.13,715.18,410.0,453.95,27.62,-2.12,-47.81,1.33,14.251258256274768,0.93,1.58,0.03,0.2,6.67,2.601622911694511,3.9506125696101826,6.672680986475736,6.696770087509944,0.0,6,2005,67.13333333333334,,419.0,12.57
2005-09-30,36.510000000000005,4.239999999999998,0.010089232599643068,0.0205948839976204,0.0,6.16,7.52,0.98,6.17,34.230000000000004,0.0,4.76,0.0,25.26,1184.31,734.32,410.0,449.99,-12.989999999999998,0.6,11.65,1.3599999999999994,24.28331367924529,0.89,1.63,0.04,0.22,5.5,1.4326710291493154,2.1792742415229025,3.7733729922665074,3.733016061867935,0.0,9,2005,8.654999999999973,,420.24999999999994,16.81
2005-12-31,38.88000000000001,2.620000000000001,0.006742151312403503,-0.017918167781780736,0.0,4.280000000000001,5.580000000000002,0.64,10.15,38.19999999999999,0.0,7.27,0.0,23.93,1236.17,783.56,410.0,452.61,-46.47,1.8099999999999998,47.17,1.3000000000000007,23.731297709923656,0.58,1.73,0.05,0.22,4.4,0.84681420483788,1.2944930519814726,2.313906330416882,2.3031188883170364,0.0,12,2005,-6.962999999999994,,388.59999999999997,19.43
2006-03-31,40.69,4.87,0.01,0.02,0.0,7.27,8.37,0.71,2.66,35.2,0.0,16.4,0.0,24.35,1275.18,825.89,410.0,449.28,-24.24,0.93,32.44,1.1,17.75,0.65,1.84,0.01,0.02,2.0,1.52,2.32,4.32,4.28,0.0,3,2006,9.74,,487.0,4.87
2006-06-30,45.96000000000001,6.6499999999999995,0.01731770833333333,-0.005364583333333335,0.0,9.350000000000001,10.410000000000002,1.03,3.7,37.3,0.0,18.68,0.0,23.42,1272.16,816.23,410.0,455.93,9.179999999999998,1.67,-8.569999999999997,1.06,14.86772932330827,0.93,1.79,0.03,0.02,0.67,2.101215277777778,3.140277777777778,5.841840277777777,5.841840277777777,0.0,6,2006,-2.0600000000000005,,384.0,11.52
2006-09-30,36.11,2.5500000000000007,0.005437100213219618,0.0036247334754797465,0.0,1.6699999999999982,2.7300000000000004,0.77,10.67,29.799999999999997,0.0,15.88,0.0,22.38,1187.73,729.25,410.0,458.48,76.36,1.5399999999999996,-80.71000000000001,1.06,35.409499999999994,0.69,1.59,0.03,0.02,0.67,0.8554371002132198,1.1164179104477616,2.2255863539445633,2.247334754797442,0.0,9,2006,1.700000000000001,,469.0,14.07
2006-12-31,38.489999999999995,2.669999999999998,0.0063799283154121825,0.017586618876941455,0.0,3.7200000000000024,4.809999999999999,0.72,12.59,38.32000000000001,0.0,5.76,0.0,23.62,1123.1,670.15,410.0,452.94,57.78,-0.4399999999999995,-67.45,1.0899999999999994,28.213483146067436,0.65,1.48,0.04,0.04,1.0,0.9506093189964151,1.1930465949820783,2.3605734767025077,2.3605734767025077,0.0,12,2006,7.359999999999998,,418.49999999999994,16.74
2007-03-31,38.96,4.3,0.01,0.0,0.0,7.06,8.24,0.62,2.85,31.9,0.0,9.83,0.0,28.95,1114.76,657.52,410.0,457.24,26.23,-6.74,-15.42,1.18,15.499999999999998,0.56,1.44,0.01,0.0,0.0,1.56,2.36,3.7599999999999993,3.8,0.0,3,2007,0.0,,430.0,4.3
2007-06-30,38.470000000000006,-7.9,-0.021944444444444447,0.0,0.0,-5.699999999999999,-4.470000000000001,0.65,16.06,36.78000000000001,0.0,4.18,0.0,28.15,1052.57,603.22,410.0,449.34,53.019999999999996,-2.209999999999999,-56.459999999999994,1.2300000000000002,-7.40506329113924,0.59,1.34,-0.01,0.0,0.0,-2.9844444444444447,1.0533333333333335,-7.022222222222223,-7.022222222222223,0.0,6,2007,0.0,,360.0,-3.6
2007-09-30,36.77999999999999,-3.8400000000000003,-0.01032258064516129,0.0,0.0,-2.5700000000000003,-1.33,0.59,25.21,36.41,0.0,19.14,0.0,28.91,1069.64,624.13,410.0,445.51,-8.849999999999994,-0.6000000000000014,24.419999999999995,1.2399999999999998,-14.2890625,0.54,1.4,-0.02,0.0,0.0,-1.4451612903225806,-0.2270967741935484,-3.4477419354838705,-3.4064516129032256,0.0,9,2007,0.0,,372.0,-7.44
2007-12-31,37.239999999999995,-1.3899999999999997,-0.0031483578708946763,0.0,0.0,-4.12,-2.88,0.52,31.82,45.06,0.0,17.16,0.0,26.53,1076.93,632.81,410.0,444.12,-12.960000000000008,1.08,9.899999999999999,1.2399999999999998,-41.291366906474835,0.48,1.42,-0.02,0.0,0.0,-0.5163306908267269,-0.30224235560588897,-1.2530464326160813,-1.2404530011325026,0.0,12,2007,0.0,,441.5,-8.83
2008-03-31,40.92,10.44,0.03,0.0,0.0,13.17,14.42,0.55,0.0,28.04,0.0,24.37,0.0,25.96,1116.05,661.49,410.0,454.56,-18.84,0.41,25.64,1.25,4.5825,0.5,1.46,0.03,0.0,0.0,3.76,4.72,9.2,9.16,0.0,3,2008,0.0,,348.0,10.44
2008-06-30,39.91,7.200000000000001,0.0163265306122449,0.0,0.0,9.01,10.42,0.5,0.96,32.34,0.0,16.28,0.0,25.6,1103.41,641.66,410.0,461.76,12.14,-0.33999999999999997,-19.89,1.4100000000000001,7.656249999999999,0.44,1.39,0.04,0.0,0.0,2.612244897959184,3.3632653061224493,6.236734693877551,6.318367346938777,0.0,6,2008,0.0,,441.0,17.64
2008-09-30,43.89,8.14,0.018944918541505044,0.02,0.0,11.009999999999998,12.66,0.47,0.0,37.38,0.0,3.85,0.0,25.08,1070.09,608.4,410.0,461.7,28.65,-0.010000000000000009,-41.07,1.6499999999999995,6.199551597051597,0.42,1.32,0.06,0.02,0.33,3.043816912335144,3.9152831652443756,7.047509697439876,7.1738091543832425,0.0,9,2008,8.593333333333334,,429.6666666666667,25.78
2008-12-31,39.84,3.9899999999999984,0.009381928115552567,-0.00020602396148247857,0.0,5.730000000000004,7.539999999999999,0.38,0.25,36.959999999999994,0.0,7.84,0.0,24.04,1022.65,556.96,410.0,465.69,54.22,0.8400000000000001,-51.07,1.8100000000000005,10.128515037593989,0.33,1.2,0.07,0.02,0.29,1.5600806180718838,1.988968760497144,3.4257440376217656,3.506160564326502,0.0,12,2008,-0.08761904761904837,,425.2857142857142,29.77
2009-03-31,39.46,3.52,0.01,0.0,0.0,7.73,9.6,0.39,2.33,31.76,0.0,3.25,0.0,25.63,971.49,502.28,410.0,469.21,54.72,-2.87,-56.44,1.87,9.75,0.34,1.07,0.01,0.0,0.0,1.44,2.96,3.0,3.04,0.0,3,2009,0.0,,352.0,3.52
2009-06-30,35.529999999999994,7.360000000000001,0.020294117647058827,0.04,0.0,6.449999999999999,8.49,0.43,5.55,34.67999999999999,0.0,3.32,10.36,23.59,936.4,476.22,410.0,460.17,37.03,1.3,-38.260000000000005,2.04,5.295869565217391,0.38,1.03,0.03,0.04,1.33,3.1388235294117646,3.761176470588236,6.385882352941177,6.385882352941177,1.06,6,2009,14.506666666666668,,362.6666666666667,10.88
2009-09-30,35.05000000000001,8.069999999999999,0.02129287598944591,0.021723834652594535,0.0,10.5,12.91,0.65,5.14,31.72,0.0,12.01,11.29,28.59,927.15,467.11,410.0,460.04,30.75,-5.5,-16.560000000000002,2.41,7.631660470879803,0.58,1.02,0.05,0.06,1.2,3.474997361477572,4.207472295514512,7.018131926121372,7.001097625329815,1.27,9,2009,8.233333333333327,,378.99999999999994,18.95
2009-12-31,35.61999999999999,9.48,0.023341540626099194,0.004009848751319033,0.0,13.14,15.5,0.72,3.64,27.549999999999997,0.0,12.28,6.5,27.46,903.71,434.2,410.0,469.52,34.34,0.3799999999999999,-34.45,2.3599999999999994,7.714786392405062,0.63,0.92,0.07,0.06,0.86,4.201477312697855,5.241843123461133,8.082842068237778,8.109518114667605,1.51,12,2009,1.62857142857143,,406.1428571428571,28.43
2010-03-31,32.38,7.6,0.02,0.04,0.0,10.04,12.47,0.96,-0.72,28.88,0.0,24.42,23.95,26.13,905.24,428.12,410.0,477.12,18.22,0.63,-6.71,2.43,11.999999999999998,0.82,0.9,0.02,0.04,2.0,3.36,4.28,6.36,6.44,1.96,3,2010,15.200000000000001,,380.0,7.6
2010-06-30,32.35,5.16,0.01213166144200627,0.004263322884012533,0.0,7.289999999999999,9.769999999999998,0.84,0.42,31.180000000000003,0.0,27.3,34.19,26.0,911.33,445.45,410.0,465.87,2.2300000000000004,-1.6400000000000001,2.29,2.48,17.310077519379842,0.74,0.96,0.03,0.04,1.33,2.264576802507837,3.041003134796238,4.432100313479624,4.464451410658307,1.68,6,2010,1.8133333333333308,,425.3333333333333,12.76
2010-09-30,33.67,4.770000000000001,0.010884198516828297,0.02117893135577106,-32.67,6.670000000000002,9.220000000000002,0.91,-0.95,-13.850000000000001,-32.67,6.61,43.91,24.82,917.38,454.94,410.0,462.44,-23.82,-0.040000000000000036,3.1799999999999997,2.55,20.90186058700209,0.81,0.98,0.04,0.06,1.5,2.0788819167142045,2.829891614375357,4.125111237877924,4.135995436394753,0.0,9,2010,9.281666666666666,,438.25,17.53
2010-12-31,33.329999999999984,9.7,0.02493573264781491,-0.007596401028277641,-12.649999999999999,6.039999999999999,8.799999999999997,0.84,-0.39,16.799999999999997,-12.649999999999999,5.56,49.5,28.44,976.03,503.88,410.0,472.15,-48.02,-4.94,51.9,2.7600000000000007,8.421649484536083,0.73,1.07,0.07,0.06,0.86,3.9754682335659193,4.559676827029012,8.221667278736687,8.235916268821153,0.0,12,2010,-2.955000000000002,,388.99999999999994,27.23
2011-03-31,37.11,5.58,0.01,0.04,-12.2,7.71,10.84,0.78,0.98,16.9,-12.2,2.28,52.09,33.04,1080.58,606.12,410.0,474.46,-92.76,-6.12,95.59,3.13,19.5,0.67,1.28,0.01,0.04,4.0,2.08,3.1200000000000006,4.72,4.68,0.0,3,2011,22.32,,558.0,5.58
2011-06-30,39.150000000000006,5.74,0.015212014134275618,-0.01915194346289752,-14.27,7.750000000000001,11.100000000000001,0.71,1.43,18.160000000000004,-14.27,4.23,51.75,30.24,1208.73,744.92,410.0,463.8,-119.58999999999999,1.8600000000000003,119.69,3.3500000000000005,11.670052264808364,0.63,1.61,0.03,0.04,1.33,1.9065724381625442,2.9612720848056537,4.948975265017667,4.948975265017667,0.0,6,2011,-7.226666666666665,,377.33333333333337,11.32
2011-09-30,44.03,6.68,0.014844444444444443,0.006459259259259255,-14.480000000000004,8.61,12.219999999999995,0.64,1.48,19.28,-14.480000000000004,21.97,67.28,32.98,1402.38,931.91,410.0,470.48,-167.19000000000003,-3.24,188.17999999999998,3.6099999999999994,10.778443113772456,0.56,1.98,0.04,0.04,1.0,1.9000888888888887,3.0876444444444444,5.685422222222222,5.729955555555555,0.0,9,2011,2.9066666666666645,,450.0,18.0
2011-12-31,47.709999999999994,3.5799999999999983,0.008294717330861906,-0.0017052826691380924,-14.049999999999997,5.300000000000001,9.290000000000006,0.68,6.3,19.289999999999992,-14.049999999999997,3.28,0.0,32.68,1417.1,943.05,410.0,474.05,-26.789999999999964,-0.34999999999999964,8.439999999999998,3.99,20.49497206703911,0.59,1.99,0.05,0.04,0.8,1.008637627432808,1.6257645968489338,3.0192771084337338,3.025912882298423,0.0,12,2011,-0.7360000000000007,,431.59999999999997,21.58
2012-03-31,51.51,10.79,0.030000000000000002,0.049999999999999996,-12.08,13.82,17.98,0.73,0.94,17.68,-12.08,11.17,10.03,31.08,1515.28,1030.44,410.0,484.84,-77.96,0.4,85.45,4.16,6.0825,0.62,2.13,0.03,0.05,1.67,2.84,4.24,8.92,9.0,0.0,3,2012,17.98333333333333,,359.66666666666663,10.79
2012-06-30,55.089999999999996,9.170000000000002,0.02297094188376754,0.004951569806279234,-12.22,12.620000000000001,16.95,0.92,3.48,18.560000000000002,-12.22,4.05,8.94,31.83,1608.45,1134.94,410.0,473.51,-89.66000000000001,-2.09,84.61999999999999,4.33,10.01264994547437,0.8,2.4,0.05,0.05,1.0,2.27871743486974,3.4548296593186376,7.7549899799599205,7.828496993987977,0.0,6,2012,1.9766666666666701,,399.2,19.96
2012-09-30,58.23000000000002,9.399999999999999,0.02241144414168937,0.04241144414168936,-13.919999999999998,12.77,17.090000000000003,1.05,6.54,19.729999999999997,-13.919999999999998,7.09,9.28,32.7,1761.24,1294.72,410.0,466.51,-135.54000000000002,-2.5000000000000004,141.07999999999998,4.32,11.712765957446809,0.92,2.78,0.07,0.09,1.29,2.1386920980926427,3.176021798365122,8.055313351498636,8.029700272479563,0.0,9,2012,17.788571428571423,,419.4285714285714,29.36
2012-12-31,61.00999999999999,8.030000000000001,0.019328697512703934,-0.0008631031979520751,-17.47,10.759999999999998,15.509999999999998,1.1,9.85,23.120000000000005,-17.47,6.74,7.47,32.77,1777.75,1303.2,410.0,474.55,-7.769999999999982,-1.29,8.720000000000027,4.749999999999998,14.224962640099626,0.95,2.75,0.09,0.09,1.0,1.8040117678523673,2.6888365873228137,6.76933939556031,6.76933939556031,0.0,12,2012,-0.3585714285714232,,415.44444444444446,37.39
2013-03-31,62.34,13.44,0.03,0.04,-13.17,17.02,22.06,1.2,2.28,19.41,-13.17,5.49,8.18,33.99,1785.26,1295.12,410.0,490.14,19.51,-2.32,-18.44,5.04,10.0,1.0,2.64,0.03,0.04,1.33,3.0,4.12,10.96,11.04,0.0,3,2013,17.92,,448.0,13.44
2013-06-30,64.96,11.87,0.028139075464243383,-0.002481232714342166,-14.209999999999999,15.000000000000004,20.180000000000003,1.19,5.33,21.81,-14.209999999999999,8.71,8.27,33.03,1771.2,1285.59,410.0,485.61,24.69,0.7499999999999998,-22.209999999999997,5.180000000000001,10.570709772535803,1.0,2.65,0.06,0.04,0.67,2.6825918609245356,3.5455235084946657,9.773638877913868,9.904954563413671,0.0,6,2013,-1.0466666666666704,,421.8333333333333,25.31
2013-09-30,63.45,11.809999999999999,0.028634159482758617,0.02908943965517243,-15.029999999999998,14.889999999999993,19.96,1.19,7.29,22.28,-15.029999999999998,3.69,8.95,30.82,1736.12,1251.01,410.0,485.12,38.25,1.61,-44.9,5.0699999999999985,10.387942421676547,1.01,2.58,0.09,0.07,0.78,2.7234267241379313,3.410646551724138,9.735614224137931,9.926508620689654,0.0,9,2013,11.997777777777785,,412.44444444444446,37.12
2013-12-31,64.78,8.730000000000004,0.020944383860414403,0.000734520780322301,-16.470000000000006,11.020000000000003,15.849999999999994,1.07,12.27,24.239999999999995,-16.470000000000006,6.12,9.9,31.15,1873.4,1194.78,594.78,678.63,-22.760000000000005,-101.41000000000001,126.6,4.830000000000002,12.775501145475367,0.94,1.76,0.11,0.07,0.64,1.8659541984732833,2.41431624863686,5.14851035986914,6.054830970556163,0.0,12,2013,0.30616161616161364,,416.8181818181818,45.85
2014-03-31,68.03,14.81,0.02,0.0,-13.95,18.62,23.46,1.02,2.31,22.82,-13.95,3.76,9.26,30.42,1868.37,1174.93,594.78,693.44,23.95,-0.37,-25.95,4.84,12.75,0.87,1.69,0.02,0.0,0.0,3.16,4.08,8.56,10.0,0.0,3,2014,0.0,,740.5,14.81
2014-06-30,69.33000000000001,14.94,0.02510924369747899,0.0,-15.14,18.749999999999996,23.799999999999997,1.14,4.58,24.14,-15.14,8.03,9.66,30.28,1905.57,1197.19,594.78,708.38,-21.45,1.08,24.65,5.050000000000001,11.350401606425704,0.96,1.69,0.05,0.0,0.0,3.133633613445378,4.077741176470587,8.43670588235294,10.00352268907563,0.0,6,2014,0.0,,595.0,29.75
2014-09-30,74.27999999999997,13.560000000000002,0.021916416531978764,0.08,-14.760000000000002,17.11,22.300000000000004,1.67,11.69,24.79,-14.760000000000002,4.84,11.82,36.98,1863.75,1189.4,594.78,674.35,-30.25,86.89,-59.82,5.1899999999999995,19.051928466076696,1.47,1.76,0.07,0.08,1.14,2.9054906488108982,3.7946709766797513,8.04019395058878,9.355178942507505,0.0,9,2014,49.497142857142855,,618.7142857142857,43.31
2014-12-31,69.84000000000003,11.479999999999997,0.01885745574009855,-0.0013057648684587813,-27.96999999999999,14.729999999999997,20.47,2.66,18.49,30.36,-27.96999999999999,7.47,12.51,36.72,1913.86,1228.03,594.78,685.83,-38.480000000000004,-1.1400000000000006,42.23,5.74,35.2698693379791,2.31,1.79,0.09,0.08,0.89,2.396992151852527,3.0590983756159873,6.696492060594998,6.730016426355172,0.0,12,2014,-0.7949206349206293,,608.7777777777778,54.79
2015-03-31,73.08,16.04,0.03,0.0,-19.2,20.24,26.1,2.1,5.19,25.75,-19.2,6.09,15.76,36.21,1933.32,1231.45,594.78,701.87,-0.66,4.4,-5.12,5.86,17.5,1.78,1.75,0.03,0.0,0.0,3.32,4.24,9.16,9.2,0.0,3,2015,0.0,,534.6666666666666,16.04
2015-06-30,73.27,10.64,0.015952023988006,0.0,-22.919999999999998,13.989999999999998,20.29,1.9,13.19,29.35,-22.919999999999998,4.99,15.92,38.27,1958.43,1245.92,594.78,712.51,-9.15,-11.100000000000001,19.16,6.3,29.77678571428571,1.59,1.75,0.04,0.0,0.0,2.169475262368816,2.8235082458770617,5.966056971514243,5.997961019490255,0.0,6,2015,0.0,,667.0,26.68
2015-09-30,76.32,14.030000000000001,0.024124293785310738,0.0,-19.0,17.650000000000006,23.980000000000004,1.7,22.47,26.46999999999999,-19.0,6.2,12.24,37.46,1966.44,1239.9,594.78,726.55,4.920000000000001,-0.0699999999999994,-3.639999999999999,6.329999999999998,17.620204918032787,1.39,1.71,0.07,0.0,0.0,2.8535593220338984,3.735819209039548,7.719774011299435,8.009265536723163,0.0,9,2015,0.0,,581.5714285714286,40.71
2015-12-31,75.47999999999999,9.060000000000002,0.014562989752863175,0.0,-22.67000000000001,12.509999999999998,18.929999999999993,1.74,32.48,30.070000000000007,-22.67000000000001,6.22,12.99,36.42,1953.04,1217.44,594.78,735.61,23.490000000000002,-0.6400000000000006,-22.83,6.420000000000002,29.87024006622516,1.41,1.66,0.08,0.0,0.0,1.8567811934900544,2.4247377938517185,4.9295720313441835,5.0970464135021105,0.0,12,2015,0.0,,622.125,49.77
2016-03-31,75.78,15.79,0.029999999999999995,0.0,-21.34,19.88,26.14,1.7,5.23,29.01,-21.34,11.2,12.0,35.59,1941.89,1192.04,594.78,749.85,43.36,-5.84,-32.54,6.26,14.1675,1.35,1.59,0.03,0.0,0.0,3.24,4.12,8.44,8.72,0.0,3,2016,0.0,,526.3333333333334,15.79
2016-06-30,78.47999999999999,-28.5,-0.044846577498033044,0.0,-64.84,-24.759999999999998,-18.560000000000002,1.77,13.9,73.08999999999999,-64.84,154.4,14.14,34.53,2187.71,1121.03,798.36,1066.68,-77.71000000000001,-5.58,226.48,6.200000000000001,-9.866973684210526,1.32,1.05,-0.02,0.0,0.0,-5.202202989771832,-2.152635719905586,-10.673485444531863,-12.82612116443745,0.0,6,2016,0.0,,635.5,-12.71
2016-09-30,90.03,19.900000000000002,0.027677329624478445,0.0,-26.00999999999999,25.02,31.590000000000003,1.53,19.98,36.06,-26.00999999999999,5.75,17.17,34.32,2298.4,1211.82,798.36,1086.58,-226.81000000000003,-6.380000000000001,84.54000000000002,6.57,13.81997487437186,1.12,1.12,0.01,0.0,0.0,3.431988873435327,10.406675938803895,7.30681502086231,8.746036161335189,0.0,9,2016,0.0,,719.0,7.19
2016-12-31,87.25000000000003,17.84,0.021382341190571315,0.0,-40.53999999999999,22.78,29.89,1.62,28.66,40.02000000000001,-40.53999999999999,6.19,16.53,34.82,2542.8,1438.38,798.36,1104.42,-217.33999999999997,-9.89,227.68,7.109999999999999,18.940863228699552,1.17,1.3,0.03,0.0,0.0,2.793959248901318,5.44536955653216,6.471721933679584,7.754662405113863,0.0,12,2016,0.0,,834.3333333333334,25.03
2017-03-31,111.59,30.31,0.04,0.05,-32.58,37.72,45.32,2.56,2.56,42.55,-32.58,18.47,6.41,34.61,3012.54,1877.81,798.36,1134.73,-400.18,-4.17,416.63,7.6,16.0,1.8,1.65,0.04,0.05,1.25,4.04,6.08,10.68,12.88,0.0,3,2017,37.8875,,757.75,30.31
2017-06-30,123.13999999999999,35.28,0.04303094983991462,0.0037886872998932797,-36.47,43.22,51.99,3.64,9.5,46.07000000000001,-36.47,5.98,16.77,37.94,3345.86,2215.76,798.36,1130.09,-338.61999999999995,18.509999999999998,307.61,8.770000000000001,21.147569444444446,2.57,1.96,0.08,0.05,0.63,4.217033084311633,6.3040341515474925,12.47897545357524,12.844738527214513,0.0,6,2017,3.106250000000003,,819.875,65.59
2017-09-30,137.84,37.099999999999994,0.04696659850034082,-0.0018958759372869887,-36.84,46.480000000000004,56.31999999999999,4.0,13.98,48.28,-36.84,96.58,6.25,39.59,3820.45,2462.23,923.62,1358.22,-340.03999999999996,-4.34,434.98,9.84,21.29225943396227,2.72,1.81,0.13,0.05,0.38,3.887389229720517,6.011724608043625,10.925153374233126,12.139059304703474,0.0,9,2017,-1.4975961538461604,,789.9230769230769,102.69
