,revenue,net_profit,eps,dps,gross_profit,ebit,ebitda,close_price,expense,operating_profit,cash,account_receivable,inventory,current_asset,property_plant_equipment,total_asset,short_term_loan,account_payable,current_portion_long_term_debt,current_liability,non_current_liability,total_liability,paid_in_capital,total_equity,cash_flow_operation,cash_flow_investment,cash_flow_financing,depreciation,P/E,P/BV,D/E,EPS,DPS,DPR%,ROA%,ROAA%,ROE%,ROAE%,ROCE%,NPM%,NPMA%,TIE,CurrentRatio,QuickRatio,month,year,dividend,number_of_shares,return_old
2000-03-31,281.55,21.9,1.75,0.0,43.18,30.44,36.94,1.77,251.11,29.16,14.8,120.76,134.68,294.2,349.8,644.21,70.73,17.61,40.0,188.34,58.1,246.44,125.0,397.77,9.71,-40.87,26.22,6.5,0.2525,0.56,0.62,1.75,0.0,0.0,13.600000000000001,0.0,22.04,0.0,26.72,7.81,7.78,0.0,1.56,0.85,3,2000,0.0,12.514285714285714,21.9
2000-06-30,272.64000000000004,39.050000000000004,3.1265627563576706,0.0,55.220000000000006,50.7,60.06,2.0,221.93,45.480000000000004,9.22,129.82,156.13,324.23,373.8,698.23,74.58,24.34,40.0,184.67,76.74,261.4,125.0,436.83,4.789999999999999,-32.839999999999996,22.490000000000002,9.36,0.15998399487836107,0.57,0.6,4.88,0.0,0.0,22.372863002461038,0.0,35.75045118949959,0.0,40.491550451189504,11.13,11.0,0.0,1.76,0.91,6,2000,0.0,12.489754098360656,60.95
2000-09-30,327.0899999999999,64.64,5.172641133848237,0.0,79.03,85.02,94.91,2.0,242.07999999999998,71.61999999999999,10.33,150.55,191.86,393.76,413.62,807.79,82.11,27.45,40.0,192.78,113.54,306.32,125.0,501.46,6.989999999999998,-50.22000000000001,44.330000000000005,9.89,0.09714573019801981,0.5,0.61,10.05,0.0,0.0,32.01375905724978,0.0,51.55141651405366,0.0,55.62776654192212,14.58,14.25,0.0,2.04,1.05,9,2000,0.0,12.496517412935322,125.59
2000-12-31,380.01,76.85,6.149822169531713,0.0,91.87,89.72999999999999,100.47,2.0,290.28,75.96000000000001,20.59,159.64,210.4,436.29,428.15,864.84,59.14,17.35,40.0,166.52,120.0,286.52,125.0,578.32,54.57000000000001,-27.810000000000002,-16.5,10.740000000000002,0.0790266753415745,0.43,0.5,16.2,0.0,0.0,35.54749061450306,0.0,53.14661134163208,0.0,55.636909701639986,16.49,16.05,0.0,2.62,1.36,12,2000,0.0,12.496296296296297,202.44
2001-03-31,268.14,55.69,4.46,0.0,75.7,65.4,76.48,1.9,202.74,57.8,53.71,129.74,227.87,440.02,454.49,894.92,50.73,21.5,40.0,208.53,100.0,308.53,125.0,586.39,109.09,-37.43,-38.54,11.08,0.1075,0.4,0.53,4.46,0.0,0.0,24.88,34.0,38.0,45.28,38.12,21.38,20.77,0.0,2.11,1.02,3,2001,0.0,12.486547085201794,55.69
2001-06-30,350.81000000000006,83.66,6.69400071761751,2.9999999999999996,109.35000000000001,86.71000000000001,98.46,2.0,264.09999999999997,81.28000000000002,70.25,99.51,209.17,413.45,478.26,892.12,27.18,19.15,40.0,122.08,100.0,222.08,125.0,670.05,113.12,-35.529999999999994,-61.050000000000004,11.749999999999998,0.07495517571121205,0.37,0.33,11.15,3.0,0.27,37.51041837100825,45.93945604592752,49.94985288841048,60.46813921779692,47.42834589163975,23.0,22.51,0.0,3.39,1.67,6,2001,37.49327354260089,12.49775784753363,139.35
2001-09-30,406.69000000000005,107.13,8.571095423563778,5.00029473279743,131.02999999999997,102.94,116.61000000000001,2.17,303.76000000000005,100.88,88.04,73.31,207.65,403.16,519.23,922.79,36.7,28.74,20.0,208.11,0.0,208.11,125.0,714.68,150.83,-22.560000000000002,-110.47999999999999,13.670000000000002,0.06327079249509941,0.38,0.29,19.72,8.0,0.41,46.436908471275565,51.252716650438174,59.96289678675755,70.46379259980526,62.049167478091526,24.39,24.03,0.0,1.94,0.94,9,2001,62.49861286713542,12.498985801217039,246.48
2001-12-31,511.9499999999998,129.62000000000003,10.370289284764693,8.00011735690251,157.86,136.93,152.07,3.07,374.9999999999999,130.16,27.86,122.26,188.94,383.54,518.08,902.02,59.6,20.97,20.0,157.73,0.0,157.73,125.0,744.29,94.68,-19.960000000000008,-134.90000000000003,15.14,0.07253896003703132,0.52,0.21,30.09,16.0,0.53,57.48634937516619,61.167130018612085,69.65911831959586,78.39924913586813,72.5954714171763,24.81,24.46,0.0,2.43,1.23,12,2001,99.99482013728928,12.4991691591891,376.1
2002-03-31,482.21,127.91,10.23,5.0,159.85,136.91,151.82,8.2,345.3,135.35,33.79,190.85,182.9,436.97,515.2,952.44,7.15,31.78,0.0,161.54,0.0,161.54,375.0,790.9,114.37,-17.19,-91.25,14.91,0.2,3.89,0.2,10.23,5.0,0.49,53.72,59.28,64.68,74.28,69.24,26.68,26.53,0.0,2.71,1.57,3,2002,62.517106549364605,12.503421309872921,127.91
2002-06-30,496.76000000000005,125.03,5.101247726733614,5.4492901890193615,150.50000000000003,133.95000000000002,149.72000000000003,11.7,362.81,124.25000000000003,22.69,151.83,199.12,413.14,507.97,921.37,7.43,44.05,0.0,117.94,0.0,117.94,375.0,803.43,172.19,-8.57,-174.72000000000003,15.77,0.5715072382628168,5.46,0.15,10.32,8.0,0.78,54.274903139084365,59.059794417648455,62.243131177354314,67.878230410374,66.65234917371708,26.38,25.84,0.0,3.5,1.81,6,2002,133.56041283048035,24.509689922480618,252.94
2002-09-30,480.30999999999995,119.63999999999999,4.142347952117666,4.2111224435020675,139.25,127.07,143.33999999999997,9.2,353.2399999999999,118.07999999999998,21.5,196.52,245.45,501.69,609.18,1111.13,167.15,42.72,0.0,300.56,0.0,300.56,375.0,810.57,40.620000000000005,-72.92,31.110000000000014,16.270000000000003,0.5527662153126045,4.26,0.37,12.9,11.0,0.85,43.06757421224972,50.26048848569435,59.046119491115995,62.74533254603038,63.053600300606576,25.93,25.53,0.0,1.67,0.85,9,2002,121.62635658914729,28.882170542635656,372.58
2002-12-31,422.3700000000001,76.48000000000002,1.2313508217164748,7.384872793711722,100.53999999999996,77.37,95.19000000000005,10.7,345.0,73.02999999999997,33.9,158.24,216.19,430.27,707.95,1138.48,136.04,38.54,0.0,363.94,0.0,363.94,375.0,774.55,153.89,-110.44999999999999,-31.039999999999964,17.819999999999993,2.172492154811715,5.18,0.47,7.23,12.5,1.73,26.86831336569724,31.739217031131705,39.49860063243219,40.28203269050908,41.80802209058924,24.18,23.87,0.0,1.18,0.59,12,2002,458.6792498954614,62.11065006915629,449.06
2003-03-31,470.0,84.79,0.98,1.5,110.17,86.1,104.16,9.2,383.9,82.96,606.34,186.79,222.59,1039.64,783.97,1823.94,0.0,52.94,0.0,300.1,0.0,300.1,470.0,1523.85,101.48,-65.67,536.63,18.06,2.3475,2.84,0.2,0.98,1.5,1.53,18.6,24.799999999999997,22.24,29.320000000000004,22.6,18.16,18.04,0.0,3.46,2.72,3,2003,129.78061224489798,86.52040816326532,84.79
2003-06-30,441.41999999999996,46.36999999999999,0.10252592253735893,1.383049881434733,69.04,46.52000000000001,65.59,8.9,394.9,46.510000000000005,313.57,241.61,211.71,788.93,825.86,1615.21,0.0,47.02,62.33,124.89,0.0,124.89,470.0,1490.32,5.509999999999991,-77.44000000000001,-220.83999999999997,19.070000000000004,21.70207246064266,2.81,0.08,0.29,1.67,5.76,11.4829033241842,14.792015858493443,12.444525770051845,16.177883501067395,12.585940835620613,14.49,14.39,0.0,6.32,4.62,6,2003,625.5200774102744,452.2758620689655,131.16
2003-09-30,466.67999999999995,66.09,0.1440745247148289,0.11346364232332515,95.36999999999998,66.22999999999999,87.56,11.0,400.45000000000005,72.34,231.07,276.6,267.98,799.34,858.77,1658.49,0.0,62.34,70.26,144.37,0.0,144.37,470.0,1514.12,9.510000000000005,-53.94999999999999,-38.06,21.33,19.086302768951427,3.41,0.1,0.43,1.76,4.09,15.935312547528518,19.245676045627377,17.463172623574145,22.743671482889734,17.597195437262357,14.42,14.31,0.0,5.54,3.68,9,2003,52.04814755412997,458.72093023255815,197.25
2003-12-31,490.75,57.19999999999999,0.12363922185105128,0.12489541966941892,82.63,57.349999999999994,81.98000000000002,8.75,433.4000000000001,54.20999999999998,255.17,244.84,243.8,778.53,876.84,1655.74,0.0,49.33,58.32,136.12,0.0,136.12,470.0,1519.62,112.91,-38.44,-50.360000000000014,24.630000000000003,17.6936166958042,2.71,0.09,0.55,1.87,3.4,13.820617017095694,16.4912242090784,15.052513263902531,19.944130477500487,15.160416584790722,13.7,13.62,0.0,5.72,3.93,12,2003,57.78116279069752,462.63636363636357,254.45
2004-03-31,498.4,45.94,0.1,0.14,74.38,48.43,78.4,6.65,449.97,43.05,373.68,199.9,225.54,821.37,883.75,1705.49,0.0,60.22,0.0,219.7,0.0,219.7,470.0,1485.79,165.25,-24.91,-21.84,29.97,16.625,2.1,0.15,0.1,0.14,1.4,10.76,10.96,12.36,12.200000000000001,13.04,9.32,9.22,0.0,3.74,2.71,3,2004,64.316,459.4,45.94
2004-06-30,544.2600000000001,74.64,0.16094211311992038,0.0013189583678885409,101.88,86.94999999999999,112.63,5.95,457.30999999999995,70.71000000000001,388.16,206.84,207.09,839.07,870.69,1710.15,0.0,62.97,0.0,149.72,0.0,149.72,470.0,1560.43,117.31,-20.95,-81.86,25.68,9.24058949624866,1.79,0.1,0.26,0.14,0.54,17.45602919223752,20.15490462763311,19.13973129872284,19.56065682534417,21.491962182783215,11.81,11.56,0.0,5.6,4.22,6,2004,0.6116923076923086,463.7692307692308,120.58
2004-09-30,612.6999999999998,118.3,0.25256614199598126,0.24138176876706685,149.72000000000003,135.24,162.17999999999998,5.9,477.46000000000004,119.77999999999999,349.91,241.49,242.42,880.86,856.58,1737.83,0.0,63.4,0.0,171.89,0.0,171.89,470.0,1565.94,90.13999999999999,-15.369999999999997,-113.02999999999999,26.940000000000005,5.840747252747254,1.77,0.11,0.51,0.38,0.75,27.23752511721366,31.575720026791693,30.208891493636973,30.723928332217014,34.23014065639652,14.76,14.43,0.0,5.12,3.71,9,2004,113.06132730015084,468.3921568627451,238.88
2004-12-31,515.8199999999999,52.10000000000002,0.11101106605264971,0.20075334333334674,97.69,57.629999999999995,84.67000000000002,6.05,458.19000000000005,55.47,275.71,246.69,288.69,831.07,839.57,1672.47,0.0,42.93,0.0,148.44,0.0,148.44,470.0,1524.03,32.52000000000004,-11.030000000000008,-95.70000000000002,27.039999999999992,13.62747024952015,1.87,0.1,0.62,0.58,0.94,12.46188741494261,14.13063440786309,13.672266135129568,13.693752147913953,15.426957179187578,13.65,13.4,0.0,5.6,3.65,12,2004,94.21807716635038,469.32258064516134,290.98
2005-03-31,441.3,25.43,0.05,0.16,33.22,25.84,51.89,5.9,415.46,2.76,317.94,215.47,307.28,863.76,821.78,1687.26,0.0,48.48,153.02,212.99,0.0,212.99,470.0,1474.26,51.78,-7.96,-1.59,26.05,29.499999999999996,1.88,0.14,0.05,0.16,3.2,6.04,6.08,6.880000000000001,6.880000000000001,7.0,6.08,5.76,0.0,4.06,2.61,3,2005,81.37599999999999,508.59999999999997,25.43
2005-06-30,403.53000000000003,28.93,0.06386313465783665,0.030362030905077275,40.61,29.13,55.209999999999994,5.25,374.40000000000003,9.85,251.93,202.76,307.92,779.8,798.6,1579.99,0.0,41.44,0.0,100.31,0.0,100.31,470.0,1479.68,35.56999999999999,-2.8899999999999997,-98.69,26.080000000000002,20.551762875907365,1.67,0.07,0.12,0.21,1.75,7.322972774098601,7.1100956585724795,7.812590139808682,7.621000735835173,7.897740986019133,6.77,6.43,0.0,7.77,4.7,6,2005,13.754000000000005,453.0,54.36
2005-09-30,448.15,40.629999999999995,0.08554584693125593,0.05970523212969784,60.33999999999999,40.84,67.28,4.78,407.32000000000005,32.64,283.1,238.36,287.38,828.07,777.79,1620.74,0.18,54.21,0.0,123.92,0.0,123.92,470.0,1496.82,57.620000000000005,-3.5500000000000007,-22.900000000000006,26.43999999999999,13.969117647058825,1.5,0.08,0.2,0.26,1.3,10.025973260343195,9.769335719549426,10.864322560269501,10.607685019475733,10.949868407200759,7.65,7.35,0.0,6.68,4.36,9,2005,28.356999999999985,474.94999999999993,94.99
2005-12-31,529.73,69.67,0.14809000364387223,0.047517004737033935,95.29000000000002,71.63,97.84000000000003,4.26,458.0899999999999,67.93,296.86,247.56,247.0,863.11,805.32,1669.84,0.0,49.79,0.0,126.85,0.0,126.85,470.0,1542.99,139.50000000000003,-101.61999999999999,-24.120000000000005,26.210000000000008,7.190728434046218,1.3,0.08,0.35,0.31,0.89,16.687627839183772,16.958420988703995,18.058518158629905,18.176990161545003,18.363160451840155,9.36,9.03,0.0,6.8,4.86,12,2005,22.35471428571431,470.45714285714286,164.66
2006-03-31,452.59,44.86,0.1,0.22,68.8,45.6,70.78,4.04,406.99,68.8,272.31,298.3,277.96,882.24,811.66,1695.31,0.0,39.61,0.0,91.56,15.9,107.46,470.0,1587.85,-39.53,19.99,-5.01,25.18,10.1,1.2,0.07,0.1,0.22,2.2,10.6,10.8,11.320000000000002,11.719999999999999,11.36,10.3,9.91,0.0,9.64,6.6,3,2006,98.692,448.59999999999997,44.86
2006-06-30,315.21999999999997,-36.92,-0.09299748110831235,-0.02859445843828713,-6.839999999999996,-36.59,-11.219999999999999,3.72,351.80999999999995,-6.839999999999996,205.79,219.56,280.0,727.56,817.46,1546.56,0.0,41.08,0.0,80.69,18.34,99.03,470.0,1447.53,70.63,-33.75,-103.39999999999999,25.369999999999997,-10.00027085590466,1.21,0.07,0.02,0.22,11.0,-9.485743073047859,-10.787707808564232,-10.229722921914359,-10.043727959697735,-11.345692695214105,1.08,1.03,0.0,9.02,5.55,6,2006,-11.35199999999999,397.0,7.94
2006-09-30,362.1300000000001,-11.540000000000001,-0.03205555555555556,-0.022611111111111113,6.529999999999994,-10.83,14.090000000000003,2.3,372.96000000000004,-89.55,220.8,249.92,209.14,706.04,817.56,1525.02,0.0,29.44,0.0,72.3,16.74,89.03,470.0,1435.98,32.6,-22.450000000000003,4.859999999999999,24.92,-17.937608318890813,0.75,0.06,-0.01,0.22,-22.0,-3.0773333333333337,-1.5386666666666668,-3.205555555555556,-3.205555555555556,-1.666888888888889,-0.33,-0.32,0.0,9.77,6.87,9,2006,-8.14,360.0,-3.6
2006-12-31,264.24,-18.029999999999998,-0.041678224687933425,0.03692094313453536,7.390000000000001,-17.32,6.559999999999988,2.18,281.56999999999994,103.47,268.92,196.71,217.24,700.29,798.88,1500.4,31.19,13.56,0.0,71.85,10.58,82.43,470.0,1417.96,33.75,-8.339999999999996,22.700000000000003,23.879999999999995,-13.076372712146425,0.72,0.06,-0.05,0.22,-4.4,-4.80133148404993,-4.034452149791955,-5.101414701803051,-4.868016643550624,-4.467905686546463,-1.62,-1.55,0.0,9.75,6.72,12,2006,15.971999999999994,432.59999999999997,-21.63
2007-03-31,209.99,-14.8,-0.03,0.0,9.45,-14.07,9.73,1.97,224.06,-20.88,286.67,175.65,214.2,694.66,778.09,1474.01,0.0,25.69,0.0,60.58,10.26,70.85,470.0,1403.16,51.98,-3.04,-31.19,23.8,-16.4175,0.66,0.05,-0.03,0.0,0.0,-3.9999999999999996,-3.56,-4.2,-3.96,-3.9999999999999996,-7.4,-7.05,0.0,11.47,7.93,3,2007,0.0,493.33333333333337,-14.8
2007-06-30,279.55,26.22,0.045919439579684765,0.0,38.370000000000005,26.41,50.25,1.85,253.14999999999998,15.399999999999999,368.79,137.93,208.66,728.86,761.09,1491.14,0.0,20.13,0.0,51.63,10.13,61.76,470.0,1429.38,88.89000000000001,-6.7700000000000005,0.0,23.84,10.07198703279939,0.61,0.04,0.02,0.0,0.0,7.071593695271454,7.438949211908932,7.347110332749562,7.255271453590192,7.898143607705778,2.44,2.33,0.0,14.12,10.08,6,2007,0.0,571.0,11.42
2007-09-30,267.98999999999995,12.020000000000001,0.02563993174061434,0.0,26.65,12.170000000000002,35.940000000000005,2.08,255.81,3.3700000000000006,403.16,157.63,190.2,765.4,738.46,1504.84,0.0,23.93,0.0,53.4,10.05,63.44,470.0,1441.4,35.59,-1.2199999999999989,0.0,23.769999999999996,20.28086522462562,0.68,0.04,0.05,0.0,0.0,3.1998634812286695,3.322935153583618,3.3434470989761094,3.3434470989761094,3.466518771331058,3.23,3.09,0.0,14.33,10.77,9,2007,0.0,468.8,23.44
2007-12-31,198.43000000000006,16.169999999999998,0.032658419591012365,0.0,25.930000000000007,16.48,39.19000000000001,1.96,181.95000000000005,3.62,436.84,120.94,220.12,790.69,716.23,1507.83,0.0,20.39,0.0,40.36,9.9,50.26,470.0,1457.57,33.48999999999998,0.1899999999999995,0.0,22.710000000000008,15.003787878787879,0.63,0.03,0.08,0.0,0.0,4.294582176218126,4.4578742741731885,4.4415450643776815,4.490532693764201,4.555849532946225,4.34,4.14,0.0,19.59,14.14,12,2007,0.0,495.125,39.61
2008-03-31,234.93,-0.51,0.0,,22.16,-0.51,21.04,1.94,235.44,-10.67,227.42,129.89,226.46,801.78,706.66,1509.21,0.0,19.85,0.0,42.9,9.25,52.15,470.0,1457.06,3.78,-213.2,0.0,21.55,0.0,0.63,0.04,0.0,0.0,0.0,-0.12,-0.12,-0.16,-0.16,-0.12,-0.23,-0.22,0.0,18.69,13.41,3,2008,,-inf,-0.51
2008-06-30,220.52999999999997,1.77,0.014047619047619048,,7.219999999999999,1.78,23.119999999999997,1.9,218.75,-13.430000000000001,494.89,101.7,201.41,808.36,693.86,1502.94,0.0,15.58,0.0,44.11,0.0,44.11,470.0,1458.83,68.64,198.83999999999997,-0.01,21.34,33.813559322033896,0.61,0.03,0.01,0.0,0.0,0.4495238095238095,0.4495238095238095,0.5057142857142857,0.5057142857142857,0.5057142857142857,0.29,0.28,0.0,18.33,13.76,6,2008,,126.0,1.26
2008-09-30,200.90000000000003,8.13,0.017316293929712463,0.0,16.98,8.67,28.950000000000003,1.6,192.22999999999996,-4.419999999999998,508.92,138.02,171.18,829.21,664.91,1494.77,0.0,10.6,0.0,27.81,0.0,27.81,470.0,1466.96,4.390000000000001,9.64,0.0,20.28,23.099630996309962,0.51,0.02,0.02,0.0,0.0,2.18185303514377,2.2857507987220447,2.216485623003195,2.25111821086262,2.355015974440895,1.52,1.43,0.0,29.82,23.66,9,2008,0.0,469.5,9.39
2008-12-31,170.0,-12.74,-0.038029850746268655,0.0,2.200000000000003,-11.44,8.680000000000007,1.24,181.43000000000006,-23.639999999999997,539.35,124.04,149.31,820.45,650.93,1471.98,0.0,4.27,0.0,17.76,0.0,17.76,470.0,1454.22,31.709999999999994,-1.2700000000000005,0.0,20.120000000000005,-8.15149136577708,0.4,0.01,-0.01,0.0,0.0,-3.4987462686567166,-1.5211940298507463,-3.4987462686567166,-3.4987462686567166,-1.5211940298507463,-0.43,-0.41,0.0,46.2,37.79,12,2008,0.0,335.0,-3.35
2009-03-31,118.74,0.2,0.0,,12.95,0.2,19.58,1.16,118.54,-8.86,552.71,119.19,172.76,854.9,631.92,1487.39,0.0,14.64,0.0,32.97,0.0,32.97,470.0,1454.42,9.8,3.56,0.0,19.38,0.0,0.37,0.02,0.0,0.08,0.0,0.04,0.04,0.04,0.04,0.04,0.18,0.17,0.0,25.93,20.69,3,2009,inf,inf,0.2
2009-06-30,262.45,26.69,0.05955373744886575,-inf,52.269999999999996,27.330000000000002,46.69,1.55,235.12,28.21,605.74,114.32,140.67,872.9,613.14,1486.52,0.0,21.73,0.0,43.0,0.0,43.0,470.0,1443.51,89.28,1.35,-37.6,19.360000000000003,6.505888909704008,0.5,0.03,0.06,0.08,1.33,7.186150985496467,7.3052584603941995,7.3846634436593535,7.344960952026777,7.583175901822239,7.34,7.05,0.0,20.3,17.03,6,2009,-inf,448.1666666666667,26.89
2009-09-30,297.35999999999996,36.14,0.0745391083610979,0.08605214448146382,62.620000000000005,37.72,56.900000000000006,2.16,259.63999999999993,36.03,632.45,138.89,111.82,894.54,596.82,1491.78,0.0,21.36,0.0,49.73,0.0,49.73,470.0,1442.06,66.50000000000001,-2.19,-37.6,19.18,7.246531543995573,0.7,0.03,0.13,0.16,1.23,9.701551642075204,10.022643185784547,10.022643185784547,9.930902744724733,10.366669839758844,9.62,9.29,0.0,17.99,15.74,9,2009,41.72205128205127,484.8461538461538,63.03
2009-12-31,231.83000000000004,21.239999999999995,0.04536845852616588,-0.005700358737026573,40.27000000000001,22.409999999999997,41.33999999999999,2.26,209.43000000000006,13.469999999999992,611.32,181.48,121.1,923.21,583.21,1506.8,0.0,17.02,0.0,43.5,0.0,43.5,470.0,1463.29,-16.47,-4.66,0.0,18.929999999999993,12.457994350282489,0.73,0.03,0.18,0.16,0.89,5.635770736917051,5.938227127091491,5.807162691349234,5.827326450694196,6.039045923816304,9.59,9.26,8766.0,21.22,18.44,12,2009,-2.6687179487179407,468.1666666666667,84.27
2010-03-31,242.46,18.33,0.04,0.08,50.18,20.48,38.66,2.54,221.98,18.48,627.1,197.34,124.83,966.33,566.88,1533.56,0.0,25.83,0.0,51.94,0.0,51.94,470.0,1481.62,16.02,-0.23,0.0,18.18,15.875,0.81,0.04,0.04,0.08,2.0,4.8,5.44,4.959999999999999,5.0,5.519999999999999,7.81,7.56,0.0,18.6,16.2,3,2010,36.66,458.24999999999994,18.33
2010-06-30,245.29999999999998,22.190000000000005,0.049286771964461996,-0.001426456071075998,40.48,23.179999999999996,39.620000000000005,2.8,222.12000000000003,12.25,629.04,188.2,132.23,970.22,550.13,1521.66,0.0,25.85,0.0,55.44,0.0,55.44,470.0,1466.22,38.3,1.23,-37.6,16.439999999999998,14.202086525461919,0.9,0.04,0.09,0.08,0.89,5.82679170779862,6.3525172754195465,6.045844027640671,6.111559723593288,6.527759131293189,8.61,8.31,0.0,17.5,15.12,6,2010,-0.642222222222216,450.2222222222223,40.52
2010-09-30,299.63,23.93,0.05198138091543832,0.15176122748038962,49.99000000000001,25.58,42.480000000000004,3.1,274.04999999999995,19.74,585.86,163.75,128.35,897.94,621.82,1537.06,0.0,17.37,0.0,121.2,0.0,121.2,470.0,1415.86,63.35,-106.56,0.030000000000001137,16.900000000000006,14.907260760551608,1.03,0.09,0.14,0.23,1.64,6.222913886733902,6.787283165244376,6.757579519006982,6.698172226532194,7.262541505042667,8.52,8.19,0.0,7.41,6.35,9,2010,69.86436507936507,460.35714285714283,64.45
2010-12-31,190.81000000000006,-8.090000000000003,-0.017224982256919808,0.004558957720774637,14.0,-10.719999999999992,6.449999999999989,2.04,201.52999999999997,-19.689999999999998,551.8,108.79,100.02,775.17,640.79,1433.29,0.0,8.34,0.0,25.92,0.0,25.92,470.0,1407.37,71.52,-35.03999999999999,-70.53,17.169999999999995,-29.60815822002471,0.68,0.02,0.12,0.23,1.92,-2.256472675656495,-2.285180979418028,-2.2966643009226413,-2.256472675656495,-2.3885308729595467,6.0,5.76,0.0,29.91,26.05,12,2010,2.141190476190488,469.6666666666667,56.36
2011-03-31,107.71,-31.76,-0.07,0.0,0.61,-31.76,-15.47,2.0,139.47,-39.82,513.74,100.35,98.06,730.81,649.49,1397.71,0.0,6.01,0.0,23.9,6.29,30.19,470.0,1367.51,-15.42,-22.64,0.0,16.29,-7.1425,0.69,0.02,-0.07,0.0,0.0,-9.08,-8.68,-9.28,-8.92,-9.24,-31.87,-29.49,0.0,30.58,26.47,3,2011,0.0,453.71428571428567,-31.76
2011-06-30,150.89000000000004,-1.5999999999999979,-0.003357314148681051,0.08,10.98,-1.5999999999999979,14.120000000000001,1.98,152.48,-16.490000000000002,467.0,79.95,87.82,650.85,682.75,1362.85,0.0,9.74,0.0,27.11,6.07,33.18,470.0,1329.66,37.32,-46.16,-37.6,15.719999999999999,-147.4616250000002,0.7,0.02,-0.07,0.08,-1.14,-0.47002398081534713,-0.4431654676258987,-0.4815347721822535,-0.4585131894484406,-0.47961630695443586,-14.16,-12.9,0.0,24.01,20.77,6,2011,38.12571428571428,476.5714285714285,-33.36
2011-09-30,166.53999999999996,11.579999999999998,0.02658402203856749,-0.007524596615505681,28.13,11.579999999999998,26.950000000000003,2.04,154.97000000000003,-5.869999999999997,335.78,87.16,54.51,516.06,822.58,1366.76,0.0,2.8,0.0,18.51,6.27,24.78,470.0,1341.97,18.230000000000004,-149.75,0.0,15.370000000000005,19.184455958549226,0.71,0.02,-0.05,0.08,-1.6,3.381487603305785,3.1900826446280988,3.445289256198347,3.36022038567493,3.445289256198347,-5.66,-5.12,0.0,27.88,24.94,9,2011,-3.277714285714275,435.6,-21.78
2011-12-31,102.82000000000005,-11.629999999999995,-0.024366956001197242,0.006987129601915558,18.950000000000003,-11.629999999999995,4.66,1.89,114.44999999999999,-21.970000000000006,255.89,64.49,95.65,459.98,851.11,1350.24,0.0,3.35,0.0,13.86,5.42,19.28,470.0,1330.96,-7.150000000000006,-72.74000000000001,0.0,16.29,-19.39101461736888,0.67,0.01,-0.07,0.08,-1.14,-3.439221789883268,-3.3417539658784787,-3.494917689314575,-3.3974498653097864,-3.4809937144567487,-7.0,-6.33,0.0,33.19,26.29,12,2011,3.3348571428571248,477.28571428571416,-33.41
2012-03-31,135.1,-10.79,-0.019999999999999997,0.0,25.99,-10.78,4.56,1.65,145.88,-17.75,224.67,77.51,109.1,436.45,873.13,1345.98,0.0,9.73,0.0,20.72,6.31,27.03,470.0,1318.95,4.84,-36.06,0.0,15.34,-20.625,0.59,0.02,-0.02,0.0,0.0,-3.2,-3.16,-3.28,-3.2,-3.24,-8.85,-7.99,0.0,21.06,15.8,3,2012,0.0,539.5,-10.79
2012-06-30,102.92000000000002,3.8099999999999987,0.005458452722063035,0.0,25.140000000000004,3.799999999999999,18.290000000000003,1.74,99.12,-12.43,219.89,47.8,133.12,420.68,889.74,1349.96,0.0,9.6,0.0,20.28,5.53,25.81,470.0,1324.15,10.88,-15.659999999999997,0.0,14.489999999999998,79.6929133858268,0.62,0.02,-0.01,0.0,0.0,1.1353581661891115,1.1135243553008591,1.1571919770773635,1.1571919770773635,1.1353581661891115,-3.25,-2.93,0.0,20.74,14.18,6,2012,0.0,698.0,-6.98
2012-09-30,98.66999999999999,-41.730000000000004,-0.08567029357421475,0.0,-3.0,-41.730000000000004,-27.790000000000003,1.85,140.39999999999998,-41.800000000000004,201.74,49.66,76.18,349.6,919.27,1309.9,0.0,7.8,0.0,23.84,4.99,28.84,470.0,1281.07,29.35,-47.5,0.0,13.940000000000005,-5.398604121734962,0.68,0.02,-0.1,0.0,0.0,-12.747739683843156,-12.473594744405666,-13.021884623280641,-12.713471566413467,-12.987616505850957,-15.78,-14.47,0.0,14.66,11.47,9,2012,0.0,487.09999999999997,-48.71
2012-12-31,80.61000000000001,-19.910000000000004,-0.04352229670649957,0.0,13.969999999999999,-19.910000000000004,-6.179999999999999,1.76,100.52000000000004,-24.379999999999995,156.21,11.9,59.81,302.88,876.07,1279.12,0.0,1.73,0.0,13.09,5.05,18.14,470.0,1260.98,7.25,-52.78,0.0,13.729999999999997,-10.106888498242089,0.66,0.01,-0.15,0.0,0.0,-6.220786942582339,-6.058303701544739,-6.313634508889538,-6.139545322063539,-6.290422617312737,-17.88,-16.44,0.0,23.14,18.57,12,2012,0.0,457.4666666666667,-68.62
2013-03-31,48.18,-34.46,-0.07,0.0,9.7,-34.46,-19.43,1.72,82.64,-29.68,20.18,8.12,72.4,279.78,881.09,1258.52,0.0,3.94,0.0,22.31,10.93,33.25,470.0,1225.27,-19.62,-122.32,5.9,15.03,-6.1425,0.66,0.03,-0.07,0.0,0.0,-10.96,-10.6,-11.24,-10.84,-11.159999999999998,-76.17,-71.52,-861.5,12.54,9.3,3,2013,0.0,492.2857142857143,-34.46
2013-06-30,82.75999999999999,-12.219999999999999,-0.026178234790059984,0.0,7.190000000000001,-31.720000000000006,-16.25,1.81,114.49,-48.300000000000004,45.93,9.61,50.39,300.72,887.45,1255.07,0.0,2.23,0.0,28.97,11.64,40.62,470.0,1214.46,12.34,13.08999999999999,0.33000000000000007,15.47,-17.285351882160395,0.7,0.03,-0.1,0.0,0.0,-3.8953213367609254,-5.319417309340188,-4.020976863753213,-3.8534361610968295,-5.654498714652956,-39.18,-35.65,0.0,10.38,8.64,6,2013,0.0,466.79999999999995,-46.68
2013-09-30,212.86,78.9,0.171415270018622,0.0,12.259999999999998,100.08000000000001,121.02000000000001,1.89,112.76999999999998,-48.42999999999999,45.61,5.01,64.43,430.43,870.57,1345.66,0.0,4.01,0.0,39.82,12.18,51.99,470.0,1293.67,-28.57,28.060000000000002,0.1999999999999993,20.939999999999998,2.7564638783269957,0.69,0.04,0.07,0.0,0.0,23.410428305400377,24.97765363128492,24.38994413407822,24.487895716946,25.467411545623843,17.56,9.37,1695.0,10.81,9.19,9,2013,0.0,460.2857142857142,32.22
2013-12-31,128.3,-5.029999999999998,-0.011099668995954388,0.0,-2.629999999999999,-10.04,7.709999999999994,1.73,138.34000000000003,-36.43000000000001,37.47,15.39,56.49,438.08,863.06,1334.42,0.0,5.51,0.0,32.11,13.0,45.11,470.0,1289.32,-10.369999999999997,1.7800000000000011,0.4400000000000004,17.75,-38.96062127236582,0.63,0.03,0.06,0.0,0.0,-1.509554983449797,-1.3541596175064357,-1.5613534387642507,-1.5761529974255233,-1.3541596175064357,9.53,5.76,0.0,13.64,11.88,12,2013,0.0,453.1666666666667,27.19
2014-03-31,212.89,77.87,0.17,0.0,4.46,99.79,116.49,1.92,113.1,-27.63,26.44,11.63,86.2,547.9,850.99,1430.47,0.0,6.95,0.0,43.75,19.67,63.42,470.0,1367.05,-40.56,23.01,6.53,16.7,2.8225,0.66,0.05,0.17,0.0,0.0,21.76,29.680000000000003,22.8,24.04,28.8,93.35,36.58,0.0,12.52,10.55,3,2014,0.0,458.05882352941177,77.87
2014-06-30,71.82,-33.32000000000001,-0.06731313131313132,0.1,-11.3,-38.690000000000005,-21.849999999999994,2.22,110.51000000000002,-44.17,32.65,9.12,100.96,452.82,838.94,1323.58,0.0,3.65,0.0,31.17,6.42,37.59,470.0,1285.99,-43.25,110.08,-60.63,16.84,-8.246162214885953,0.81,0.03,0.09,0.1,1.11,-10.08201122334456,-14.180632996633001,-10.351263748597084,-10.65043322109989,-14.150716049382721,29.62,15.65,113.15,14.53,11.29,6,2014,49.5,495.0,44.55
2014-09-30,120.44,-27.089999999999996,-0.06206185567010308,-0.01340206185567009,5.4,-31.68,-14.659999999999997,2.56,152.12,-35.05,58.38,16.8,86.76,436.01,822.75,1290.79,0.0,4.25,0.0,25.4,6.56,31.96,470.0,1258.83,-14.489999999999995,40.22999999999999,0.0,17.020000000000003,-10.312292358803989,0.96,0.03,0.04,0.1,2.5,-8.378350515463916,-13.839793814432987,-8.626597938144329,-8.502474226804122,-14.398350515463912,6.53,4.31,122.58,17.17,13.75,9,2014,-5.849999999999994,436.5,17.46
2014-12-31,158.85000000000002,2.8299999999999983,0.005579103006407095,0.013947757516017721,18.66,3.8999999999999986,20.89,2.02,154.94999999999993,-20.230000000000004,89.96,19.57,66.42,452.16,776.05,1289.07,0.0,2.53,0.0,19.87,7.63,27.5,470.0,1261.57,19.069999999999993,12.51000000000002,0.0,16.989999999999995,90.5163427561838,0.75,0.02,0.04,0.1,2.5,0.8759191720059138,1.4170921636274019,0.8982355840315422,0.887077378018728,1.4673040906850656,5.03,3.6,144.87,22.76,19.41,12,2014,7.074999999999989,507.24999999999994,20.29
2015-03-31,92.02,-34.1,-0.07,0.0,-3.36,-34.1,-17.36,3.36,126.12,-37.1,21.3,22.87,92.65,438.33,758.27,1254.46,0.0,5.97,0.0,25.87,3.45,29.32,470.0,1225.14,-41.34,-27.32,0.0,16.74,-12.0,1.29,0.02,-0.07,0.0,0.0,-10.88,-10.16,-11.12,-10.52,-11.12,-39.47,-37.06,0.0,16.94,13.36,3,2015,0.0,487.1428571428571,-34.1
2015-06-30,132.07,-11.39,-0.025038469993405147,0.05,18.490000000000002,-11.39,5.58,3.8,143.45999999999998,-22.89,36.74,5.49,276.78,436.53,751.02,1245.71,0.0,34.87,0.0,53.44,3.35,56.8,470.0,1188.92,-188.31,227.23999999999998,-23.5,16.970000000000002,-37.94161545215101,1.5,0.05,-0.1,0.05,-0.5,-3.655616619037151,-3.5454473510661684,-3.8358936029896684,-3.685662783029237,-3.8258782149923056,-21.7,-20.3,0.0,8.17,2.99,6,2015,22.745,454.9,-45.49
2015-09-30,150.07000000000002,-7.0,-0.014669460849685654,0.0023347304248428256,43.18,-6.109999999999999,13.18,3.08,156.18,-3.009999999999998,89.16,33.39,314.13,514.41,765.78,1329.66,0.0,7.22,0.99,41.32,84.99,126.32,470.0,1203.34,-60.93999999999997,34.04000000000002,79.31,19.29,-52.49,1.2,0.1,-0.11,0.05,-0.45,-2.1070680129548487,-2.101733663554963,-2.325776338350162,-2.2724328443513047,-2.1390741093541625,-14.47,-14.03,0.0,12.45,4.85,9,2015,1.1140909090909084,477.1818181818182,-52.49
2015-12-31,105.31,-22.339999999999996,-0.04776693839369236,-0.0010150280028671007,16.75999999999999,-18.839999999999996,-1.66,2.8,124.13999999999999,-19.799999999999997,35.47,3.3,479.84,551.53,759.93,1391.99,0.0,78.81,18.94,119.47,93.06,212.53,470.0,1179.46,-78.14000000000004,3.4099999999999966,21.039999999999992,17.180000000000007,-14.654487466427932,1.12,0.18,-0.16,0.05,-0.31,-6.424653213951623,-6.269410664172123,-7.571059735400239,-7.320283308833354,-6.615720967526392,-16.02,-15.61,-42.69,4.62,0.6,12,2015,-0.4747159090909072,467.6875,-74.83
2016-03-31,105.09,-21.28,-0.04,0.0,9.39,-19.5,-1.63,2.66,124.59,-37.49,144.1,8.82,754.45,995.35,745.68,1820.03,28.44,86.31,56.06,223.56,129.92,353.48,615.0,1466.55,-216.64,-8.03,333.31,17.87,-16.625,1.12,0.24,-0.04,0.0,0.0,-4.68,-5.08,-5.800000000000001,-6.32,-4.88,-24.43,-20.25,-10.37,4.45,1.08,3,2016,0.0,532.0,-21.28
2016-06-30,130.32999999999998,-32.089999999999996,-0.06012741240397227,0.0,12.98,-28.9,-11.510000000000002,2.54,159.23,-31.059999999999995,15.79,4.45,965.04,1039.78,738.54,1841.36,32.07,9.85,102.67,194.31,212.74,407.05,615.0,1434.31,-181.57,-6.860000000000001,60.120000000000005,17.389999999999997,-10.560906824555937,1.09,0.28,-0.1,0.0,0.0,-6.974779838860783,-7.552002997938916,-8.946958965711074,-9.788742739366686,-7.0709836987071375,-24.79,-22.67,-5.98,5.35,0.38,6,2016,0.0,533.6999999999999,-53.37
2016-09-30,269.98,-46.86000000000001,-0.08415444477701288,0.0,13.330000000000002,-43.98,-25.71,2.44,313.96,-47.38000000000001,38.8,20.24,878.66,973.28,729.45,1763.16,31.36,8.27,107.85,208.36,170.11,378.47,615.0,1384.69,76.54999999999995,-8.32,-45.22000000000003,18.270000000000003,-7.25095390524968,1.08,0.27,-0.18,0.0,0.0,-10.622161029631847,-11.164489673750374,-13.53951511523496,-14.49326548937444,-11.108386710565702,-20.8,-19.83,-5.91,4.67,0.45,9,2016,0.0,556.8333333333334,-100.23
2016-12-31,179.13,-37.58999999999999,-0.06545929473225945,0.0,10.14,-34.650000000000006,-16.39,2.74,213.77999999999997,-39.31,25.98,23.33,894.69,969.42,727.36,1738.8,34.58,9.32,112.58,231.95,157.51,389.45,615.0,1349.34,5.400000000000034,-4.800000000000001,-13.430000000000007,18.260000000000005,-10.467573822825221,1.25,0.29,-0.24,0.0,0.0,-8.651536787113624,-8.847914671310402,-11.138989986939485,-11.891771876360469,-9.197030909882452,-21.0,-20.13,-6.29,4.18,0.32,12,2016,0.0,574.25,-137.82
2017-03-31,147.59,-64.19,-0.1,0.0,2.05,-61.37,-43.4,2.48,208.95,-51.53,18.38,31.89,940.86,994.22,699.64,1734.31,65.23,74.67,165.27,332.22,111.77,443.99,615.0,1290.32,-41.45,-5.69,39.34,17.97,-6.2,1.18,0.34,-0.1,0.0,0.0,-14.8,-13.8,-19.88,-18.64,-17.52,-44.14,-43.49,-1534.25,2.99,0.16,3,2017,0.0,641.9,-64.19
2017-06-30,286.74,40.769999999999996,0.0696327924850555,0.0,27.83,-5.240000000000002,6.079999999999998,2.16,291.99,-6.729999999999997,216.29,37.03,818.61,1072.82,517.8,1632.33,36.61,38.89,146.05,232.13,68.9,301.03,615.0,1331.3,109.54,178.51,-94.54,11.32,7.754966887417219,1.0,0.23,-0.04,0.0,0.0,9.957489325362936,26.73899231426131,12.255371477369767,11.767941929974379,33.145209222886415,-5.47,-5.39,-740.11,4.62,1.1,6,2017,0.0,585.5,-23.42
2017-09-30,152.52000000000004,-31.689999999999998,-0.05175285792052258,0.0,4.489999999999998,-28.950000000000003,-19.020000000000003,2.12,181.46999999999997,-29.68,94.92,33.86,810.09,959.03,519.01,1505.64,9.9,39.16,91.96,147.68,57.54,205.22,615.0,1300.41,-7.210000000000001,-16.900000000000006,-91.08999999999999,9.93,-10.242912590722625,1.0,0.16,-0.09,0.0,0.0,-8.418464888405008,-13.455743059335871,-9.752538559245146,-9.430520776628558,-16.192894211576842,-9.53,-9.39,-796.33,6.49,1.01,9,2017,0.0,612.3333333333334,-55.11
