,revenue,net_profit,eps,dps,gross_profit,ebit,ebitda,close_price,allowance_doubtful_accounts,expense,operating_profit,cash,account_receivable,inventory,current_asset,property_plant_equipment,total_asset,short_term_loan,account_payable,current_liability,non_current_liability,total_liability,paid_in_capital,total_equity,cash_flow_operation,cash_flow_investment,cash_flow_financing,depreciation,P/E,P/BV,D/E,EPS,DPS,DPR%,ROA%,ROAA%,ROE%,ROAE%,ROCE%,NPM%,NPMA%,CurrentRatio,QuickRatio,month,year,dividend,number_of_shares,return_old
2000-03-31,54.53,6.56,2.63,0.0,26.82,9.4,11.06,108.0,0.0,45.13,0.29,85.25,139.1,3.01,284.77,186.18,571.2,0.0,121.9,144.87,1.36,146.23,24.93,417.57,50.41,-3.78,0.0,1.66,10.264999999999999,6.45,0.35,2.63,0.0,0.0,4.6,0.0,6.28,0.0,8.8,14.45,12.03,1.97,1.94,3,2000,0.0,2.494296577946768,6.56
2000-06-30,94.44,13.91,5.578949682462141,14.999999999999998,38.74,19.439999999999998,21.019999999999996,98.0,0.0,74.99000000000001,2.9699999999999998,43.33,216.37,8.34,325.69,188.63,607.01,0.0,181.16,205.63,1.17,206.8,24.93,393.46,-14.299999999999997,9.78,-37.4,1.5800000000000003,4.3927354421279645,6.21,0.53,8.21,15.0,1.83,9.16007816316561,0.0,14.134245236932099,0.0,19.543312164142648,16.67,13.74,1.58,1.54,6,2000,37.39951278928135,2.493300852618757,20.47
2000-09-30,71.82,9.39,3.7673208305425323,-0.004894950287698184,30.379999999999995,13.319999999999997,15.280000000000001,95.0,0.0,58.51999999999998,4.1000000000000005,40.7,188.12,7.27,287.1,189.65,570.97,137.45,0.0,159.44,1.17,160.61,24.93,403.05,-4.66,2.0199999999999996,0.0,1.96,6.304307774227901,5.88,0.4,11.98,15.0,1.25,6.578660415271266,0.0,9.32081714668453,0.0,12.880589417280643,16.17,13.52,1.8,1.76,9,2000,-0.012200602303060748,2.4924874791318863,29.86
2000-12-31,90.26000000000002,9.380000000000003,3.7625178389398584,8.003152552929707,40.21000000000001,16.1,19.400000000000006,112.0,0.0,74.15,7.47,80.06,196.81,1.7,320.29,189.41,597.31,0.0,163.28,189.57,1.17,190.74,24.93,398.54,43.14,16.17,-19.940000000000005,3.3,7.446396588486139,7.01,0.48,15.74,23.0,1.46,6.282018348623855,0.0,9.418246687054028,0.0,13.66362895005097,14.78,12.62,1.69,1.68,12,2000,19.95195083716402,2.4930114358322744,39.24
2001-03-31,66.06,5.43,2.18,0.0,29.74,7.69,9.22,113.0,0.0,58.37,-0.85,28.22,179.44,4.72,270.77,192.13,551.05,0.0,117.98,138.07,1.14,139.21,24.93,403.58,-34.58,-17.26,0.0,1.53,12.9575,6.98,0.34,2.18,0.0,0.0,3.96,5.48,5.4,5.28,7.4399999999999995,9.45,8.22,1.96,1.93,3,2001,0.0,2.4908256880733943,5.43
2001-06-30,123.09,21.97,8.812054744525549,7.0,45.040000000000006,29.389999999999997,31.36,116.0,0.0,93.69999999999999,8.64,47.24,222.68,4.97,317.47,191.46,606.22,0.0,158.29,184.32,1.14,185.46,24.93,413.15,20.81,15.660000000000002,-17.45,1.97,3.292489758761948,7.0,0.45,10.99,7.0,0.64,14.496992700729924,19.596598540145987,21.26439416058394,21.777562043795623,28.1921605839416,17.35,14.49,1.72,1.7,6,2001,17.452229299363054,2.493175614194722,27.4
2001-09-30,128.45000000000002,16.870000000000005,6.767815676530383,-0.001391288834150734,49.45,24.65,26.769999999999996,118.0,0.0,103.80000000000001,12.740000000000002,47.09,262.71,8.29,366.7,196.27,663.13,0.0,172.53,221.78,1.14,222.92,24.93,431.87,9.16,-9.31,0.0,2.12,4.35614700652045,6.81,0.52,17.76,7.0,0.39,10.182209170996162,15.242828100293655,15.623898802800996,16.157397786311275,21.324716512310825,16.14,13.94,1.65,1.62,9,2001,-0.0034680381017935247,2.49268018018018,44.27
2001-12-31,127.03999999999996,7.119999999999997,2.855481611208405,0.0021605449582684988,44.13000000000001,11.600000000000001,13.89,146.0,0.0,115.44,-1.1700000000000017,112.86,192.68,11.36,405.46,198.37,680.07,0.0,181.71,227.75,1.14,228.89,24.93,442.06,87.73,-21.959999999999997,0.0,2.29,12.77532303370787,8.23,0.52,20.61,7.0,0.34,4.189702276707529,6.362140494259581,6.4452695076863185,6.777785561393265,8.983475384316012,13.23,11.56,1.78,1.73,12,2001,0.0053872103544598815,2.493449781659389,51.39
2002-03-31,94.33,6.65,2.67,0.0,36.15,9.21,11.45,148.0,0.0,85.12,0.96,67.64,195.4,0.0,371.89,199.64,648.31,0.0,162.31,191.68,1.14,192.82,24.93,445.77,-34.74,-10.48,0.0,2.24,13.8575,8.28,0.43,2.67,0.0,0.0,4.12,6.16,5.96,6.28,8.08,7.73,7.05,1.94,1.94,3,2002,0.0,2.4906367041198503,6.65
2002-06-30,134.67000000000002,21.619999999999997,8.672472585779978,15.0,50.690000000000005,28.909999999999997,31.330000000000002,150.0,0.0,105.75999999999999,9.469999999999999,43.42,279.67,0.0,397.01,200.31,674.75,0.0,209.0,234.66,1.14,235.8,24.93,430.63,-28.71,41.89,-37.4,2.42,4.3248392691951905,8.68,0.55,11.34,15.0,1.32,12.817516802263883,18.201485673859214,20.067520339582593,20.495790590732224,26.491574106827024,14.04,12.34,1.69,1.69,6,2002,37.39417989417989,2.4929453262786594,28.27
2002-09-30,128.99,14.320000000000004,5.746156374735855,-0.00508416040230696,46.24000000000001,18.96,21.61,163.0,0.0,110.03000000000003,2.1099999999999994,70.35,228.25,0.0,391.99,200.36,676.32,0.0,180.1,216.84,1.14,217.98,24.93,449.7,54.2,-27.22,0.0,2.6499999999999995,7.093376396648043,9.04,0.48,17.09,15.0,0.88,8.472974876731628,11.458689833294203,12.73636064803945,12.991894810988498,16.70386475698521,13.59,11.9,1.81,1.81,9,2002,-0.012670239411015416,2.4921006436512583,42.59
2002-12-31,193.33000000000004,15.369999999999997,6.165502070393373,0.004829201632569331,62.91,20.989999999999995,23.72,192.0,0.0,172.33999999999997,7.990000000000002,96.1,305.81,0.0,467.71,202.47,760.1,0.0,237.64,283.11,0.62,283.73,24.93,467.3,16.05,11.759999999999998,-2.020000000000003,2.7299999999999995,7.78707872478855,10.24,0.61,23.25,15.0,0.65,8.093381642512076,11.498329882677705,13.153071083505864,13.524327122153206,17.364175293305724,11.74,10.51,1.65,1.65,12,2002,0.012038732327901869,2.492903225806452,57.96
2003-03-31,113.02,11.19,4.49,0.0,48.1,15.12,17.78,212.0,0.0,97.9,4.0,41.04,246.47,0.0,398.33,202.27,695.01,0.0,177.98,206.05,0.52,206.57,24.93,478.75,-10.77,-44.29,0.0,2.66,11.805,11.04,0.43,4.49,0.0,0.0,6.4399999999999995,9.0,9.36,9.68,12.36,10.98,9.9,1.93,1.93,3,2003,0.0,2.4922048997772825,11.19
2003-06-30,134.42000000000002,17.9,2.387487108972155,3.5,51.85999999999999,23.260000000000005,26.199999999999996,78.0,0.0,111.16,1.21,60.27,302.48,0.0,448.27,208.66,754.49,0.0,216.15,252.22,0.49,252.71,74.79,491.02,2.8099999999999996,25.2,-8.78,2.9399999999999995,8.16632681564246,11.88,0.51,3.88,3.5,0.9,9.500721897559298,13.217325541423168,14.571055345479545,15.530972842901338,18.804537641801303,13.58,11.76,1.78,1.78,6,2003,26.2409793814433,7.497422680412371,29.09
2003-09-30,152.55,17.889999999999997,2.3914261387824602,-0.007734153160151935,68.11,23.119999999999997,26.500000000000007,89.0,0.0,129.43,11.869999999999997,81.87,288.42,0.0,448.41,209.22,769.16,0.0,202.26,237.75,0.49,238.24,74.79,520.55,33.26,-11.71,0.049999999999998934,3.380000000000001,9.302775293460035,12.79,0.46,6.28,3.5,0.56,9.306760323541933,12.962443593018303,13.75450830140485,14.744589186888035,17.62343976160068,13.21,11.75,1.89,1.89,9,2003,-0.05785836233502195,7.480891719745222,46.98
2003-12-31,161.70000000000005,13.150000000000006,2.3006485947114594,-1.0808487131385176,66.26000000000002,18.650000000000006,22.129999999999995,89.0,0.0,143.05,10.380000000000003,173.53,261.05,0.0,522.76,210.07,855.71,0.0,247.05,299.16,0.53,299.69,74.79,545.47,95.58,23.080000000000002,4.050000000000001,3.4800000000000004,9.671098859315586,12.2,0.55,10.52,3.5,0.33,6.149642441377019,8.67773158157326,9.63998004323965,10.383535672709135,12.596707134541832,11.81,10.71,1.75,1.75,12,2003,-6.177892882226146,5.715779467680608,60.13
2004-03-31,99.22,4.34,0.58,0.0,43.09,4.71,8.23,91.0,0.0,94.51,-3.47,120.89,214.46,0.0,454.66,210.25,785.11,0.0,204.64,230.27,0.53,230.8,74.79,544.25,-22.09,-30.54,0.0,3.52,39.225,12.51,0.42,0.58,0.0,0.0,2.2,2.56,3.2,3.4,3.4,4.77,4.37,1.97,1.97,3,2004,0.0,7.482758620689656,4.34
2004-06-30,153.65,16.09,2.150058737151248,5.0,69.42999999999999,22.96,26.139999999999997,76.5,0.0,130.68,17.59,80.24,324.09,0.0,496.7,208.68,821.73,0.0,257.59,286.33,0.53,286.86,74.79,525.4,-25.31,21.049999999999997,-36.4,3.18,8.894477936606586,10.89,0.55,2.73,5.0,1.83,7.844170337738621,11.057444933920705,12.254547234459128,12.664082232011745,16.28689182574645,8.8,8.08,1.73,1.73,6,2004,37.417582417582416,7.483516483516484,20.43
2004-09-30,132.42000000000002,19.880000000000003,2.6582287273629372,-0.003244089078868593,69.17999999999999,26.589999999999996,30.04,78.5,0.0,105.83999999999997,14.520000000000001,98.18,264.13,0.0,480.2,204.28,806.32,0.0,207.44,247.12,0.53,247.64,74.79,549.32,33.739999999999995,-15.790000000000001,0.0,3.45,7.380704225352113,10.69,0.45,5.39,5.0,0.93,9.863557429918135,13.59198213842719,14.479702307119823,14.87424460431655,19.13530141404118,11.32,10.46,1.94,1.94,9,2004,-0.024261452832874397,7.478664192949908,40.31
2004-12-31,165.01999999999992,14.549999999999997,1.9467189208895368,-0.003043672644215597,76.06,20.800000000000004,24.909999999999997,74.0,0.0,144.22000000000003,10.68,148.17,272.04,0.0,526.91,206.02,860.23,0.0,228.32,281.98,0.53,282.51,74.79,566.71,48.379999999999995,1.4299999999999997,0.0,4.109999999999999,9.501525773195878,9.77,0.5,7.34,5.0,0.68,6.7684287276704325,9.282719650018226,10.26934013853445,10.47090776522056,13.770251549398466,10.73,9.97,1.87,1.87,12,2004,-0.022748757665077335,7.474114441416893,54.86
2005-03-31,95.83,3.67,0.49,0.0,46.13,4.56,8.14,78.0,0.0,91.26,-2.56,126.38,232.37,0.0,476.81,203.65,812.12,0.0,206.01,230.67,0.53,231.2,74.79,569.55,-7.08,-14.71,0.0,3.58,39.795,10.24,0.41,0.49,0.0,0.0,1.8,2.28,2.56,2.64,3.12,4.14,3.83,2.07,2.07,3,2005,0.0,7.489795918367347,3.67
2005-06-30,148.38,21.009999999999998,2.809278768233387,5.0,79.55000000000001,28.74,32.45,72.0,0.0,119.64999999999999,17.2,123.44,306.38,0.0,512.81,203.11,849.21,0.0,250.93,279.46,0.53,279.98,74.79,558.7,-1.8800000000000008,36.84,-37.89,3.71,6.407872441694432,9.64,0.5,3.3,5.0,1.52,9.909092382495947,13.586693679092381,15.05092382495948,15.493598055105348,19.88628849270664,10.99,10.11,1.84,1.84,6,2005,37.3939393939394,7.478787878787879,24.68
2005-09-30,132.34,16.509999999999998,2.20854819130857,-0.002199710138530762,71.78999999999999,22.130000000000003,26.099999999999994,71.0,0.0,110.21000000000001,13.419999999999998,159.97,260.65,0.0,500.0,206.52,841.54,0.0,215.16,255.54,0.53,256.07,74.79,573.91,37.71,-0.6799999999999997,-0.5,3.9699999999999998,8.039659297395518,9.25,0.45,5.51,5.0,0.91,7.840145666423889,10.790220927409564,11.511706724933235,11.75220199077446,15.167234765719835,11.83,10.94,1.96,1.96,9,2005,-0.016443931144479507,7.475499092558984,41.19
2005-12-31,197.12999999999994,16.550000000000004,2.2127814340145484,0.002523987309028074,83.55999999999997,22.529999999999994,26.790000000000006,76.0,0.0,174.60000000000002,12.710000000000004,178.51,302.46,0.0,555.02,213.87,907.69,0.0,252.25,303.75,0.53,304.28,74.79,591.81,27.39,-8.36,-0.5,4.26,8.582501510574016,9.6,0.51,7.72,5.0,0.65,7.29186006234846,10.112296501558713,11.190024246622794,11.430793210945621,14.801558711465193,10.78,10.06,1.83,1.83,12,2005,0.018877594199906866,7.4792746113989645,57.74
2006-03-31,122.8,11.07,1.48,0.0,63.49,14.7,18.97,87.0,0.0,108.1,3.52,201.04,266.72,0.0,521.18,215.54,882.94,0.0,238.54,264.42,0.53,264.95,74.79,605.54,5.62,17.41,-0.5,4.27,14.695,10.75,0.44,1.48,0.0,0.0,5.0,6.920000000000001,7.32,7.5200000000000005,9.52,9.96,9.01,1.97,1.97,3,2006,0.0,7.47972972972973,11.07
2006-06-30,151.53999999999996,19.0,2.5400731626205517,5.0,75.54999999999998,26.250000000000004,30.68,78.0,0.0,125.28999999999999,11.01,169.07,274.41,0.0,467.81,219.96,834.19,0.0,204.83,229.79,0.53,230.32,74.79,591.55,-17.35,22.779999999999998,-37.39,4.43,7.675763157894736,9.86,0.39,4.02,5.0,1.24,9.09876953774526,12.308613235783174,12.839374792151645,13.2184901895577,17.136015962753575,12.19,10.96,2.04,2.04,6,2006,37.400497512437816,7.480099502487563,30.07
2006-09-30,175.60000000000002,20.42,2.729946524064171,-6.651235799606936e-05,76.93,27.090000000000003,31.79,77.0,0.0,148.51,10.97,218.28,253.54,0.0,491.45,220.48,868.25,0.0,204.58,238.08,0.41,238.49,74.79,616.52,51.989999999999995,-3.289999999999999,0.5,4.700000000000001,7.05302277179236,9.34,0.39,6.75,5.0,0.74,9.415282234105765,12.877258863141217,13.249340463458111,13.718486829075065,17.471657754010696,12.43,11.22,2.06,2.06,9,2006,-0.0004975124378105988,7.48,50.49
2006-12-31,174.27000000000004,7.530000000000001,1.0071147880041365,-0.002137194071010345,76.11999999999998,12.099999999999994,16.97,80.0,0.0,162.17000000000007,1.0599999999999987,171.19,328.07,0.0,522.61,219.84,905.7,0.0,222.35,266.09,0.41,266.5,74.79,625.62,-41.699999999999996,-4.390000000000001,-1.0,4.869999999999999,19.860099601593625,9.56,0.43,7.76,5.0,0.64,3.3276318510858327,4.589120992761117,4.8123474663909,4.947321613236815,6.504715615305067,10.19,9.29,1.96,1.96,12,2006,-0.015979381443301577,7.476804123711341,58.02
2007-03-31,141.22,11.24,1.5,0.0,62.45,14.9,19.8,71.5,0.0,126.32,-1.25,167.82,288.1,0.0,481.04,217.09,857.72,0.0,195.13,213.91,0.45,214.36,74.79,629.21,0.11,-1.98,-1.5,4.9,11.917500000000002,8.5,0.34,1.5,0.0,0.0,5.24,6.839999999999999,7.159999999999999,7.28,9.24,8.99,7.96,2.25,2.25,3,2007,0.0,7.493333333333333,11.24
2007-06-30,161.73,16.53,2.208365142239827,5.0,80.83,24.940000000000005,29.84,78.5,0.0,136.79000000000002,10.71,168.75,294.36,0.0,482.47,216.89,849.48,0.0,200.93,225.86,0.45,226.31,74.79,609.82,38.17,0.1499999999999999,-37.4,4.9,8.887071990320628,9.63,0.37,3.71,5.0,1.35,7.7858264314007934,11.262066978754053,10.833489377025568,11.000158444364423,15.214504861361183,10.23,9.17,2.14,2.14,6,2007,37.42587601078167,7.485175202156334,27.77
2007-09-30,151.43,16.180000000000003,2.1646962457337886,-0.007147916800824199,72.22999999999999,21.33,26.39,77.0,0.0,130.11,5.299999999999999,175.72,278.78,0.0,492.99,215.44,866.29,0.0,200.3,224.95,0.41,225.36,74.79,626.66,23.869999999999997,-16.9,0.0,5.059999999999999,8.895936341161926,9.19,0.36,5.88,5.0,0.85,7.465993174061435,10.38170648464164,10.322803185438,10.411158134243461,14.048436860068259,10.81,9.67,2.19,2.19,9,2007,-0.05342703118983394,7.474489795918368,43.95
2007-12-31,186.86,13.919999999999995,1.8617729393468114,0.0015076014853838578,79.78000000000003,21.679999999999993,26.67,75.0,1.0,165.16999999999996,5.3100000000000005,217.68,263.55,0.0,536.26,209.8,901.29,0.0,198.31,244.12,0.34,244.46,74.79,641.34,58.96,-16.900000000000002,-0.09000000000000341,4.990000000000002,10.071126077586209,8.75,0.38,7.74,5.0,0.65,6.177045101088645,8.822975635044061,8.678652151373765,8.794110938310002,12.132794193882836,10.07,9.02,2.2,2.2,12,2007,0.011271950640718842,7.476744186046511,57.87
2008-03-31,121.69,3.33,0.45,0.0,57.85,7.34,12.09,78.0,0.0,114.35,-9.24,170.82,252.01,0.0,486.14,206.47,845.51,0.0,165.11,188.68,0.34,189.02,74.79,639.78,-47.66,0.8,0.0,4.75,43.33250000000001,9.12,0.3,0.45,0.0,0.0,1.56,3.4400000000000004,2.08,2.08,4.48,3.18,2.74,2.58,2.58,3,2008,0.0,7.4,3.33
2008-06-30,148.32,18.25,2.4440454124189066,5.0,72.47,23.06,27.91,72.0,0.0,125.27000000000001,7.75,167.38,283.66,0.0,488.78,207.48,842.15,0.0,184.53,209.26,0.21,209.47,74.79,616.98,14.029999999999994,19.93,-37.4,4.85,7.363805479452054,8.73,0.34,2.89,5.0,1.73,8.659870250231696,12.144114921223355,11.839666357738649,11.907321594068584,16.23725671918443,9.08,7.99,2.34,2.34,6,2008,37.3356401384083,7.46712802768166,21.58
2008-09-30,167.41000000000003,21.870000000000005,2.9243889528193328,0.007593343978085358,80.6,29.730000000000004,34.56,88.0,0.0,137.67000000000002,17.23,194.45,296.34,0.0,525.85,207.37,881.96,0.0,200.89,229.98,0.21,230.18,74.79,635.1,28.070000000000004,-1.0100000000000016,0.0,4.83,7.524777091906721,10.36,0.36,5.81,5.0,0.86,9.925808975834293,13.851838895281935,13.771304948216343,13.871972382048332,18.563074798619105,11.07,9.93,2.29,2.29,9,2008,0.056786711849881044,7.4784853700516365,43.45
2008-12-31,187.52000000000004,16.58,2.2178477427952683,-0.0018522006925393304,83.30000000000004,23.520000000000003,28.340000000000003,80.0,0.0,163.99999999999994,7.9300000000000015,242.05,253.49,0.0,531.72,204.0,893.38,0.0,173.37,217.95,0.21,218.15,74.79,657.73,54.06,-6.459999999999999,0.01999999999999602,4.82,9.015361881785285,9.1,0.33,8.03,5.0,0.62,7.424127936031983,10.29655838747293,10.086650008329169,10.208175912043977,13.67718807263035,10.63,9.61,2.44,2.44,12,2008,-0.013846526472370613,7.475716064757162,60.03
2009-03-31,112.7,2.07,0.28,0.0,54.11,3.73,8.23,76.0,0.0,108.97,11.65,184.28,216.67,0.0,481.88,206.55,846.86,0.0,152.96,173.25,0.21,173.46,74.79,655.35,-47.55,-10.22,0.0,4.5,67.8575,8.67,0.26,0.28,0.0,0.0,0.96,1.76,1.28,1.28,2.2000000000000006,2.05,1.84,2.78,2.78,3,2009,0.0,7.3928571428571415,2.07
2009-06-30,144.57999999999998,17.23,2.3032849740932644,5.0,70.61,20.38,25.540000000000003,79.0,1.12,124.21000000000001,40.58,217.43,255.81,0.0,484.46,210.49,851.18,0.0,178.95,197.73,0.21,197.93,74.79,637.43,41.449999999999996,29.1,-37.4,5.16,8.574666279744632,9.27,0.31,2.58,5.0,1.94,8.106134715025906,10.177305699481865,10.820082901554404,10.998632124352332,13.176932642487046,8.29,7.5,2.45,2.45,6,2009,37.4031007751938,7.48062015503876,19.3
2009-09-30,178.51000000000005,27.02,3.6108333333333333,0.0016149870801029046,92.47999999999999,36.86,42.309999999999995,90.0,1.12,141.64,47.42000000000001,128.51,314.04,0.0,551.15,215.86,933.08,0.0,215.81,250.46,0.21,250.66,74.79,665.12,8.6,-97.52,0.0,5.449999999999999,6.231428571428571,10.12,0.38,6.19,5.0,0.81,11.573333333333334,15.679999999999998,16.240000000000002,16.613333333333333,20.836666666666666,11.68,10.63,2.2,2.2,9,2009,0.012085008328007518,7.483037156704362,46.32
2009-12-31,273.09999999999997,31.550000000000004,4.205586233466033,0.012589849326359601,116.82,43.81,49.60000000000001,81.5,1.22,229.29000000000002,-5.63000000000001,155.35,465.61,0.0,716.73,216.43,1105.73,0.0,315.13,387.07,0.21,387.28,75.0,699.6,18.2,8.61,0.01999999999999602,5.789999999999999,4.843736133122028,8.74,0.55,10.38,5.0,0.48,11.409374598690126,16.984409913959162,18.03783228457686,18.588853216899967,23.6290740978554,12.02,10.98,1.85,1.85,12,2009,0.09444812784620638,7.501926782273603,77.87
2010-03-31,137.35,14.2,1.89,0.0,69.23,19.0,24.47,88.0,0.0,118.35,16.1,100.64,399.81,0.0,591.71,211.35,980.64,0.0,221.54,244.64,0.21,244.84,75.0,716.56,-49.95,-4.76,0.0,5.47,11.64,9.21,0.34,1.89,0.0,0.0,5.8,8.32,7.92,8.28,10.32,11.44,10.34,2.42,2.42,3,2010,0.0,7.5132275132275135,14.2
2010-06-30,153.75000000000003,17.02,2.267879564381807,5.0,76.08,22.85,28.300000000000004,95.0,0.0,130.9,17.189999999999998,119.24,398.64,0.0,589.13,208.42,975.49,0.0,225.91,256.79,0.21,257.0,75.0,700.53,23.790000000000003,32.04,-37.23,5.45,10.473924794359577,10.17,0.37,4.16,5.0,1.2,6.978090967328637,9.98739269698911,9.725714285714284,10.183651505445228,12.691402946828957,12.05,10.72,2.29,2.29,6,2010,37.52403846153846,7.504807692307692,31.22
2010-09-30,166.39999999999998,21.550000000000004,2.8749668372181167,-0.006049474497455397,91.80000000000001,28.21,33.51,101.0,0.0,138.19,20.939999999999998,125.44,366.79,0.0,649.55,204.52,1039.82,0.0,236.81,292.94,0.21,293.15,75.0,728.37,98.03,-91.83,0.0,5.299999999999999,8.7847969837587,10.4,0.4,7.04,5.0,0.71,8.281864695849917,11.597877581959448,11.826568125829072,12.365624407807468,15.322266439264736,12.95,11.53,2.22,2.22,9,2010,-0.04534527972027291,7.495738636363637,52.77
2010-12-31,236.36,42.60999999999999,5.682524638288949,0.0017930669665820647,121.32999999999998,58.53,63.629999999999995,107.0,0.0,177.82999999999998,54.940000000000005,125.8,415.21,0.0,784.42,203.63,1174.14,0.0,301.2,382.89,0.21,383.1,75.0,771.08,83.99000000000001,-83.63000000000001,0.0,5.100000000000001,4.706323632950013,10.41,0.5,12.72,5.0,0.39,14.510094359404485,20.15687984902495,22.104663451457323,23.176837911511846,29.038058293143212,15.29,13.75,2.05,2.05,12,2010,0.013445182961682178,7.498427672955974,95.38
2011-03-31,175.79,19.89,2.65,0.0,79.09,27.5,32.34,109.0,0.0,148.29,19.1,124.15,386.84,0.0,700.66,200.43,1089.9,0.0,241.77,279.3,38.25,317.55,75.0,753.84,-56.41,54.76,0.0,4.84,10.2825,10.84,0.42,2.65,0.0,0.0,7.279999999999999,10.64,10.56,10.84,13.56,12.61,11.31,2.51,2.51,3,2011,0.0,7.505660377358491,19.89
2011-06-30,182.98999999999998,20.339999999999996,2.7099776286353467,8.0,88.88,26.700000000000003,31.379999999999995,112.0,0.0,156.29,16.96,106.01,377.75,0.0,652.99,198.98,1035.19,0.0,227.71,270.31,37.69,308.0,75.0,711.21,19.879999999999995,21.979999999999997,-60.0,4.68,10.334402654867258,11.81,0.43,5.36,8.0,1.49,7.867024608501118,10.900581655480982,11.44662192393736,11.52751677852349,14.338612975391499,12.62,11.21,2.42,2.42,6,2011,60.044776119402975,7.505597014925372,40.23
2011-09-30,190.49,28.610000000000007,3.8152208018593847,-0.007133131553156139,98.85,40.91,45.32000000000001,100.0,0.0,149.58000000000004,30.78,126.09,359.22,0.0,699.79,196.93,1089.3,0.0,227.52,290.65,38.78,329.43,75.0,742.76,71.50999999999999,-51.42999999999999,0.0,4.41,6.550747990213211,10.1,0.44,9.18,8.0,0.87,10.50640325392214,14.84528181289948,15.410499709471239,15.56011621150494,19.799250435793148,14.05,12.53,2.41,2.41,9,2011,-0.05349071635286151,7.498910675381264,68.84
2011-12-31,208.51,43.28,5.770924009989296,0.0008052374634402873,114.13,61.17,63.730000000000004,110.0,0.0,147.33999999999997,314.11,78.72,441.1,0.0,809.03,199.22,1216.11,0.0,285.73,362.13,39.88,402.02,75.0,795.1,26.740000000000002,-74.11,0.0,2.5599999999999987,4.7666543438077635,10.38,0.51,14.95,8.0,0.54,14.236232607920087,20.196303960042812,21.77124509454156,22.11093828041384,28.25629682483054,16.55,14.8,2.23,2.23,12,2011,0.006039011665613714,7.499665551839466,112.12
2012-03-31,126.6,16.16,2.15,0.0,65.93,20.62,24.62,168.0,0.0,105.98,65.93,103.75,324.46,0.0,701.32,198.19,1112.39,0.0,206.93,240.48,40.85,281.33,75.0,811.55,12.37,12.66,0.0,4.0,19.535,15.53,0.35,2.15,0.0,0.0,5.8,7.48,7.96,8.24,9.44,14.96,12.76,2.92,2.92,3,2012,0.0,7.516279069767442,16.16
2012-06-30,159.15,21.400000000000002,2.854472843450479,9.0,81.50999999999999,27.12,31.139999999999997,192.0,0.0,132.02999999999997,81.50999999999999,188.99,244.14,0.0,666.54,196.35,1069.7,0.0,217.9,242.29,41.81,284.1,75.0,767.81,90.69999999999999,62.040000000000006,-67.5,4.02,16.814242990654204,18.75,0.37,5.01,9.0,1.8,7.9993610223642175,10.346751863684771,11.1444089456869,11.577422790202343,13.149946751863684,15.24,13.14,2.75,2.75,6,2012,67.47305389221557,7.497005988023953,37.56
2012-09-30,231.27999999999997,35.459999999999994,4.729942481511914,-0.00010332662530455523,94.58000000000001,46.029999999999994,49.970000000000006,226.0,0.0,185.25,94.58000000000001,219.57,374.97,0.0,800.72,196.28,1249.7,0.0,311.61,349.44,42.78,392.21,75.0,838.38,-9.219999999999999,39.8,0.0,3.9400000000000013,11.943485617597293,20.22,0.47,9.74,9.0,0.92,11.344092029580935,15.57870172555464,16.919013968775676,17.948529170090385,20.240657354149544,16.02,14.12,2.29,2.29,9,2012,-0.0007746314352914396,7.496919917864476,73.02
2012-12-31,255.13,43.49000000000001,5.796924727491203,0.0063986188317088615,129.85,57.60000000000001,60.249999999999986,190.0,0.0,197.52999999999997,129.85,277.82,474.19,0.0,902.3,195.57,1375.63,0.0,421.0,431.27,43.74,475.01,75.0,878.79,50.02000000000001,8.230000000000004,0.0,2.6499999999999986,8.191062888020234,16.22,0.54,15.53,9.0,0.58,12.646478413870057,17.439299630932968,19.798382971418764,20.783822847824226,23.934244270878043,16.9,15.09,2.09,2.09,12,2012,0.04800406182114614,7.502253702511269,116.51
2013-03-31,162.75,19.56,2.61,0.0,74.18,24.45,28.27,244.0,0.0,138.3,74.18,159.54,404.35,0.0,774.01,192.13,1259.51,0.0,251.56,283.33,68.29,351.61,75.0,884.95,-101.45,-16.83,0.0,3.82,23.3725,20.68,0.4,2.61,0.0,0.0,6.2,8.24,8.84,9.24,10.0,13.42,12.02,2.73,2.73,3,2013,0.0,7.494252873563219,19.56
2013-06-30,188.38,21.830000000000002,2.9113698961101715,8.0,72.68,25.44,29.080000000000002,210.0,0.0,162.94,72.68,229.96,372.76,0.0,739.82,189.65,1203.49,0.0,261.34,285.45,65.74,351.19,75.0,832.46,84.9,45.51,-60.0,3.64,18.031099404489233,18.92,0.42,5.52,8.0,1.45,7.257327856970282,9.261531770959168,10.485151002657647,10.90708866876057,11.45560763469437,13.4,11.79,2.59,2.59,6,2013,59.98550724637682,7.498188405797102,41.39
2013-09-30,188.64,21.490000000000002,2.863966284987278,0.0057482391119945365,72.53999999999999,26.989999999999995,29.869999999999997,240.0,0.0,161.64999999999998,72.53999999999999,223.59,276.58,0.0,621.84,188.18,1244.14,0.0,267.96,304.86,66.21,371.07,75.0,851.46,110.42,-116.78,0.0,2.88,20.950246626337833,21.14,0.44,8.38,8.0,0.95,6.903594147582697,8.434688295165396,10.08881679389313,10.17083969465649,11.182455470737914,13.21,11.65,2.04,2.04,9,2013,0.04313237176160101,7.503579952267303,62.88
2013-12-31,228.37,39.12,5.215999999999999,-0.003818615751789404,88.07000000000002,46.95,50.150000000000006,230.0,0.0,181.41999999999996,88.07000000000002,247.67,236.65,0.0,614.62,186.51,1262.12,0.0,236.5,281.98,66.27,348.25,75.0,890.79,41.849999999999994,-17.78,0.0,3.1999999999999993,11.022622699386503,19.36,0.39,13.6,8.0,0.59,12.395670588235294,14.405364705882354,17.565647058823526,17.688376470588235,19.37590588235294,15.11,13.28,2.18,2.18,12,2013,-0.02863961813842053,7.5,102.0
2014-03-31,138.74,1.94,0.26,0.0,53.08,3.83,6.97,240.0,0.0,134.91,53.08,149.89,212.88,0.0,565.92,184.71,1207.64,0.0,196.2,222.08,68.33,290.4,75.0,893.35,-56.82,-40.96,0.0,3.14,230.77,20.15,0.33,0.26,0.0,0.0,0.64,1.24,0.88,0.88,1.56,1.65,1.4,2.55,2.55,3,2014,0.0,7.461538461538461,1.94
2014-06-30,157.36,2.9499999999999997,0.39212678936605316,7.0,58.64,5.050000000000001,7.6000000000000005,182.0,6.89,152.31000000000003,58.64,147.25,204.22,0.0,515.75,183.32,1151.83,0.0,191.08,220.29,63.36,283.65,75.0,847.37,28.53,21.330000000000002,-52.5,2.5500000000000003,116.03389830508475,16.11,0.33,0.65,7.0,10.77,1.0134969325153373,1.8098159509202452,1.3995910020449895,1.3995910020449895,2.2924335378323106,1.9,1.65,2.34,2.34,6,2014,52.661538461538456,7.523076923076922,4.89
2014-09-30,159.97999999999996,19.03,2.5378637123745817,-0.023006174427577446,63.94,21.92,24.089999999999996,250.0,6.89,138.05999999999995,63.94,204.38,215.32,0.0,578.57,181.78,1214.8,0.0,245.82,270.71,50.7,321.41,75.0,871.06,65.09,-7.960000000000001,0.0,2.17,24.627041513399895,21.53,0.37,3.19,7.0,2.19,6.269080267558528,7.9875083612040125,8.751254180602007,8.846722408026755,10.374214046822743,5.96,5.24,2.14,2.14,9,2014,-0.1725102483723049,7.498432601880879,23.92
2014-12-31,242.81,42.83,5.710666666666667,0.0014629049111799,94.00000000000003,49.68000000000001,51.49000000000001,242.0,6.89,193.13,94.00000000000003,271.99,253.04,0.0,622.92,181.76,1309.06,0.0,276.09,322.54,49.34,371.88,75.0,912.89,37.28,34.12,-3.780000000000001,1.8099999999999996,10.59381566658884,19.88,0.41,8.9,7.0,0.79,13.08961797752809,16.066864419475657,18.76178576779026,18.992779026217228,20.943388764044943,10.76,9.55,1.93,1.93,12,2014,0.01097178683384925,7.5,66.75
2015-03-31,149.25,15.86,2.11,0.0,59.83,19.66,21.63,189.5,0.0,129.59,59.83,174.81,207.44,0.0,540.97,183.76,1237.8,0.0,208.67,229.1,51.27,280.37,75.0,932.18,-41.8,-55.38,0.0,1.97,22.4525,15.25,0.3,2.11,0.0,0.0,5.12,6.44,6.8,6.96,7.8,11.97,10.63,2.36,2.36,3,2015,0.0,7.516587677725119,15.86
2015-06-30,205.12,19.71,2.626522350295193,5.0,80.17,24.540000000000003,26.970000000000002,149.0,0.0,180.58,80.17,197.42,229.6,0.0,580.44,185.84,1259.78,0.0,217.74,246.04,55.57,301.61,75.0,914.84,1.2099999999999937,34.0,-37.5,2.4300000000000006,14.180176306443428,12.22,0.33,4.74,5.0,1.05,6.250458251335395,8.134461624964858,8.622086027551308,8.954557211132977,9.66382906944054,11.14,10.04,2.36,2.36,6,2015,37.5210970464135,7.5042194092827,35.57
2015-09-30,181.77999999999997,31.79,4.238037410926366,-0.0020702416388543583,74.75,38.92999999999999,41.080000000000005,130.0,0.0,142.84999999999997,74.75,195.65,196.83,0.0,544.52,184.76,1291.54,0.0,229.52,261.44,49.61,311.05,75.0,934.85,56.25,-58.02000000000001,0.0,2.1499999999999995,7.670437244416483,10.43,0.33,8.98,5.0,0.56,9.854144893111638,12.515896674584322,13.610801662707837,14.08274346793349,15.234281472684087,14.33,12.56,2.08,2.08,9,2015,-0.015529117682987703,7.501113585746102,67.36
2015-12-31,287.58000000000004,34.75,4.63174517677015,0.000971701987833884,111.64999999999998,44.98000000000002,47.04999999999998,128.0,0.0,242.59000000000003,111.64999999999998,156.43,380.35,0.0,697.58,182.09,1453.04,0.0,329.65,388.45,48.83,437.28,75.0,968.28,-8.82,-30.39999999999999,0.0,2.0699999999999994,6.905280575539569,9.91,0.45,13.61,5.0,0.37,9.569777690725688,12.632651062579571,14.361472921359319,14.783468808148074,16.376162961512094,13.85,12.4,1.8,1.8,12,2015,0.007290263774997641,7.502571638501102,102.11
2016-03-31,138.17,9.44,1.27,0.0,56.66,9.81,11.4,132.5,0.0,128.36,56.66,143.35,215.41,0.0,570.27,180.82,1338.44,0.0,224.61,255.43,51.27,306.7,75.0,984.68,6.2,-19.28,0.0,1.59,26.0825,10.09,0.31,1.27,0.0,0.0,2.8399999999999994,3.04,3.84,3.92,3.64,7.77,6.83,2.23,2.23,3,2016,0.0,7.4330708661417315,9.44
2016-06-30,219.68000000000004,28.300000000000004,3.771833598304187,6.0,80.80000000000001,35.9,37.68,123.0,0.0,183.77999999999997,80.80000000000001,100.8,265.36,0.0,602.12,194.29,1380.48,0.0,291.85,314.83,52.49,367.32,75.0,969.74,46.37,-43.92,-45.0,1.78,8.151439929328621,9.51,0.38,5.03,6.0,1.19,8.188553259141496,10.378166401695815,11.667938526762057,12.027874933757287,12.867726550079492,11.82,10.55,1.91,1.91,6,2016,45.01789264413519,7.502982107355865,37.74
2016-09-30,248.01999999999998,37.199999999999996,4.959007205764611,-0.0011842475968849295,93.45999999999998,47.419999999999995,49.32000000000001,135.0,0.0,200.60000000000002,93.45999999999998,97.68,239.12,0.0,689.54,194.62,1475.07,0.0,321.96,360.54,53.82,414.36,75.0,1010.75,107.18,-110.3,0.0,1.8999999999999995,6.804028225806452,10.02,0.41,9.99,6.0,0.6,10.086789431545236,13.36301040832666,14.713210568454762,15.289031224979984,16.59951961569255,13.83,12.37,1.91,1.91,9,2016,-0.008883635126181844,7.501501501501501,74.94
2016-12-31,225.62,30.799999999999997,4.1070550406657835,-0.0017687443448744196,95.80000000000004,41.97,43.96000000000001,139.5,0.0,183.64999999999998,95.80000000000004,122.62,350.72,0.0,844.96,196.93,1649.27,0.0,394.98,492.57,55.55,548.12,75.0,1047.17,28.610000000000014,-3.680000000000007,0.0,1.9900000000000002,8.488381493506495,9.99,0.52,14.1,6.0,0.43,7.46843200302629,10.148212596935881,11.767732173255153,12.222129752222433,13.608624929071306,14.29,12.72,1.72,1.72,12,2016,-0.01326432815794476,7.499290780141844,105.74
2017-03-31,195.54,18.14,2.42,0.0,55.61,27.23,29.1,158.0,0.0,168.32,55.61,107.92,286.96,0.0,632.77,196.47,1535.82,0.0,312.34,349.1,56.96,406.07,75.0,1074.51,72.11,-86.81,0.0,1.87,16.3225,11.03,0.38,2.42,0.0,0.0,4.72,7.56,6.76,7.04,9.16,11.76,9.28,1.81,1.81,3,2017,0.0,7.4958677685950414,18.14
2017-06-30,225.46,28.72,3.8305591122492526,7.0,81.29,37.14999999999999,39.1,182.0,0.0,188.3,81.29,125.13,305.48,0.0,621.41,196.62,1511.99,0.0,329.46,361.2,55.48,416.68,75.0,1045.58,37.47,40.800000000000004,-61.06,1.9499999999999997,11.87816155988858,13.05,0.4,6.25,7.0,1.12,7.599829278702518,10.909432351685872,10.982979086641059,11.399743918053778,13.704208279982927,13.2,11.13,1.72,1.72,6,2017,52.483200000000004,7.4976,46.86
2017-09-30,169.89999999999998,31.040000000000006,4.13999486521181,-5.750962772883498e-06,118.28,41.89,43.44,187.5,0.0,128.0,118.28,142.33,266.51,0.0,613.24,194.9,1541.2,0.0,285.1,322.38,62.56,384.94,75.0,1102.14,14.530000000000001,2.6599999999999966,0.0,1.5500000000000003,11.324863079896907,12.76,0.35,10.39,7.0,0.67,8.048883183568678,11.23655969191271,11.26843645699615,11.746587933247755,13.898269576379978,14.55,13.18,1.9,1.9,9,2017,-4.311838306136906e-05,7.497593840230992,77.9
