,revenue,net_profit,eps,dps,gross_profit,ebit,ebitda,close_price,allowance_doubtful_accounts,expense,operating_profit,cash,account_receivable,inventory,current_asset,property_plant_equipment,total_asset,short_term_loan,account_payable,current_portion_long_term_debt,current_liability,non_current_liability,total_liability,paid_in_capital,total_equity,cash_flow_operation,cash_flow_investment,cash_flow_financing,depreciation,P/E,P/BV,D/E,EPS,DPS,DPR%,ROA%,ROAA%,ROE%,ROAE%,ROCE%,NPM%,NPMA%,TIE,CurrentRatio,QuickRatio,month,year,dividend,number_of_shares,return_old
2000-03-31,627.86,105.79,2.2,0.0,165.06,124.67,170.73,21.25,0.0,503.2,124.3,128.16,584.14,246.67,991.55,1478.9,2473.28,1000.02,376.61,25.96,1446.05,22.17,1468.22,480.0,1005.07,113.74,-6.7,-28.78,46.06,2.415,10.15,1.46,2.2,0.0,0.0,17.12,0.0,42.12,0.0,48.56,16.88,16.85,0.0,0.69,0.52,3,2000,0.0,48.086363636363636,105.79
2000-06-30,570.4999999999999,77.32000000000001,1.6088100049150784,0.0,140.87,96.24,141.95000000000002,22.75,0.0,474.25000000000006,96.67,199.88,607.51,238.86,1119.19,1454.89,2576.53,1023.3,395.25,47.09,1494.14,0.0,1494.14,480.0,1082.39,138.76,-85.89999999999999,18.86,45.709999999999994,3.5345534790481112,10.09,1.38,3.81,0.0,0.0,12.009069957948775,0.0,28.578546229042654,0.0,34.47329364862651,15.3,15.28,0.0,0.75,0.59,6,2000,0.0,48.06036745406824,183.11
2000-09-30,505.6600000000001,34.79999999999998,0.7250332706163092,0.0,112.93,56.31000000000003,101.86000000000001,19.5,0.0,449.3599999999999,66.98999999999998,131.24,550.85,261.33,1077.86,1540.68,2620.92,1053.66,344.53,47.85,1503.73,0.0,1503.73,480.0,1117.19,82.75999999999999,-180.9,29.5,45.55,6.7314152298850605,8.38,1.35,4.54,0.0,0.0,5.308393373411039,0.0,12.462906704602814,0.0,15.848524620256061,12.8,12.79,0.0,0.72,0.54,9,2000,0.0,47.997797356828194,217.91
2000-12-31,592.9000000000001,50.880000000000024,1.0600394359909227,0.0,140.41999999999996,89.32,135.32,21.0,0.0,503.57000000000016,82.60000000000002,123.39,627.45,294.24,1172.0,1525.72,2700.02,1017.29,448.34,26.76,1531.94,0.0,1531.94,480.0,1168.08,97.07999999999998,-49.06,-55.86,46.0,4.952645931603771,8.63,1.31,5.6,0.0,0.0,7.5414234160497085,0.0,17.42250530153652,0.0,23.760026786710824,11.71,11.7,0.0,0.77,0.57,12,2000,0.0,47.99821428571429,268.79
2001-03-31,844.48,111.99,2.33,0.0,226.6,178.54,224.4,22.75,0.0,665.94,175.02,123.1,837.82,314.73,1407.8,1501.43,2911.44,702.41,526.4,0.02,1427.38,300.0,1727.38,480.0,1184.07,63.57,-22.24,-41.62,45.86,2.44,9.22,1.46,2.33,0.0,0.0,15.4,26.52,37.84,40.92,48.12,13.33,13.26,0.0,0.99,0.77,3,2001,0.0,48.06437768240343,111.99
2001-06-30,688.3699999999999,77.01,1.6053936507936508,2.0,171.07000000000002,128.75000000000003,174.79999999999998,33.0,0.0,559.6199999999999,123.00999999999996,180.14,732.74,276.13,1369.77,1535.85,2907.84,610.91,393.35,0.01,1146.77,500.0,1646.77,480.0,1261.07,155.63,-111.09000000000002,12.499999999999996,46.05,5.141604986365407,12.56,1.31,3.94,2.0,0.51,10.593968253968255,18.270520634920636,24.431320634920638,26.28933968253968,28.44073015873016,12.42,12.33,0.0,1.19,0.95,6,2001,95.93908629441624,47.96954314720812,189.0
2001-09-30,586.9700000000003,44.5,0.9262098501070665,1.5031522081761757,121.15000000000003,81.63,129.96999999999997,32.0,0.0,505.34000000000015,65.09000000000003,88.83,617.18,296.13,1068.71,2109.47,3180.4,684.78,392.92,0.0,1246.82,700.0,1946.82,480.0,1233.57,98.68,-391.8499999999999,201.86,48.34,8.631629213483146,12.45,1.58,4.86,3.5,0.72,5.595374732334047,10.222612419700214,14.430578158458243,15.147152034261243,15.330107066381156,11.17,11.02,0.0,0.86,0.62,9,2001,72.21934991957552,48.04526748971193,233.5
2001-12-31,485.15999999999985,11.77000000000001,0.24521833081909752,-0.0034435889162880927,78.56999999999994,34.65999999999997,81.0,36.0,0.0,450.50999999999976,30.269999999999982,66.94,523.36,315.76,970.52,2279.53,3252.26,765.0,408.96,0.0,1306.92,700.0,2006.92,480.0,1245.34,137.32999999999998,-239.44000000000005,80.22,46.34,36.72798428207304,13.88,1.61,5.11,3.5,0.68,1.447316019081014,2.731473070493744,3.781449015370819,3.9023786031720173,4.1787890895747575,9.54,9.42,0.0,0.74,0.5,12,2001,-0.16528552906027016,47.99804305283757,245.27
2002-03-31,758.15,66.23,1.38,0.0,176.02,105.67,153.04,40.0,0.0,652.48,103.54,35.3,759.43,398.58,1252.11,2361.88,3616.21,1020.2,466.51,0.0,1676.64,700.0,2376.64,480.0,1239.57,-123.03,-163.82,255.2,47.37,7.2475,15.49,1.92,1.38,0.0,0.0,7.32,12.96,21.36,21.88,21.8,8.77,8.74,0.0,0.75,0.51,3,2002,0.0,47.99275362318841,66.23
2002-06-30,771.42,73.08999999999999,1.5213967843812801,1.5,181.65,114.61,167.39000000000001,41.0,0.0,656.81,115.23,9.4,839.79,332.34,1228.06,2374.44,3604.7,1170.16,314.04,0.0,1592.03,700.0,2292.03,480.0,1312.67,-7.859999999999985,-96.0,77.96000000000004,52.78000000000001,6.73821589820769,14.99,1.75,2.9,1.5,0.52,8.100126327878264,14.185713465403387,22.264855010048805,22.7265202411714,22.957352856732697,9.13,9.11,0.0,0.77,0.56,6,2002,72.06206896551724,48.04137931034483,139.32
2002-09-30,484.03999999999996,6.420000000000016,0.1339151914368056,-0.0031473147740662534,75.25,26.150000000000006,85.21999999999997,37.0,0.0,457.8800000000001,31.899999999999977,131.36,548.03,351.55,1106.74,2347.96,3456.88,1080.0,296.88,0.0,1437.8,700.0,2137.8,480.0,1319.08,269.96,-57.829999999999984,-90.16000000000003,59.06999999999999,69.06759345794376,13.46,1.62,3.04,1.5,0.49,0.743581720872789,1.3091972004940335,1.9470564018114498,2.012251955537263,2.151453272951837,7.24,7.24,0.0,0.77,0.53,9,2002,-0.15088475499092624,47.94078947368421,145.74
2002-12-31,560.99,32.66999999999999,0.6811972423070454,1.2505907445593973,119.19999999999999,60.589999999999975,126.84000000000003,37.0,0.0,500.40999999999985,58.62000000000003,32.23,623.22,436.04,1131.0,2476.18,3609.35,1140.0,413.91,0.0,1617.6,700.0,2317.6,480.0,1291.75,51.19,-150.33000000000004,0.0,66.25,13.584171258034898,13.75,1.79,3.72,2.75,0.74,3.618402555910542,6.555607869514038,10.115412813183115,10.298530351437696,11.287365058012439,6.94,6.93,0.0,0.7,0.43,12,2002,59.97792869269948,47.95967741935483,178.41
2003-03-31,924.12,89.7,1.87,0.0,207.43,136.81,209.96,32.0,0.0,787.31,134.38,70.32,937.34,520.63,1565.92,2434.43,4002.53,1340.92,490.58,0.0,1981.07,700.0,2681.07,480.0,1321.46,-119.14,-43.69,200.92,73.15,4.2775,11.62,2.03,1.87,0.0,0.0,8.96,14.36,27.16,28.0,27.08,9.74,9.71,0.0,0.79,0.53,3,2003,0.0,47.967914438502675,89.7
2003-06-30,827.7299999999999,62.519999999999996,1.3019865983445011,1.25,164.17000000000002,101.12,172.93999999999997,38.0,0.0,726.6100000000001,94.70000000000002,62.28,895.64,529.36,1531.04,2434.74,3967.95,1330.21,430.25,200.0,2083.98,500.0,2583.98,480.0,1383.98,134.69,-72.03,-70.70999999999998,71.82,7.298135796545106,13.18,1.87,3.17,1.25,0.39,6.308679542767047,10.317319668900275,18.07173827355144,18.548175009854155,20.749641308632242,8.75,8.69,0.0,0.73,0.48,6,2003,60.02365930599369,48.018927444794954,152.22
2003-09-30,564.5900000000001,17.27000000000001,0.35968552716974467,-0.00012400348196173726,82.07999999999998,38.31999999999999,113.20000000000005,43.0,0.0,526.26,33.369999999999976,73.33,674.0,396.55,1175.45,2500.13,3677.65,980.0,220.33,200.0,1476.41,800.0,2276.41,480.0,1401.25,198.7,-137.44,-50.21000000000001,74.88,29.884021424435417,14.73,1.62,3.53,1.25,0.35,1.878923830314474,3.154635671721047,4.9316655849902675,5.078392825535433,5.115074635671724,7.37,7.32,0.0,0.8,0.53,9,2003,-0.005953923557420637,48.014164305949016,169.49
2003-12-31,692.52,26.840000000000003,0.559138185707737,1.4996948249673288,111.52000000000004,50.55000000000001,127.45999999999992,40.0,0.0,641.97,47.43000000000001,93.85,745.82,565.28,1433.95,2476.15,3912.17,935.04,521.21,200.0,1756.09,800.0,2556.09,480.0,1356.08,198.82999999999998,-61.34,-116.96000000000001,76.91,17.884755961251862,14.16,1.88,4.09,2.75,0.67,2.7451087454795498,4.751991035501452,7.918162277797586,8.109554321805124,8.29000967758366,6.57,6.52,0.0,0.82,0.49,12,2003,71.98901833394515,48.002444987775064,196.33
2004-03-31,1141.65,98.36,2.05,0.0,205.28,139.95,215.8,39.0,0.0,1001.7,136.72,84.33,1148.3,783.15,2037.07,2460.32,4499.47,1060.88,854.88,200.0,2317.03,800.0,3117.03,480.0,1382.44,-82.37,-52.98,125.84,75.85,4.755,13.54,2.25,2.05,0.0,0.0,8.76,13.160000000000002,28.440000000000005,29.12,25.64,8.65,8.62,0.0,0.88,0.54,3,2004,0.0,47.98048780487805,98.36
2004-06-30,1272.21,77.39999999999999,1.6117660446062811,1.5,194.19000000000003,114.63000000000002,190.08999999999997,40.0,0.0,1157.5800000000002,128.89000000000001,124.43,1292.11,801.5,2221.94,2519.68,4743.7,1531.61,686.49,0.0,2383.86,900.0,3283.86,480.0,1459.84,-162.15,-96.5,298.73,75.46000000000001,6.204963824289406,13.15,2.25,3.66,1.5,0.41,6.535138825671369,10.287118798361401,21.208375056895765,21.772052799271734,19.006508875739645,7.28,7.28,0.0,0.93,0.6,6,2004,72.0327868852459,48.021857923497265,175.76
2004-09-30,1037.0899999999997,52.45000000000002,1.0917028175802992,1.5006978760574998,146.90999999999997,82.23999999999998,155.63,40.5,0.0,954.8499999999999,82.06,109.4,1059.68,744.01,1921.03,2496.86,4420.44,1331.53,544.77,200.0,2180.16,800.0,2980.16,480.0,1440.29,214.67000000000002,-57.60000000000002,-172.09,73.38999999999999,9.278509532888462,13.5,2.07,4.75,3.0,0.63,4.743736032601553,7.648814688225759,14.562166425660578,14.764418737128087,13.817510187984754,6.62,6.61,0.0,0.88,0.54,9,2004,72.09984469370148,48.044210526315794,228.21
2004-12-31,1128.63,36.359999999999985,0.7572423177230976,-0.0017416940696224033,130.58000000000004,63.98000000000002,137.86,44.0,0.0,1064.6599999999999,61.139999999999986,74.4,1227.85,811.09,2138.84,2480.29,4621.36,1371.48,660.95,200.0,2344.7,800.0,3144.7,480.0,1476.65,8.200000000000003,-83.16,39.96000000000001,73.88,14.534614273927398,14.3,2.13,5.51,3.0,0.54,3.14441093094455,5.161891370903729,9.851021657784326,10.268810522735,9.675110556752463,5.78,5.78,0.0,0.91,0.57,12,2004,-0.08362976406533562,48.01633393829401,264.57
2005-03-31,1473.93,120.32,2.51,0.0,243.94,171.1,246.22,44.5,0.0,1302.83,164.13,112.0,1582.92,873.89,2594.21,2426.92,5023.35,1425.42,857.65,500.0,3017.57,500.0,3517.57,480.0,1505.78,-1.56,-14.76,53.92,75.12,4.4325,14.19,2.34,2.51,0.0,0.0,9.6,14.36,31.959999999999997,33.32,34.12,8.21,8.16,0.0,0.86,0.57,3,2005,0.0,47.93625498007968,120.32
2005-06-30,1386.51,97.37,2.030684918921402,1.9,200.29000000000002,142.87000000000003,220.85999999999999,45.0,0.0,1243.6399999999999,141.38,129.14,1460.24,832.03,2438.87,2413.53,4854.62,1326.06,772.33,500.0,2751.47,500.0,3251.47,480.0,1603.14,273.14,-65.46,-190.54000000000002,77.99000000000001,5.538943976584163,13.47,2.03,4.54,1.9,0.42,8.01539069318756,11.701039092287198,24.296653038724795,25.4238173549543,26.712005144930867,7.64,7.61,0.0,0.89,0.58,6,2005,91.10374449339207,47.94933920704846,217.69
2005-09-30,968.23,-36.75999999999999,-0.7659603161443651,0.0016906165915651908,18.66999999999996,-26.710000000000036,53.64000000000004,47.5,0.0,994.94,-32.93000000000001,55.39,1109.69,816.17,2008.81,2471.67,4482.7,1286.0,535.31,350.0,2266.32,650.0,2916.32,480.0,1566.38,73.48000000000002,-107.16999999999999,-40.06,80.35,-15.504066920565835,14.56,1.86,3.77,1.9,0.5,-3.283267562040567,-5.24185043939645,-9.386569391477364,-9.784787486873372,-10.532462278229147,4.75,4.73,0.0,0.89,0.53,9,2005,0.0811361432127029,47.9920424403183,180.93
2005-12-31,1210.8199999999997,8.340000000000003,0.17361229988904744,1.5018205224905015,100.62,33.620000000000005,114.45999999999992,40.5,0.0,1177.21,31.94999999999999,2.93,1275.4,999.13,2321.9,2414.21,4748.15,1298.73,877.04,350.0,2595.43,650.0,3245.43,480.0,1502.72,143.06,-49.73000000000002,-145.79000000000002,80.84,58.324208633093505,12.94,2.16,3.94,3.4,0.86,0.7032620066571568,1.207354572832462,2.2208273894436528,2.24021556506578,2.6279790775083223,3.77,3.76,0.0,0.89,0.51,12,2005,72.14456098776073,48.038071065989854,189.27
2006-03-31,1421.14,6.84,0.14,0.0,92.6,36.24,119.04,38.5,0.0,1384.9,28.03,148.05,1419.53,1202.25,2797.91,2353.82,5163.77,1691.02,980.46,50.0,2804.21,850.0,3654.21,480.0,1509.56,-68.54,-43.6,257.27,82.8,68.75,12.24,2.42,0.14,0.0,0.0,0.52,2.84,1.7999999999999998,1.7999999999999998,6.16,0.48,0.48,0.0,1.0,0.57,3,2006,0.0,48.857142857142854,6.84
2006-06-30,1929.55,3.0600000000000005,0.06490909090909092,1.5,129.04,33.98,117.99999999999999,32.0,0.0,1895.5699999999997,27.9,119.75,1854.74,1006.3,3009.19,2287.64,5308.86,1781.0,1070.31,50.0,3018.24,850.0,3868.24,480.0,1440.62,-8.559999999999988,-15.899999999999999,-3.859999999999985,84.02,123.24852941176468,10.66,2.69,0.21,1.5,7.14,0.23490909090909093,1.7061818181818182,0.8530909090909091,0.8036363636363638,3.795636363636364,0.3,0.3,0.0,1.0,0.66,6,2006,70.71428571428572,47.142857142857146,9.9
2006-09-30,1610.0800000000004,17.490000000000002,0.3639759036144578,1.0283993115318417,109.94999999999999,56.040000000000006,141.4,29.5,0.0,1554.0300000000002,52.949999999999996,119.01,1645.95,1326.58,3095.6,2339.96,5447.59,1821.0,1148.72,250.0,3337.68,699.8,4037.48,480.0,1410.11,93.36999999999999,-97.25,3.1599999999999966,85.36000000000001,20.26061320754717,10.04,2.86,0.57,2.5,4.39,1.2771084337349399,6.4877108433734945,4.955180722891567,4.699759036144578,15.274216867469882,0.55,0.55,0.0,0.93,0.53,9,2006,49.41729323308272,48.05263157894738,27.39
2006-12-31,1769.6399999999994,17.75,0.3696278245458573,-0.0016323484830818194,119.44,61.14,142.94,31.0,0.0,1708.5100000000002,51.22,13.53,1797.92,1394.47,3221.2,2310.96,5544.2,2001.0,1068.53,250.0,3416.53,699.8,4116.33,480.0,1427.87,-198.83,-63.620000000000005,156.97000000000003,81.80000000000001,20.96784788732394,10.42,2.88,0.94,2.5,2.66,1.2740363314133805,5.725299069561365,4.970314576871955,4.844483828090385,13.857111209570226,0.67,0.67,0.0,0.94,0.53,12,2006,-0.07838745800671632,48.02127659574469,45.14
2007-03-31,2446.58,67.32,1.4,0.5,197.6,133.87,216.24,26.0,0.0,2312.7,113.36,35.54,2333.82,1165.97,3545.91,2267.09,5825.03,2127.0,1138.06,290.0,3670.04,659.8,4329.84,480.0,1495.19,1.01,-52.34,73.33,82.37,4.6425,8.35,2.9,1.4,0.5,0.36,4.64,9.76,18.0,17.92,24.84,2.78,2.75,0.0,0.97,0.65,3,2007,24.04285714285714,48.08571428571428,67.32
2007-06-30,2253.1499999999996,-28.029999999999994,-0.584998727411555,-0.0017852597898410734,63.52000000000001,-3.569999999999993,76.87,30.75,12.0,2256.7300000000005,-4.560000000000002,143.19,2199.14,1025.52,3377.22,2204.98,5585.4,1930.0,1136.46,290.0,3482.44,659.8,4142.24,480.0,1443.16,375.07,-18.89999999999999,-248.51999999999998,80.44,-13.141054227613274,10.23,2.87,0.82,0.5,0.61,-1.9975566301857974,-6.82022906592008,-7.7619343344362415,-7.7619343344362415,-17.692644438788495,0.84,0.84,0.0,0.97,0.68,6,2007,-0.08554006968640948,47.91463414634146,39.29
2007-09-30,1714.4700000000003,-32.37,-0.6548843930635838,0.5153143944734244,47.99000000000001,-19.580000000000013,60.20999999999998,29.0,3.9,1734.0499999999993,-24.86,69.11,1679.32,1001.75,2772.19,2161.5,4937.14,1615.0,936.1,429.9,3080.46,469.9,3550.36,480.0,1386.78,380.82,-30.150000000000006,-424.73999999999995,79.78999999999999,-11.070503552672228,10.04,2.56,0.14,1.0,7.14,-2.6195375722543357,-39.85439306358381,-9.355491329479769,-9.168381502890174,-111.51745664739883,0.11,0.11,0.0,0.9,0.57,9,2007,25.471254355400692,49.42857142857142,6.92
2007-12-31,1677.7600000000002,13.67,0.2854832442933463,-0.03226254076181219,117.55000000000001,50.33000000000001,129.03000000000003,24.0,0.0,1627.4400000000005,33.64,57.88,1678.61,1040.66,2785.73,2091.6,4879.72,1536.0,995.18,429.9,3009.37,469.9,3479.27,480.0,1400.45,97.71000000000004,-17.400000000000006,-91.53000000000009,78.70000000000002,21.015506583760057,8.23,2.48,0.43,1.0,2.33,1.1153763963088879,8.205983487129673,3.9038173870811073,3.8772608062166096,22.8652161243322,0.26,0.25,0.0,0.93,0.58,12,2007,-1.5448504983388673,47.883720930232556,20.59
2008-03-31,2221.94,53.18,1.11,0.5,143.57,99.07,170.46,23.0,0.0,2122.87,67.56,15.49,2105.12,1035.0,3167.15,2037.27,5206.85,1575.0,1216.93,429.9,3323.32,429.9,3753.22,480.0,1453.63,8.75,-16.07,-35.06,71.39,5.18,7.59,2.58,1.11,0.5,0.45,4.08,7.199999999999999,14.639999999999999,14.440000000000001,21.04,2.43,2.39,0.0,0.95,0.64,3,2008,23.954954954954953,47.909909909909906,53.18
2008-06-30,2122.2000000000003,6.979999999999997,0.1450299202127659,0.002265729825570289,122.56,33.129999999999995,103.16999999999999,23.0,0.0,2089.0699999999997,51.92,65.98,2035.15,841.75,2957.43,1984.75,4944.66,1325.0,1200.31,529.9,3178.14,329.9,3508.04,480.0,1436.62,359.7,-18.509999999999998,-290.71,70.04,39.64699140401148,7.68,2.44,1.25,0.5,0.4,0.566196808510638,1.1648803191489356,1.9445611702127654,1.9399202127659565,3.4714361702127645,1.39,1.38,0.0,0.93,0.67,6,2008,0.10904504504504686,48.128,60.16
2008-09-30,1511.42,14.840000000000003,0.3086720000000001,0.49946879999999994,66.29000000000002,28.160000000000025,98.85000000000002,16.7,0.0,1483.2600000000002,7.939999999999998,31.56,1392.32,860.67,2291.21,1934.96,4234.75,1250.0,709.08,429.9,2467.29,340.0,2807.29,480.0,1427.46,203.57,-18.260000000000005,-219.73000000000002,70.69,13.531839622641508,5.62,1.97,1.56,1.0,0.64,1.4008960000000004,2.7701333333333342,4.155200000000002,4.218517333333335,7.178602666666668,1.29,1.28,0.0,0.93,0.58,9,2008,24.012923076923073,48.07692307692307,75.0
2008-12-31,1370.6299999999992,-1.0600000000000023,-0.022077360021639215,-0.0013316410395122415,87.21999999999997,20.17999999999998,91.00999999999999,13.9,0.0,1350.4499999999998,27.320000000000007,69.49,1279.83,710.19,2075.29,1893.38,3978.68,1089.0,654.72,529.9,2312.28,240.0,2552.28,480.0,1426.4,245.03999999999996,-31.89999999999999,-175.22000000000003,70.82999999999998,-157.4712735849053,4.68,1.79,1.54,1.0,0.65,-0.10665945361103622,-0.23396267243711166,-0.2970408439275094,-0.2999080335407094,-0.6210332702190979,1.03,1.02,0.0,0.9,0.59,12,2008,-0.06393606393606177,48.01298701298701,73.94
2009-03-31,840.18,-103.69,-2.16,0.5,-41.29,-86.65,-16.4,12.3,0.0,926.83,-87.41,17.77,751.79,619.51,1413.08,1831.61,3254.18,766.0,401.13,529.9,1731.48,200.0,1931.48,480.0,1322.7,346.54,-8.47,-389.79,70.25,-1.4225,4.46,1.46,-2.16,0.5,-0.23,-12.76,-8.2,-31.36,-29.88,-22.76,-12.44,-12.34,0.0,0.82,0.46,3,2009,24.002314814814813,48.004629629629626,-103.69
2009-06-30,983.2000000000002,-71.34,-1.4876935382505856,-0.0005339031827347473,11.77,-57.56999999999999,14.919999999999998,14.0,0.0,1040.7599999999998,-34.72,77.95,893.08,461.35,1447.62,1771.88,3227.75,917.0,375.91,429.9,1800.39,200.0,2000.39,480.0,1227.36,51.96999999999997,-12.769999999999998,20.980000000000018,72.49000000000001,-2.355323801513877,5.48,1.63,-3.65,0.5,-0.14,-8.836492029937725,-5.755132263040622,-23.248777923784495,-21.422786950808433,-16.466525738444837,-9.64,-9.6,-4.39,0.8,0.55,6,2009,-0.025602486047688444,47.95342465753425,-175.03
2009-09-30,1003.8499999999999,-50.16999999999999,-1.0448370337477797,0.0006626073627094663,26.47,-38.129999999999995,35.44,13.5,0.0,1041.9800000000002,-35.25,32.08,844.8,638.31,1528.8,1642.9,3246.09,1053.0,503.97,140.0,1768.9,300.0,2068.9,480.0,1177.2,41.19,-10.740000000000002,-76.32,73.57,-3.231891568666534,5.5,1.76,-4.69,0.5,-0.11,-6.184365896980461,-4.348660746003552,-17.04710657193605,-15.407447602131436,-10.996408525754882,-7.99,-7.97,-3.3,0.86,0.5,9,2009,0.03181645588106008,48.01705756929637,-225.2
2009-12-31,1152.15,-10.02000000000001,-0.2087322506589578,-0.00013515451397041675,49.8,0.5900000000000034,73.60999999999999,16.2,0.0,1151.5700000000002,0.9499999999999886,41.31,986.19,539.48,1569.5,1572.57,3216.98,1205.0,358.58,140.0,1749.81,300.0,2049.81,480.0,1167.17,-134.93,-3.2799999999999976,147.44,73.01999999999998,-19.42560379241515,6.66,1.76,-4.9,0.5,-0.1,-1.245577756993454,-0.8604880537369279,-3.4334325312473464,-3.0909412464926485,-2.1111776209506017,-5.93,-5.91,-3.04,0.9,0.59,12,2009,-0.0064879683216574335,48.004081632653055,-235.22
2010-03-31,1635.08,21.65,0.45,0.0,96.37,39.18,109.21,12.5,0.0,1595.9,33.52,114.8,1434.56,563.57,2121.32,1506.45,3710.7,1262.0,728.09,118.24,2185.4,336.48,2521.88,480.0,1188.82,29.59,-11.95,55.84,70.03,6.945,5.05,2.12,0.45,0.0,0.0,2.32,4.52,7.28,6.88,10.28,1.33,1.32,2.47,0.97,0.71,3,2010,0.0,48.11111111111111,21.65
2010-06-30,1787.4099999999999,42.660000000000004,0.8888881977919454,0.0,134.96,68.03,136.17000000000002,14.7,0.0,1719.38,69.96000000000001,103.1,1476.94,887.49,2474.79,1441.88,4002.55,1254.0,952.52,118.24,2434.59,336.48,2771.07,480.0,1231.48,8.459999999999997,-6.510000000000002,-13.64,68.13999999999999,4.134321964369433,5.73,2.25,1.34,0.0,0.0,4.271970144612036,7.880590887886799,13.850735499922253,13.877269475975742,18.149239620587778,1.89,1.88,4.98,1.02,0.65,6,2010,0.0,47.992537313432834,64.31
2010-09-30,1546.08,3.5999999999999943,0.07474598733618013,0.0,61.12999999999997,-6.939999999999998,60.14999999999998,19.1,0.0,1553.02,-4.540000000000006,35.06,1258.99,634.61,1932.27,1409.58,3432.13,1360.0,376.6,318.24,2169.69,27.36,2197.05,480.0,1235.08,-12.539999999999996,-38.75,-16.750000000000004,67.09,63.90142361111121,7.42,1.78,1.41,0.0,0.0,0.4198498012074799,0.6361360624355755,1.166249447798555,1.19381534383743,1.6836401119128233,1.37,1.37,2.85,0.89,0.6,9,2010,0.0,48.163120567375884,67.91
2010-12-31,1850.9500000000007,14.070000000000007,0.29348255672115164,0.0,111.55000000000001,24.14,93.82000000000005,17.0,0.0,1826.8099999999995,32.77000000000001,24.04,1590.72,769.78,2389.33,1345.9,3821.09,1453.0,706.48,318.24,2544.57,27.36,2571.93,480.0,1249.16,-83.85000000000001,-12.330000000000005,85.16,69.68,14.479054726368153,6.53,2.06,1.71,0.0,0.0,1.4759941449133942,2.430241522322519,4.50349841424738,4.661395462307882,6.69346181995609,1.21,1.2,2.89,0.94,0.64,12,2010,0.0,47.94152046783626,81.98
2011-03-31,2207.84,40.93,0.85,0.0,123.95,56.52,124.3,16.9,0.0,2151.32,43.55,101.97,1842.29,858.02,2830.18,1292.29,4200.22,1238.0,944.36,409.12,2686.79,329.16,3015.95,480.0,1184.28,25.73,-6.06,58.26,67.78,4.97,6.85,2.55,0.85,0.0,0.0,3.8800000000000003,5.72,13.84,13.8,14.92,1.86,1.85,3.21,1.05,0.73,3,2011,0.0,48.15294117647059,40.93
2011-06-30,2162.6499999999996,34.660000000000004,0.7198862283370817,1.0,127.83999999999999,51.35999999999999,120.21,18.7,0.0,2111.2899999999995,55.540000000000006,77.69,1947.66,1104.9,3154.61,1227.06,4462.36,1474.0,967.34,418.24,2961.49,329.93,3291.42,480.0,1170.94,-194.16,-6.56,176.43,68.85,6.493630265435661,7.67,2.81,1.57,1.0,0.64,3.099637518190237,4.676967852890594,11.848318560656173,11.5365207037968,13.187215240111128,1.73,1.73,3.7,1.07,0.69,6,2011,48.146496815286625,48.146496815286625,75.59
2011-09-30,1886.37,-4.230000000000004,-0.08832258968609874,-0.005301012538916388,83.51000000000002,15.310000000000002,84.82,17.1,0.0,1871.0700000000006,6.780000000000001,160.08,1647.01,1067.9,2877.06,1216.47,4181.64,1411.0,496.94,118.24,2097.91,917.03,3014.94,480.0,1166.71,-46.109999999999985,-66.36,194.87,69.50999999999999,-48.41683215130019,7.04,2.58,1.49,1.0,0.67,-0.40545403587443984,-0.7682286995515704,-1.4510986547085214,-1.408419282511212,-1.4013060538116604,1.14,1.14,2.2,1.37,0.86,9,2011,-0.25387936562219693,47.89261744966443,71.36
2011-12-31,1219.0300000000007,-48.599999999999994,-1.0036028119507905,0.011004824194100293,26.430000000000007,-30.069999999999993,39.370000000000005,17.2,0.0,1249.0900000000001,-33.17,13.44,1126.15,1155.13,2307.77,1155.94,3549.33,779.29,398.98,118.24,1365.53,1065.69,2431.22,480.0,1118.1,349.56,-6.3999999999999915,-489.8,69.44,-4.285061728395062,7.38,2.17,0.47,1.0,2.13,-5.466432337434094,-21.60949033391915,-17.424253075571173,-16.39929701230228,-36.385940246045685,0.31,0.3,1.46,1.69,0.84,12,2011,0.5329144652291973,48.425531914893625,22.76
2012-03-31,1741.69,-35.5,-0.74,0.0,32.55,-18.73,48.24,17.0,0.0,1760.42,-25.43,59.38,1541.31,925.02,2538.24,1134.4,3752.84,958.0,513.83,118.24,1660.62,1009.62,2670.24,480.0,1082.6,-10.68,-40.01,96.63,66.97,-5.7425,7.54,2.47,-0.74,0.0,0.0,-3.8,-1.8800000000000001,-13.12,-12.52,-3.6,-2.05,-2.04,-0.82,1.53,0.97,3,2012,0.0,47.972972972972975,-35.5
2012-06-30,1922.94,16.91,0.3547552447552448,0.25,90.39,33.74,100.14999999999998,14.0,0.0,1889.1999999999998,19.27,268.69,1656.02,769.48,2701.94,1088.98,3867.64,786.0,767.84,118.24,1769.28,1010.86,2780.13,480.0,1087.51,418.68,-15.330000000000005,-194.04,66.41,9.866661738616203,6.18,2.56,-0.39,0.25,-0.64,1.7464873587950511,-1.3098655190962882,6.22186121570737,6.003550295857988,-2.6197310381925765,-0.51,-0.51,0.45,1.53,1.09,6,2012,11.916666666666666,47.666666666666664,-18.59
2012-09-30,1567.1599999999999,5.67,0.11849071207430341,0.00096749226006191,69.97999999999999,20.11,81.54000000000002,14.5,0.0,1547.0500000000002,9.46,221.04,1316.61,559.81,2116.74,1041.49,3229.5,478.0,471.24,109.12,1171.55,964.76,2136.32,480.0,1093.18,366.12,-8.469999999999999,-405.31000000000006,61.43000000000001,30.591005291005295,6.37,1.95,-0.27,0.25,-0.93,0.7021671826625387,-1.6676470588235295,2.071393188854489,2.001176470588235,-3.001764705882353,-0.25,-0.25,0.67,1.81,1.33,9,2012,0.046296296296295836,47.85185185185185,-12.92
2012-12-31,1595.8900000000003,-1.0099999999999998,-0.021026561378320166,0.000950519794740926,78.58000000000001,11.160000000000004,67.94999999999999,15.5,0.0,1584.7200000000003,16.13,2.92,1365.74,778.3,2173.1,1002.67,3236.21,209.0,719.34,109.12,1177.7,967.33,2145.02,480.0,1091.18,-39.77999999999997,-6.75,-171.57999999999993,56.78999999999999,-184.29665841584162,6.82,1.97,-0.29,0.25,-0.86,-0.12470926058865754,0.3944292893036611,-0.37122756640344573,-0.3654271356783919,0.652548456568557,-0.2,-0.2,0.78,1.85,1.18,12,2012,0.04565772669221069,48.03448275862069,-13.93
2013-03-31,1749.32,14.88,0.31,0.0,93.54,31.2,81.89,14.5,0.0,1718.12,29.79,125.46,1600.19,648.18,2384.83,962.26,3445.13,109.0,611.15,100.0,1375.82,917.07,2292.89,480.0,1152.24,-90.04,-5.39,217.97,50.69,11.6925,6.04,1.99,0.31,0.0,0.0,1.72,3.48,5.16,5.32,6.04,0.85,0.85,1.68,1.73,1.26,3,2013,0.0,48.0,14.88
2013-06-30,1734.72,13.299999999999999,0.27845990063875087,0.0,100.04,28.59,79.7,14.7,0.0,1706.13,16.259999999999998,156.53,1508.56,615.78,2303.5,922.69,3315.72,59.0,632.14,100.0,1230.59,919.58,2150.17,480.0,1165.55,241.22000000000003,-6.03,-204.11,51.11,13.200105263157898,6.05,1.84,0.59,0.0,0.0,1.6046841731724626,3.1338537970191624,4.5686302342086575,4.719659332860185,5.418168914123491,0.81,0.81,2.43,1.87,1.37,6,2013,0.0,47.76271186440678,28.18
2013-09-30,1483.9300000000003,-24.33,-0.5055584415584415,0.0,72.31999999999996,-13.509999999999998,37.66,14.9,0.0,1497.4399999999996,-13.919999999999995,13.57,1228.74,607.36,1893.22,883.57,2860.06,262.87,317.42,700.0,1445.89,272.96,1718.84,480.0,1141.21,10.579999999999984,-6.000000000000002,-147.55,51.17,-7.368089806822853,6.27,1.51,0.08,0.0,0.0,-3.28612987012987,-38.422441558441555,-8.594493506493507,-8.594493506493507,-82.65880519480518,0.08,0.08,1.14,1.31,0.89,9,2013,0.0,48.125,3.85
2013-12-31,1505.9899999999998,30.199999999999996,0.6297209985315712,0.0,87.25,48.25,97.47000000000003,13.6,0.0,1457.7400000000007,22.46,153.27,1292.19,745.02,2268.38,852.44,3190.48,395.0,531.85,848.44,1892.49,126.57,2019.06,480.0,1171.42,10.480000000000018,-11.899999999999999,141.12,49.22,5.397826986754967,5.57,1.72,0.71,0.0,0.0,3.796064610866373,10.430308370044052,10.323876651982378,10.678649045521292,25.827430249632894,0.53,0.53,2.09,1.2,0.8,12,2013,0.0,47.95774647887324,34.05
2014-03-31,1832.45,32.71,0.68,0.0,100.87,51.6,97.96,15.7,0.0,1780.85,50.2,84.4,1571.03,629.07,2377.47,811.8,3248.59,406.0,623.65,798.95,1916.56,127.9,2044.46,480.0,1204.13,31.8,-0.58,-100.1,46.36,5.7725,6.26,1.7,0.68,0.0,0.0,4.04,6.16,10.88,11.12,15.48,1.79,1.79,3.21,1.24,0.91,3,2014,0.0,48.10294117647059,32.71
2014-06-30,1678.2899999999997,16.22,0.3381238503985285,0.37999999999999995,90.68,29.729999999999997,73.26,19.6,0.0,1648.5500000000002,20.78,7.69,1427.55,710.01,2185.33,775.1,3016.56,171.0,567.84,799.48,1683.97,130.23,1814.2,480.0,1202.35,142.28,-2.98,-216.00000000000003,43.53,14.494984586929716,7.82,1.51,1.02,0.38,0.37,2.148080931943593,3.4077580216636005,5.396721847537298,5.476280400572246,8.088452891886368,1.4,1.39,3.94,1.3,0.88,6,2014,18.228823529411763,47.970588235294116,48.93
2014-09-30,1497.6800000000003,2.490000000000002,0.05181446907817974,0.0006759786761845992,66.08999999999997,12.810000000000002,55.0,23.5,0.0,1484.8799999999997,7.109999999999999,21.0,1250.81,871.37,2196.86,743.01,2992.91,421.0,508.78,150.0,1254.74,533.34,1788.08,480.0,1204.84,11.23999999999998,-6.41,8.480000000000018,42.19000000000001,113.37180722891559,9.36,1.48,1.07,0.38,0.35,0.3331621936989501,0.6237106184364066,0.827094515752626,0.8484014002333728,1.0498483080513428,1.03,1.03,2.77,1.75,1.06,9,2014,0.03248488180318887,48.05607476635514,51.42
2014-12-31,1482.42,31.64,0.6590079460630869,-0.0003523182205859306,89.50999999999999,46.760000000000005,88.76000000000002,19.5,0.0,1435.67,30.799999999999997,10.57,1203.35,982.02,2226.64,706.19,2982.82,360.0,635.0,0.0,1211.14,535.19,1746.34,480.0,1236.48,123.82999999999998,-1.75,-132.51,42.0,7.396382743362832,7.57,1.41,1.73,0.38,0.22,4.235935468336142,6.948153142306765,10.239383578136286,10.513652781122081,12.113556465205876,1.29,1.28,3.29,1.84,1.03,12,2014,-0.016915347631137223,48.01156069364162,83.06
2015-03-31,1670.4,18.8,0.39,0.0,88.85,30.44,70.44,24.5,0.0,1639.96,27.64,16.74,1430.4,583.93,2061.26,676.12,2783.42,60.0,487.02,0.0,994.56,533.58,1528.14,480.0,1255.28,121.32,-6.3,-108.84,40.0,15.705,9.37,1.22,0.39,0.0,0.0,2.72,4.04,5.999999999999999,6.12,6.8,1.13,1.13,3.46,2.07,1.49,3,2015,0.0,48.205128205128204,18.8
2015-06-30,1489.1399999999999,24.66,0.5163506672802577,1.0,103.24000000000001,35.93000000000001,73.74000000000001,21.4,0.0,1453.2199999999998,24.39,12.97,1444.27,817.4,2304.39,642.28,2989.72,75.0,714.66,0.0,1220.89,536.89,1757.78,480.0,1231.94,57.97,-0.3200000000000003,-61.41999999999999,37.81,10.36272506082725,8.34,1.43,0.91,1.0,1.1,3.2910262310170273,5.015977910722503,8.011946617579381,8.102733548090198,8.511274735388863,1.38,1.38,5.27,1.89,1.22,6,2015,47.75824175824176,47.75824175824176,43.46
2015-09-30,1406.87,43.07,0.8959436033745521,0.006531432279727664,110.38000000000002,58.849999999999994,94.9,20.0,0.0,1348.0099999999998,51.31,21.89,1257.37,727.69,2051.78,619.15,2711.0,0.0,313.11,0.0,895.58,540.41,1435.99,480.0,1275.01,-25.44999999999999,-9.239999999999998,43.599999999999994,36.05,5.580150336661249,7.53,1.13,1.8,1.0,0.56,6.351244655032937,8.740427597365075,13.518793482029354,13.897080781231944,13.737801918409799,1.9,1.89,6.59,2.29,1.48,9,2015,0.31398046398046375,48.07222222222222,86.53
2015-12-31,1433.1599999999999,24.060000000000002,0.5003888235826024,0.00021601310144581768,122.16999999999996,34.650000000000006,67.74999999999997,26.75,0.0,1398.5100000000002,35.79999999999998,7.47,1275.34,754.66,2086.52,589.98,2710.86,0.0,579.89,0.0,874.02,517.97,1391.99,480.0,1318.86,225.04,-2.6999999999999993,-236.76000000000002,33.10000000000001,13.364107439733997,9.74,1.06,2.3,1.0,0.43,3.5505850438556834,4.89075684962474,7.301325617144409,7.536290803870152,7.571100461162853,1.85,1.84,7.23,2.39,1.52,12,2015,0.010386473429953469,48.082608695652176,110.59
2016-03-31,1586.15,37.69,0.79,0.0,149.77,51.4,80.07,29.25,0.0,1534.75,47.99,17.95,1511.66,662.35,2234.41,569.29,2836.77,0.0,640.85,0.0,963.25,516.97,1480.22,480.0,1356.55,26.89,-6.89,-9.53,28.67,9.2575,10.35,1.09,0.79,0.0,0.0,5.32,7.320000000000001,11.12,11.56,10.96,2.38,2.38,8.48,2.32,1.63,3,2016,0.0,47.70886075949367,37.69
2016-06-30,1440.0899999999997,54.25,1.1329127691973027,1.25,132.67999999999998,71.82,100.57,32.75,0.0,1368.27,68.12,24.08,1414.9,735.66,2177.97,546.54,2756.89,0.0,713.97,0.0,887.66,518.43,1406.09,480.0,1350.8,223.14999999999998,-5.0200000000000005,-212.0,28.75,7.228094009216589,11.64,1.04,1.92,1.25,0.65,7.859582336306286,10.125407874700892,16.07319991298673,16.80487274309332,15.553948227104634,3.05,3.04,14.25,2.45,1.62,6,2016,59.85677083333333,47.885416666666664,91.94
2016-09-30,1329.4000000000005,40.59,0.8453059684599713,0.003454406549460793,115.29000000000002,54.34,82.88,37.75,0.0,1275.06,54.3,18.64,1264.95,614.3,1911.25,520.52,2463.92,0.0,452.06,400.0,951.76,120.76,1072.52,480.0,1391.4,93.02000000000001,-12.629999999999999,-85.82000000000002,28.539999999999992,11.166607538802658,13.02,0.77,2.76,1.25,0.45,6.590936391760356,8.40405644005131,11.662772202520186,12.177306270278429,14.382452274956615,3.05,3.04,12.69,2.01,1.36,9,2016,0.16587409420291266,48.01811594202899,132.53
2016-12-31,1263.1799999999994,42.91999999999999,0.8953388429752064,-0.0021110312612291284,94.75999999999999,56.71000000000001,81.75,36.5,0.0,1206.4700000000003,52.58000000000001,121.49,1251.26,881.96,2279.53,494.86,2807.97,0.0,773.5,400.0,1251.85,121.8,1373.65,480.0,1434.31,83.58999999999997,9.469999999999999,9.79000000000002,25.040000000000006,10.188935810810813,12.21,0.96,3.66,1.25,0.34,6.115702479338841,8.307570247933882,11.967206611570246,12.476033057851236,14.72661157024793,3.13,3.12,14.9,1.82,1.12,12,2016,-0.10119684010454932,47.93715846994535,175.45
2017-03-31,1887.61,57.63,1.2,0.0,118.34,74.69,95.35,38.0,0.0,1812.92,57.87,50.57,1694.88,757.01,2553.94,485.44,3071.93,0.0,810.5,400.0,1459.71,120.28,1579.99,480.0,1491.94,-189.88,-10.33,129.3,20.66,7.9175,12.23,1.06,1.2,0.0,0.0,7.5200000000000005,10.12,15.440000000000001,16.2,18.52,3.08,3.05,15.0,1.75,1.23,3,2017,0.0,48.025000000000006,57.63
2017-06-30,1612.0200000000002,39.15,0.8171419714817111,2.0,105.84,52.730000000000004,73.07,41.25,0.0,1559.29,45.01,29.02,1744.11,832.15,2664.7,466.82,3164.21,0.0,782.09,400.0,1609.73,119.4,1729.12,480.0,1435.09,-93.80000000000001,-6.5699999999999985,78.81,20.34,12.619716475095787,13.8,1.2,2.02,2.0,0.99,4.951394916305022,6.957842529448232,10.906013639181648,11.245815251084935,13.268443893366397,2.79,2.77,17.31,1.66,1.14,6,2017,95.82178217821782,47.91089108910891,96.78
2017-09-30,1331.6899999999996,14.659999999999997,0.3051974156496769,0.0051459560887892105,76.14999999999998,24.38000000000001,46.22,34.75,0.0,1307.3100000000004,16.97,144.46,1562.42,917.65,2668.78,454.71,3156.87,200.0,650.28,0.0,1585.52,121.6,1707.12,480.0,1449.76,25.44999999999999,-10.07,100.07,21.840000000000003,28.46813096862211,11.51,1.18,2.32,2.0,0.86,1.8574946159368264,2.841493180186647,4.046496769562095,4.125427135678391,5.083115577889446,2.32,2.31,10.94,1.68,1.1,9,2017,0.24718333902356449,48.03448275862069,111.44
