,revenue,net_profit,eps,dps,gross_profit,ebit,ebitda,close_price,allowance_doubtful_accounts,expense,operating_profit,cash,account_receivable,inventory,current_asset,property_plant_equipment,total_asset,short_term_loan,account_payable,current_portion_long_term_debt,current_liability,non_current_liability,total_liability,paid_in_capital,total_equity,cash_flow_operation,cash_flow_investment,cash_flow_financing,depreciation,P/E,P/BV,D/E,EPS,DPS,DPR%,ROA%,ROAA%,ROE%,ROAE%,ROCE%,NPM%,NPMA%,CurrentRatio,QuickRatio,month,year,dividend,number_of_shares,return_old
2006-06-30,,,,,,,,,0.0,,,43.01,318.4,711.96,1181.01,531.45,1982.17,878.18,332.84,6.79,1417.76,47.59,1465.35,386.1,516.82,,,,,,0.0,2.84,0.15,0.0,0.0,,,,,,5.61,5.54,0.83,0.33,6,2006,,382.1333333333333,57.32
2006-09-30,745.25,108.48000000000002,0.2747985524728589,0.0,210.27999999999997,160.17,188.88000000000002,3.1,0.0,585.08,131.36,86.7,577.08,685.62,1494.34,545.97,2343.18,705.86,340.32,6.79,1215.53,45.89,1261.43,480.0,1081.75,-144.03,-36.85000000000001,224.57000000000002,28.71,2.8198838495575216,1.38,1.17,0.42,0.0,0.0,18.5292738238842,0.0,40.1205886610374,0.0,63.07281061519905,9.48,9.32,1.23,0.67,9,2006,0.0,394.7619047619048,165.8
2006-12-31,701.1100000000001,47.67999999999998,0.1139066891512085,0.0,170.02999999999997,77.44,107.19999999999999,3.9,0.0,623.6699999999998,72.81,78.53,456.05,644.41,1384.62,551.61,2239.56,640.73,313.8,6.79,1065.94,44.19,1110.13,480.0,1129.44,100.99000000000001,-58.41999999999999,-50.75,29.75999999999999,8.562929949664435,1.66,0.98,0.51,0.0,0.0,8.513966647929545,0.0,16.884991568296787,0.0,26.587161326587964,8.75,8.61,1.3,0.69,12,2006,0.0,418.5882352941176,213.48
2007-03-31,667.71,40.65,0.08,0.0,150.74,69.91,100.83,3.93,0.0,597.8,60.94,124.0,476.7,683.82,1606.19,562.53,2431.47,796.54,318.46,6.79,1314.89,42.5,1357.38,480.0,1074.08,-99.24,-41.04,185.74,30.92,12.265,1.75,1.26,0.08,0.0,0.0,6.68,0.0,15.12,0.0,25.04,6.19,6.09,1.22,0.7,3,2007,0.0,508.125,40.65
2007-06-30,619.3699999999999,45.13,0.09470039636278853,0.2,146.63,69.32,101.2,3.95,0.0,550.05,65.37,105.04,443.26,642.66,1564.45,554.94,2339.64,801.99,300.73,6.79,1179.62,40.8,1220.42,480.0,1119.22,55.959999999999994,-17.68,-57.23000000000002,31.879999999999995,10.425510746731664,1.69,1.09,0.18,0.2,1.11,7.723343436698531,13.552678946141294,16.120111914199114,22.07571461879226,25.253439030076944,6.75,6.66,1.33,0.78,6,2007,95.31111111111113,476.5555555555556,85.78
2007-09-30,993.1100000000001,59.68000000000001,0.12308538429808882,0.11342820477565423,164.56,82.85000000000002,115.1,4.08,0.0,910.2600000000002,71.52000000000001,57.84,904.95,695.89,2049.45,549.24,2822.33,806.28,749.78,6.79,1657.14,39.1,1696.24,480.0,1126.09,32.42,-26.0,-53.629999999999995,32.25,8.274743632707773,1.74,1.51,0.3,0.31,1.03,8.451863055135433,14.113790732847518,21.203508868417437,21.630204867317477,31.28009899628764,6.46,6.38,1.24,0.82,9,2007,54.99755555555555,484.86666666666673,145.46
2007-12-31,1660.7799999999997,66.44999999999999,0.13797366806663203,-0.0020938763311468783,217.69,90.91,124.89999999999998,3.83,0.0,1569.87,92.96000000000001,36.15,1523.64,792.3,2878.17,607.23,3694.35,1054.72,1337.44,6.79,2464.4,37.4,2501.8,480.0,1192.55,-194.43,-73.97999999999999,246.72000000000003,33.989999999999995,6.928133559066969,1.54,2.1,0.44,0.31,0.7,7.199716860931527,13.232929073663348,22.28901892312774,22.89108583832759,31.922089566325322,5.42,5.38,1.17,0.85,12,2007,-1.0084393939393976,481.6136363636364,211.91
2008-03-31,1517.4,44.8,0.09,0.0,189.82,86.5,120.49,4.0,0.0,1430.91,71.16,71.24,1453.36,1069.5,3094.93,628.77,3927.73,1110.92,1197.48,12.79,2631.67,58.7,2690.37,480.0,1237.35,-0.65,-47.86,83.61,33.99,11.11,1.55,2.17,0.09,0.0,0.0,4.56,10.88,14.48,15.519999999999998,26.68,2.98,2.95,1.18,0.77,3,2008,0.0,497.77777777777777,44.8
2008-06-30,1751.23,12.230000000000004,0.012866912151499215,0.14,152.76,34.31999999999999,69.41000000000001,3.85,0.0,1716.8999999999999,35.74000000000001,132.54,1274.82,1138.42,3130.23,616.14,3939.39,1292.06,1054.23,29.46,2669.56,87.45,2757.01,480.0,1182.38,-87.85,-15.29,164.44,35.089999999999996,74.80815821749793,1.56,2.33,0.06,0.14,2.33,1.2438015079782574,3.3025074522181317,4.134567771348414,4.254658951429074,8.157622304050502,1.75,1.74,1.17,0.75,6,2008,133.07000000000002,950.5,57.03
2008-09-30,2257.0599999999995,22.39,0.022553512969025434,0.005958196927726005,320.41,64.67000000000002,98.24999999999997,3.56,0.0,2192.39,244.52,43.26,1838.59,1302.31,3947.81,596.77,4729.08,1402.24,1648.86,54.47,3419.24,105.08,3524.31,480.0,1204.77,-239.18,-6.380000000000003,156.27999999999997,33.58,39.461701652523445,1.42,2.93,0.08,0.14,1.75,1.8944950893981365,5.536887433895744,7.431382523293881,7.67947116595316,15.967887182070008,1.44,1.44,1.15,0.77,9,2008,5.914999999999992,992.75,79.42
2008-12-31,1958.8900000000003,-157.14,-0.1617498713329902,-0.0030622748327328816,123.18999999999994,-144.16000000000003,-109.96999999999997,3.04,21.68,2103.05,42.76999999999998,45.37,1530.46,1252.16,3431.5,617.94,4218.9,1544.85,1267.08,54.47,3071.67,99.1,3170.77,480.0,1047.63,-91.30000000000001,-53.150000000000006,146.55,34.19,-4.698612702049129,1.39,3.03,-0.08,0.14,-1.75,-14.8809881626351,8.410993309315492,-60.00920226453937,-56.12720535254761,29.114976839938237,-1.04,-1.04,1.12,0.71,12,2008,-2.9749999999999943,971.5,-77.72
2009-03-31,1590.52,-63.73,-0.07,0.0,68.26,-39.72,-7.04,2.8,0.0,1630.24,-33.87,41.93,1598.85,1215.15,3479.45,599.71,4240.08,1668.14,1316.28,41.96,3153.34,102.85,3256.18,480.0,983.9,-110.16,-7.82,114.54,32.68,-10.0,1.37,3.31,-0.07,0.0,0.0,-6.0,-3.88,-25.92,-22.96,-14.6,-4.01,-4.01,1.1,0.72,3,2009,0.0,910.4285714285713,-63.73
2009-06-30,2494.64,17.9,0.019528692995854243,0.0,191.92000000000002,50.25,82.12,2.64,0.0,2444.3900000000003,109.1,97.65,2106.5,1201.09,4025.57,602.83,4782.81,1622.46,1905.67,48.22,3690.85,89.23,3780.08,480.0,1001.8,135.07,-28.259999999999998,-51.09,31.869999999999997,33.79642458100558,1.26,3.77,-0.05,0.0,0.0,1.499803622081606,-0.3749509055204015,7.139690159284312,6.561640846607026,-1.499803622081606,-1.12,-1.12,1.09,0.77,6,2009,0.0,916.5999999999999,-45.83
2009-09-30,2923.8199999999997,22.25,0.028307888040712468,0.0,280.21999999999997,60.879999999999995,92.73,2.82,0.0,2862.9399999999996,177.29000000000002,28.25,2637.95,1324.54,4644.12,609.12,5403.23,1608.07,2423.97,54.47,4294.84,73.53,4368.37,480.0,1024.05,-15.32,-32.519999999999996,-21.560000000000002,31.85000000000001,24.904719101123597,1.32,4.27,-0.03,0.0,0.0,1.6607294317217982,-5.321882951653944,8.68108566581849,8.001696352841392,-24.307039864291777,-0.34,-0.34,1.08,0.77,9,2009,0.0,786.0,-23.58
2009-12-31,3035.9500000000007,95.97,0.1060588479071695,0.0,35.889999999999986,105.53999999999999,138.26,2.98,0.0,2930.42,-85.85000000000002,65.56,2566.79,1355.86,4614.38,647.83,5425.56,1536.55,2489.54,54.47,4231.43,63.39,4294.82,480.0,1120.02,181.82999999999998,-62.849999999999994,-81.67,32.72,7.024402156924039,1.28,3.83,0.08,0.0,0.0,7.052913385826772,19.461798590965603,34.25700787401575,35.42365520099461,78.58960629921259,0.72,0.72,1.09,0.77,12,2009,0.0,904.875,72.39
2010-03-31,2789.09,87.46,0.09,0.0,217.59,114.54,149.4,3.0,0.0,2674.55,108.66,50.68,2544.34,1568.55,4865.94,673.64,5698.04,1681.52,2552.71,54.47,4433.56,46.3,4479.86,480.0,1207.48,-88.77,-53.99,127.88,34.86,8.3325,1.19,3.71,0.09,0.0,0.0,6.12,9.24,28.96,31.92,36.24,3.17,3.14,1.1,0.74,3,2010,0.0,971.7777777777777,87.46
2010-06-30,2714.41,26.040000000000006,0.027531277533039654,0.0,183.54999999999998,52.33,89.59,3.26,0.0,2662.08,68.24000000000001,104.57,2424.71,1658.18,5012.31,646.2,5812.18,1828.01,2135.51,53.08,4544.59,34.07,4578.66,480.0,1233.52,-93.17999999999999,14.200000000000003,132.87,37.260000000000005,29.606326804915508,1.27,3.71,0.12,0.0,0.0,1.7895330396475775,2.8907841409691635,8.44292511013216,9.323925991189428,12.077053744493396,2.09,2.06,1.1,0.74,6,2010,0.0,945.8333333333334,113.5
2010-09-30,3222.2800000000007,99.47999999999999,0.10275894450183115,0.12,264.44000000000005,126.27999999999997,164.99,3.28,0.0,3095.999999999999,141.65,72.5,2432.53,1756.25,5292.24,686.6,6132.6,2068.09,2439.82,99.21,4778.67,136.12,4914.79,480.0,1217.8,-231.31,-72.74000000000001,271.98,38.709999999999994,7.980327201447527,1.29,4.04,0.22,0.12,0.55,6.483155225842803,9.491189783078223,32.677344351582306,35.498544464268946,40.44965724481172,2.47,2.44,1.11,0.74,9,2010,116.17090909090908,968.090909090909,212.98
2010-12-31,2912.1399999999994,104.99000000000004,0.10896216624209834,-0.000566091140673635,181.06999999999994,124.60000000000002,165.29999999999995,4.16,0.0,2787.5300000000007,36.21999999999997,110.86,2081.52,1747.45,5557.79,715.06,6451.87,2675.87,1937.8,125.43,4960.09,169.0,5129.09,480.0,1322.79,-539.85,-94.65,672.8599999999999,40.7,9.54758000761977,1.51,3.88,0.33,0.12,0.36,6.511314903921755,9.284897317356986,31.75091486618235,34.37921439129479,36.981098845803075,2.76,2.73,1.12,0.77,12,2010,-0.5454545454545325,963.5454545454546,317.97
2011-03-31,2480.5,64.56,0.07,0.0,223.5,101.5,143.0,4.02,0.0,2378.99,91.92,58.39,2009.97,1639.8,5774.66,727.18,6673.75,2814.56,1793.16,177.12,5016.55,275.58,5292.13,480.0,1381.62,-296.75,-46.27,290.55,41.5,14.3575,1.4,3.83,0.07,0.0,0.0,3.88,6.56,18.68,19.96,24.48,2.61,2.6,1.15,0.82,3,2011,0.0,922.2857142857142,64.56
2011-06-30,2572.67,82.66,0.08422089390028528,0.15,257.54,123.13,165.89999999999998,3.7,0.0,2449.55,119.83999999999999,66.89,2277.6,1300.78,6169.43,744.22,7083.49,3088.56,1881.17,201.56,5410.71,351.92,5762.62,480.0,1320.28,-170.64,-51.82,230.95999999999998,42.769999999999996,10.984507016694897,1.35,4.36,0.15,0.15,1.0,4.671452248335824,7.815698953946475,25.041679119684826,25.89511751120771,30.162309468822173,2.92,2.91,1.14,0.9,6,2011,147.22,981.4666666666667,147.22
2011-09-30,2621.3599999999997,247.61999999999998,0.25712744402796067,0.11712744402796069,439.99999999999994,296.67999999999995,340.53,3.46,0.0,2324.6800000000003,309.83000000000004,71.56,2581.75,1197.03,6126.43,761.81,7032.41,3005.55,1787.4,197.98,5275.51,303.8,5579.3,480.0,1452.7,332.83,-76.65,-251.51999999999998,43.85000000000001,3.364479444309829,1.14,3.84,0.41,0.27,0.66,14.073024009725458,19.867798601965355,68.18267247492655,74.17813190152972,74.42898794448384,5.17,5.14,1.16,0.93,9,2011,112.79658536585364,963.0243902439024,394.84
2011-12-31,1210.38,-24.569999999999993,-0.025879223269506032,-0.0038716836165039498,296.6600000000001,19.920000000000073,65.22000000000003,3.52,0.0,1190.46,51.639999999999986,134.62,1426.91,1032.94,4602.12,769.03,5496.13,2789.18,619.6,354.12,3961.68,104.49,4066.17,480.0,1428.13,373.2,-50.78999999999999,-259.34000000000003,45.29999999999998,-34.0205341880342,1.18,2.85,0.39,0.27,0.69,-1.7889842547330324,-2.4047770545817913,-6.882546250033757,-7.145319901693358,-9.361643125286951,4.17,4.17,1.16,0.9,12,2011,-3.6758161350844034,949.4102564102564,370.27
2012-03-31,1650.11,-12.62,-0.01,0.0,171.23,28.74,76.03,3.92,0.0,1621.37,19.63,104.99,1891.8,1043.04,5038.47,782.6,5936.0,2468.25,1597.36,203.77,4475.32,205.95,4681.27,480.0,1252.32,398.02,-57.29,-370.35,47.29,-98.0,1.5,3.74,-0.01,0.0,0.0,-0.8399999999999999,1.84,-4.04,-3.84,7.88,-0.77,-0.76,1.13,0.89,3,2012,0.0,1262.0,-12.62
2012-06-30,1438.1500000000003,28.6,0.03579474342928661,0.17,186.77,65.76,118.32,3.38,0.0,1372.3900000000003,53.260000000000005,151.32,1492.82,955.0,4547.15,831.07,5490.0,2556.47,998.99,209.29,3969.15,181.57,4150.72,480.0,1292.06,178.97000000000003,-93.67000000000002,-38.97999999999996,52.559999999999995,23.60681818181818,1.26,3.21,0.02,0.17,8.5,2.0760951188986234,10.738423028785983,8.87709637046308,8.733917396745932,44.45707133917397,0.52,0.52,1.15,0.91,6,2012,135.83,799.0,15.98
2012-09-30,1540.0199999999995,63.08999999999999,0.06383204755280131,0.032572404198811175,245.04999999999995,102.24000000000001,155.28,3.28,0.0,1437.7799999999997,91.72000000000001,113.9,2101.81,897.05,4286.4,835.82,5246.95,2202.58,1070.8,199.01,3702.53,140.34,3842.87,480.0,1355.15,436.53,-67.84,-406.11000000000007,53.03999999999999,12.846211760976384,1.16,2.84,0.08,0.17,2.13,4.819319590236499,10.213127608448211,18.607041861641584,17.968721386113568,40.661014291134435,1.72,1.71,1.16,0.92,9,2012,32.193749999999994,988.3749999999999,79.07
2012-12-31,1317.5300000000007,14.040000000000006,0.015078938889485563,-0.010457254859843198,187.10000000000002,48.70999999999998,102.30000000000001,3.72,0.0,1268.8199999999997,21.70999999999998,217.52,1392.23,715.05,3487.83,837.04,4448.04,1753.87,701.89,178.82,2862.43,130.86,2993.29,480.0,1369.19,611.95,-58.56999999999999,-449.76,53.59,61.675427350427334,1.3,2.19,0.1,0.17,1.7,1.260599291160993,2.979598324562347,4.101471377940073,4.0170293201589535,9.336878960369459,1.58,1.57,1.22,0.97,12,2012,-9.73675,931.0999999999999,93.11
2013-03-31,1238.48,83.76,0.09,0.0,269.85,124.43,164.44,6.5,0.0,1114.05,123.23,161.03,1335.72,697.93,3429.96,851.74,4543.9,1427.75,712.08,189.94,2593.67,218.96,2812.63,480.0,1612.04,190.22,-45.26,-201.44,40.01,18.055,1.94,1.74,0.09,0.0,0.0,7.36,9.48,20.8,23.399999999999995,25.52,6.83,6.76,1.32,1.05,3,2013,0.0,930.6666666666667,83.76
2013-06-30,1421.12,63.480000000000004,0.06466992665036675,0.12,264.35,114.47999999999999,154.23000000000002,7.3,0.0,1306.64,105.71,136.09,1361.0,710.59,3732.21,881.27,4884.62,1623.76,844.02,186.51,2955.51,242.03,3197.54,480.0,1560.32,-38.94999999999999,-85.69,99.69,39.75000000000001,28.222159735349717,2.25,2.05,0.15,0.12,0.8,5.19083944580277,7.950089649551754,16.27957620211899,17.79716381418093,21.349698451507745,5.58,5.54,1.26,1.02,6,2013,117.79200000000002,981.6000000000001,147.24
2013-09-30,1010.23,79.60999999999999,0.08422481816178089,0.1153798545294247,268.94999999999993,129.9,172.24,5.7,0.0,880.3299999999999,115.82999999999998,132.32,1061.54,702.61,3378.85,941.75,4596.75,1699.84,538.49,150.53,2719.53,214.16,2933.7,480.0,1524.74,187.10999999999999,-87.64000000000001,-103.24000000000001,42.33999999999999,16.91900357995227,1.79,1.92,0.24,0.24,1.0,6.934510028653294,10.514064800528983,20.887754904121664,22.109014767467485,27.583627947983242,6.24,6.18,1.24,0.98,9,2013,109.05799999999998,945.2083333333334,226.85
2013-12-31,854.8699999999999,27.26000000000002,0.027891857856833676,0.007891857856833629,234.68999999999994,56.81999999999999,100.07999999999998,5.4,0.0,798.0499999999997,39.450000000000045,202.43,1065.64,678.23,3394.25,985.99,4653.57,1573.67,531.47,267.41,2701.71,255.4,2957.11,480.0,1551.99,144.49,-105.53,31.150000000000006,43.26000000000002,48.403014490095345,1.67,1.91,0.26,0.24,0.92,2.3429160599740286,4.012136476329152,7.024457124867189,7.46643579552163,9.358791074731421,5.68,5.62,1.26,1.01,12,2013,7.713076923076898,977.3461538461538,254.11
2014-03-31,872.24,28.29,0.03,0.0,210.23,67.42,112.4,5.75,0.0,804.81,52.73,177.37,826.86,753.02,3236.9,1026.85,4544.11,1497.69,447.83,208.5,2479.42,329.46,2808.89,480.0,1580.2,115.67,-78.83,-61.9,44.98,47.9175,1.75,1.78,0.03,0.0,0.0,2.48,5.92,7.159999999999999,7.08,13.08,3.3,3.24,1.31,1.0,3,2014,0.0,943.0,28.29
2014-06-30,819.1099999999999,23.61,0.022745664739884392,0.15,215.82000000000002,71.96999999999998,119.35,5.75,0.0,747.1500000000001,49.15,154.96,775.13,827.75,3376.4,1058.07,4711.84,1693.5,518.37,183.81,2723.8,355.04,3078.84,480.0,1462.13,1.269999999999996,-72.64,48.96,47.38,63.19885641677256,1.89,2.11,0.05,0.15,3.0,2.0016184971098268,5.295190751445087,6.459768786127167,6.241410404624277,12.755768786127167,3.14,3.07,1.24,0.94,6,2014,155.7,1038.0,51.9
2014-09-30,1192.7000000000003,114.88,0.11709797337810289,-0.008706079865691321,327.64000000000004,170.61,220.93,6.55,0.0,1022.0999999999999,146.75,238.46,1143.16,897.36,3660.63,1091.68,5064.5,1673.1,738.32,211.05,2967.31,336.15,3303.46,480.0,1577.06,177.56,-80.91,-13.15,50.32000000000001,13.98423006615599,1.99,2.09,0.17,0.15,0.88,9.064760762681376,17.6886820961746,29.150507255066557,29.618899148578965,40.72254227125554,5.91,5.78,1.23,0.93,9,2014,-8.541176470588226,981.0588235294117,166.78
2014-12-31,1494.4799999999996,171.13000000000002,0.17725281879790475,0.1475760165863866,448.06999999999994,227.69000000000005,279.58,5.9,0.0,1266.7800000000002,195.19,193.95,1328.83,1107.15,4576.4,1447.56,6322.73,1825.63,1066.65,245.64,3669.24,358.45,4027.69,480.0,1748.77,71.20999999999998,-660.09,544.36,51.889999999999986,8.322857768947584,1.62,2.3,0.35,0.3,0.86,10.81748631292356,19.85231570536534,39.13742239057737,41.467030866206976,41.04162410109201,7.9,7.72,1.25,0.95,12,2014,142.47831932773116,965.457142857143,337.91
2015-03-31,1175.34,88.61,0.09,0.0,314.41,159.39,208.71,5.75,0.0,1015.95,123.73,467.4,1125.35,1188.49,4389.35,1509.16,6211.67,1917.21,843.4,207.92,3486.94,310.02,3796.96,480.0,1837.38,95.44,174.38,3.63,49.32,15.972500000000002,1.5,2.07,0.09,0.0,0.0,5.72,11.84,19.28,20.76,23.4,7.77,7.54,1.26,0.92,3,2015,0.0,984.5555555555555,88.61
2015-06-30,1177.2,120.22000000000001,0.1266503854810133,0.15,381.28000000000003,212.62,264.34000000000003,6.95,0.0,964.5799999999999,186.25,405.18,1318.64,1143.57,4422.88,1598.23,6332.47,2223.48,627.73,209.85,3612.68,379.56,3992.24,480.0,1813.6,-32.3,-174.62,144.71,51.720000000000006,13.71847383962735,1.84,2.2,0.22,0.15,0.68,7.599023128860795,15.520429057127808,26.50447157975387,29.35986208878035,31.50140497055021,9.12,8.88,1.22,0.91,6,2015,142.3840909090909,949.2272727272727,208.83
2015-09-30,1337.1,127.47,0.13266280107047276,0.15181554618441326,400.03,220.0,276.75999999999993,7.95,0.0,1117.1000000000001,196.20999999999998,643.15,1281.51,1064.14,3832.01,1728.87,5892.68,1765.35,695.14,209.45,3257.18,329.82,3587.0,480.0,1797.07,1145.84,-191.10999999999999,-716.76,56.760000000000005,14.97876559190398,2.12,2.0,0.35,0.3,0.86,8.657195361284566,16.389541480820697,28.367097234611954,30.21679571810883,34.05264585191793,9.33,9.11,1.18,0.85,9,2015,145.87305194805197,960.857142857143,336.3
2015-12-31,1439.02,123.53999999999996,0.12895615866388305,-0.0008947211452430998,423.80999999999995,216.51999999999998,278.3900000000001,7.5,0.0,1222.5,197.01000000000005,366.31,1455.31,967.26,3810.82,1851.55,5973.81,1644.16,683.55,217.04,3184.5,283.02,3467.52,480.0,1920.61,20.15000000000009,-175.46,-121.54000000000008,61.869999999999976,14.544477901894128,1.87,1.81,0.48,0.3,0.63,8.274686847599163,14.13144572025052,25.72675365344467,26.93034446764091,31.153658663883082,9.16,8.97,1.2,0.89,12,2015,-0.8571428571428896,958.0,459.84
2016-03-31,1241.79,106.36,0.11,0.0,370.32,200.03,265.63,6.95,0.0,1041.76,161.29,468.81,1261.26,1029.69,3719.38,1970.64,6019.19,1385.98,638.12,252.81,2981.79,377.46,3359.25,480.0,2026.97,418.22,-185.57,-130.15,65.6,15.795000000000002,1.65,1.66,0.11,0.0,0.0,7.079999999999999,13.08,21.0,22.0,26.36,8.84,8.57,1.25,0.9,3,2016,0.0,966.9090909090909,106.36
2016-06-30,1307.2800000000002,89.24,0.0912474437627812,0.17,340.33,182.04999999999998,252.34000000000003,8.25,0.0,1125.24,143.44000000000003,401.0,1284.54,985.43,3796.28,2185.77,6343.77,1610.63,740.14,288.09,3340.23,431.55,3771.78,480.0,1953.01,156.81999999999994,-308.87,84.25,70.28999999999999,22.603372926938594,2.03,1.93,0.2,0.17,0.85,5.620842535787322,11.004441717791412,18.28598773006135,18.96121881390593,23.213349693251534,7.91,7.67,1.14,0.84,6,2016,166.26,977.9999999999999,195.6
2016-09-30,1365.3399999999997,95.28999999999999,0.09827426174842724,0.1685331224861632,360.0300000000001,198.43,274.91999999999996,6.4,0.0,1166.9,162.60999999999996,623.71,1174.29,1051.85,3606.62,2318.98,6305.12,1550.96,784.31,302.42,3373.31,445.01,3818.32,480.0,1885.77,669.25,-174.71999999999997,-271.83000000000004,76.49000000000001,16.27842297198027,1.63,2.02,0.3,0.34,1.13,6.040591288803328,12.474279624600364,20.21829145037643,20.70311114166867,25.944405101584792,7.67,7.43,1.07,0.76,9,2016,163.41533333333336,969.6333333333333,290.89
2016-12-31,1517.9800000000005,74.93,0.07783445410311084,-0.0024542853498077397,409.73,160.78999999999996,245.64,7.15,0.0,1357.1799999999998,110.32999999999998,428.13,1531.6,1165.27,3932.41,2516.56,6869.46,1548.0,967.08,370.49,3672.89,567.23,4240.12,480.0,1957.58,-67.87999999999988,-307.49,178.70000000000002,84.85000000000002,22.97054717736554,1.75,2.17,0.38,0.34,0.89,4.3669225302061125,9.454837898419989,15.312904707233068,15.460380515007383,18.999799901590947,6.95,6.73,1.07,0.75,12,2016,-2.3627017543859665,962.6842105263157,365.82
2017-03-31,1573.05,50.1,0.05,0.0,394.37,168.75,262.59,7.0,0.0,1404.3,121.37,588.62,1362.42,1418.47,4355.44,2604.78,7378.89,1875.6,1098.43,365.78,4248.37,460.84,4709.21,480.0,2006.22,98.18,-178.56,240.72,93.84,35.0,1.67,2.35,0.05,0.0,0.0,2.72,10.08,10.0,9.92,21.56,3.29,3.18,1.03,0.69,3,2017,0.0,1002.0,50.1
2017-06-30,1911.47,115.73000000000002,0.11864017367183262,0.17,461.04999999999995,248.86,350.21999999999997,7.45,0.0,1662.61,194.18,566.52,1495.32,1444.25,4703.93,2794.23,7945.1,2263.15,1073.29,387.8,4730.06,520.69,5250.75,480.0,1956.28,84.16999999999999,-298.9,194.78,101.35999999999999,15.697465220772486,1.83,2.68,0.17,0.17,1.0,5.834305011156004,16.330470964240487,23.67220406440331,23.67220406440331,36.262020141108366,4.91,4.76,0.99,0.69,6,2017,165.83,975.4705882352941,165.83
2017-09-30,1855.02,54.45999999999998,0.056860502065459145,0.16686050206545916,421.72000000000014,183.10000000000002,292.36,7.2,0.0,1671.92,165.31,1008.79,1469.3,1398.33,4781.35,2900.49,8174.72,2431.88,1089.54,580.41,5038.43,547.04,5585.47,480.0,1846.59,560.05,-267.88000000000005,149.89,109.25999999999999,31.652024421593843,1.87,3.02,0.23,0.34,1.48,2.6600826183666975,8.20768986336193,11.797318080711785,11.668763902129008,18.937019383539873,4.26,4.13,0.95,0.67,9,2017,159.81608695652173,957.7826086956521,220.29
