,revenue,net_profit,eps,dps,gross_profit,ebit,ebitda,close_price,allowance_doubtful_accounts,expense,operating_profit,cash,account_receivable,inventory,current_asset,property_plant_equipment,total_asset,short_term_loan,account_payable,current_portion_long_term_debt,current_liability,non_current_liability,total_liability,paid_in_capital,total_equity,cash_flow_operation,cash_flow_investment,cash_flow_financing,depreciation,P/E,P/BV,D/E,EPS,DPS,DPR%,ROA%,ROAA%,ROE%,ROAE%,ROCE%,NPM%,NPMA%,TIE,CurrentRatio,QuickRatio,month,year,dividend,number_of_shares,return_old
2000-03-31,1317.61,-26.23,-0.46,0.0,74.58,-0.38,53.86,0.62,0.0,1317.99,-12.38,56.36,435.84,703.89,1316.35,2282.1,4120.67,1049.65,589.07,145.04,1936.04,197.09,2133.12,570.0,1892.54,-130.15,-39.46,125.07,54.24,-0.3375000000000001,0.19,1.13,-0.46,0.0,0.0,-2.56,0.0,-5.56,0.0,-0.08,-2.02,-1.99,0.0,0.68,0.32,3,2000,0.0,57.02173913043478,-26.23
2000-06-30,1502.6500000000003,-21.02,-0.3603428571428572,0.04,103.39999999999999,13.680000000000001,67.33,0.47,0.0,1488.9799999999998,0.870000000000001,82.69,516.63,542.65,1235.63,2264.4,4024.44,1205.28,452.72,117.04,1898.64,162.48,2061.12,626.91,1862.99,-18.659999999999997,-32.470000000000006,77.45000000000002,53.65,-0.3259395813510942,0.16,1.11,-0.81,0.04,-0.04,-2.081980952380952,0.0,-4.519856084656085,0.0,1.1210666666666667,-1.7,-1.68,0.0,0.65,0.36,6,2000,2.333333333333333,58.33333333333333,-47.25
2000-09-30,1534.6499999999996,82.43,1.3824246731097214,0.0008679173772977144,252.21,133.83999999999997,187.61,0.48,0.0,1400.7900000000004,136.55,119.44,508.66,666.73,1378.45,2253.67,4144.96,1310.53,402.77,118.04,1941.23,144.63,2085.86,626.91,1945.41,4.939999999999998,-38.86,70.67999999999998,53.769999999999996,0.08642423874802863,0.15,1.07,0.59,0.04,0.06,7.966515065378056,0.0,16.963990903922685,0.0,62.60743604320636,0.82,0.81,0.0,0.71,0.37,9,2000,0.05175141242937897,59.6271186440678,35.18
2000-12-31,1529.25,68.56,1.1367187198766147,0.00045550643231285484,221.43,134.49,180.27999999999997,0.45,0.0,1394.7699999999995,112.09999999999998,41.59,497.55,826.48,1460.85,2129.67,4092.06,1329.71,357.42,108.44,1951.43,138.43,2089.86,626.91,1890.63,-41.56999999999999,-40.93999999999998,4.660000000000025,45.78999999999999,0.09835326721120187,0.15,1.11,1.72,0.04,0.02,6.714571042992096,0.0,14.512990167727013,0.0,34.78887989203779,1.78,1.76,0.0,0.75,0.33,12,2000,0.02747339377217184,60.31395348837209,103.74
2001-03-31,1503.29,94.58,1.51,0.0,213.07,130.7,176.84,0.63,0.0,1372.6,113.18,41.7,521.98,625.96,1285.28,2160.94,3937.9,876.25,384.27,111.04,1546.34,298.56,1844.9,626.91,1985.2,363.97,-73.12,-290.75,46.14,0.1025,0.2,0.93,1.51,0.0,0.0,9.6,12.960000000000003,19.04,19.52,21.88,6.37,6.29,0.0,0.83,0.43,3,2001,0.0,62.63576158940397,94.58
2001-06-30,1794.5500000000002,154.82999999999998,2.4707245098432296,0.5,285.90000000000003,209.88,256.71000000000004,1.58,0.0,1584.67,181.29000000000002,101.06,585.28,784.96,1580.01,2191.88,4265.4,858.2,531.46,128.04,1686.54,346.0,2032.53,626.91,2108.71,118.19,-74.01999999999998,15.199999999999989,46.83,0.16108635277401023,0.47,0.96,3.98,0.5,0.13,14.526370233751651,20.411412533579245,29.37554869492001,31.188241048875348,32.80228218595886,7.67,7.56,0.0,0.94,0.47,6,2001,31.332914572864322,62.665829145728644,249.41
2001-09-30,2116.51,252.71,4.031321397275551,0.00016600468285825386,415.48,317.16,365.89000000000004,1.5,0.0,1799.3399999999997,299.3399999999999,119.68,635.78,707.76,1593.77,2207.1,4377.77,587.27,687.03,142.54,1614.84,266.83,1881.67,626.91,2361.42,496.95,-142.98000000000002,-335.34999999999997,48.72999999999999,0.09437972379407225,0.4,0.8,8.01,0.5,0.06,23.090764757428506,31.062816059905998,42.79944714410898,46.94652433681192,47.93296502828009,9.39,9.27,0.0,0.99,0.55,9,2001,0.010406276074505172,62.686641697877654,502.12
2001-12-31,1954.62,232.25,3.7033750017021396,0.00021067426355419965,391.77,300.15999999999997,351.0899999999999,2.43,0.0,1654.46,282.34000000000003,39.54,605.22,646.48,1396.42,2288.62,4259.82,339.46,617.32,149.04,1291.2,225.42,1516.62,626.91,2593.67,334.94999999999993,-132.0,-283.09000000000003,50.93000000000001,0.16600398277717976,0.59,0.58,11.71,0.5,0.04,21.809115296104142,29.01978566662582,35.81299617359097,41.42972888326048,40.82251453626919,10.08,9.97,0.0,1.08,0.58,12,2001,0.01321202894332174,62.7130657557643,734.37
2002-03-31,1847.24,254.67,4.06,6.5,409.49,322.2,371.33,3.08,0.0,1525.03,303.96,176.97,549.84,772.24,1597.47,2384.26,4553.51,301.13,612.48,146.04,1305.76,204.56,1510.33,626.91,2848.34,307.15,-137.51,-32.22,49.13,0.19,0.68,0.53,4.06,6.5,1.6,22.36,30.36,35.76,42.16,39.68,13.93,13.79,0.0,1.22,0.63,3,2002,407.7229064039409,62.72660098522168,254.67
2002-06-30,1809.53,193.65,3.08841341006424,-0.0025401070400112107,286.68999999999994,184.19,236.90000000000003,3.05,0.0,1625.3500000000001,171.72000000000003,70.43,530.49,744.26,1450.73,2484.76,4511.1,635.47,633.48,111.84,1539.48,157.74,1697.22,626.91,2634.64,207.87,-149.22000000000003,-165.18,52.71,0.24887374128582496,0.73,0.64,7.15,6.5,0.91,17.174170235546036,19.93862419700214,29.406879014989293,32.65511241970022,29.441434689507492,12.37,12.26,0.0,0.94,0.46,6,2002,-0.15927004030459102,62.7020979020979,448.32
2002-09-30,1695.5499999999997,94.30000000000001,1.504990601157348,-0.0045539989478645985,212.79000000000008,105.78999999999996,162.29999999999995,2.51,0.0,1589.7600000000002,94.58999999999997,225.84,449.09,617.19,1415.23,2630.69,4630.38,530.89,739.85,96.33,1559.42,156.51,1715.94,626.91,2728.94,477.47,-198.95999999999998,-123.1,56.50999999999999,0.41717868504771993,0.58,0.63,8.66,6.5,0.75,8.147108473701671,9.447031071468064,13.819497991227749,14.820507906085291,13.85425527993808,10.22,10.14,0.0,0.91,0.51,9,2002,-0.28534537056469844,62.65819861431871,542.62
2002-12-31,1627.0100000000002,28.559999999999945,0.45551594943800466,0.004140146806816563,155.12999999999988,33.06000000000006,94.75999999999999,2.73,0.0,1593.9499999999998,14.07000000000005,30.2,545.34,858.47,1562.55,2813.28,5017.14,1079.91,793.95,75.82,2096.11,137.31,2233.42,626.91,2757.5,-255.09000000000003,-423.21,482.65,61.70000000000002,1.4999474789915994,0.62,0.81,9.11,6.5,0.71,2.2760796946671764,2.7820974123743776,4.1421450330893865,4.2701495150390345,4.418154697293315,8.26,8.18,0.0,0.75,0.34,12,2002,0.2595794789371553,62.69813391877058,571.18
2003-03-31,1633.75,-119.2,-1.9,5.0,28.31,-107.84,12.17,2.03,0.0,1741.6,-123.99,22.0,563.92,887.07,1505.57,2894.64,5043.81,1149.08,863.32,60.0,2564.95,130.56,2695.52,626.91,2324.84,460.19,-200.45,-267.94,120.01,-0.2675,0.55,1.16,-1.9,5.0,-2.63,-9.44,-9.0,-20.52,-18.44,-17.4,-7.37,-7.3,0.0,0.59,0.24,3,2003,313.68421052631584,62.736842105263165,-119.2
2003-06-30,1896.2399999999998,53.3,0.7440971168437025,0.6207970609376243,167.85,67.15,181.3,3.2,0.0,1829.08,35.3,225.79,644.53,810.85,1701.72,2935.66,5298.28,704.99,932.3,73.75,1880.02,389.3,2269.32,1253.82,3005.06,-92.58999999999997,-157.98000000000002,454.35,114.14999999999999,1.0756660412757975,1.34,0.76,-0.92,5.0,-5.43,4.0116540212443095,2.6852200303490132,7.0850986342943845,7.570379362670711,3.8498937784521994,-1.89,-1.87,0.0,0.91,0.47,6,2003,44.46796338672766,71.6304347826087,-65.9
2003-09-30,2171.26,287.6,3.2042038791159233,1.0097615265438993,398.9200000000001,299.46,404.51,2.75,0.0,1871.7999999999997,273.39,182.93,573.71,895.15,1705.47,3046.45,5403.55,546.98,898.68,92.5,1722.43,364.15,2086.58,1253.82,3292.66,335.74,-215.62999999999994,-162.95,105.04999999999998,0.21391429068150208,1.05,0.63,2.47,5.0,2.02,21.27487595850248,26.775209742895807,34.921930536761394,38.19099684258007,36.47862877762743,3.94,3.89,0.0,0.99,0.47,9,2003,90.63325118817102,89.7570850202429,221.7
2003-12-31,1909.2299999999996,32.59,0.3293731566321916,0.4643181308343969,185.19999999999993,42.23000000000002,153.26,2.6,0.0,1867.0,0.5300000000000011,180.17,488.77,987.66,1681.05,3144.89,5433.55,562.95,728.04,111.25,1559.86,524.82,2084.67,1253.82,3325.26,-43.200000000000045,-154.42000000000007,194.85999999999999,111.03000000000003,1.9701818042344275,0.98,0.63,2.57,5.0,1.95,2.399169452200244,2.952823941169531,3.921719296865784,4.285695859058555,3.9832364623068153,3.4,3.34,0.0,1.08,0.44,12,2003,45.94220135792949,98.9455252918288,254.29
2004-03-31,881.59,-242.48,-1.93,0.0,28.52,-231.38,-158.77,1.91,0.0,1112.97,-97.33,89.36,336.4,1181.19,1637.54,3158.92,5397.44,861.54,629.27,150.0,1815.9,476.94,2292.84,1253.82,3082.77,-237.44,-141.65,288.28,72.61,-0.2475,0.78,0.74,-1.93,0.0,0.0,-17.96,-17.72,-31.480000000000004,-35.88,-25.84,-28.05,-27.5,0.0,0.9,0.25,3,2004,0.0,125.63730569948187,-242.48
2004-06-30,1404.2599999999998,-49.97999999999999,-0.3981857348013403,0.0,59.85000000000001,-36.93000000000001,100.22000000000001,1.53,0.0,1441.1899999999998,-71.17999999999999,114.92,372.01,1115.54,1632.23,3184.66,5407.41,1059.34,512.39,150.0,1919.48,435.22,2354.7,1253.82,3032.79,-9.340000000000003,-122.11999999999998,157.02000000000004,137.14999999999998,-0.9655042016806724,0.63,0.78,-2.33,0.0,0.0,-3.6981713738630924,-3.424739109621828,-6.589717568214456,-6.623896601244614,-5.256735280038296,-12.98,-12.79,0.0,0.85,0.27,6,2004,0.0,125.51931330472102,-292.46
2004-09-30,1699.5900000000001,-153.25,-1.2206086917502412,0.0,2.739999999999995,-137.17000000000002,-33.55,1.15,15.04,1836.7600000000002,-104.50999999999999,281.44,383.75,827.86,1567.54,3212.07,5413.3,1290.92,269.52,190.0,1935.18,580.3,2515.48,1253.82,2879.55,-64.69000000000003,-191.36,422.56,103.62,-0.23267079934747142,0.5,0.87,-3.55,0.0,0.0,-11.31899665701914,-10.315003028875278,-21.290166251598574,-19.85981916492787,-16.0363913755581,-11.32,-11.18,0.0,0.81,0.38,9,2004,0.0,125.55211267605634,-445.71
2004-12-31,1477.6799999999998,-56.79000000000002,-0.4531898507462688,0.0,95.52,-35.06999999999999,70.57,1.06,39.07,1512.75,-35.79000000000002,49.77,281.42,1003.48,1540.42,3241.93,5410.93,1453.07,219.2,197.5,2038.76,530.0,2568.77,1253.82,2822.75,-212.32999999999993,-140.90999999999997,121.58000000000004,105.63999999999999,-0.575145272054939,0.47,0.91,-4.01,0.0,0.0,-4.199634626865673,-3.670724776119404,-8.046662686567167,-7.391176119402988,-5.90389970149254,-9.35,-9.2,0.0,0.76,0.26,12,2004,0.0,125.31172069825438,-502.5
2005-03-31,1458.94,17.2,0.14,0.0,132.15,41.44,140.11,1.53,0.0,1417.5,21.51,74.8,326.33,804.98,1386.15,3225.63,5232.07,1097.39,203.9,206.67,1895.23,477.04,2372.27,1253.82,2839.95,247.46,-62.65,-159.79,98.67,2.7325,0.68,0.84,0.14,0.0,0.0,1.32,3.12,2.44,2.32,4.96,1.19,1.18,0.0,0.73,0.31,3,2005,0.0,122.85714285714285,17.2
2005-06-30,1622.96,79.06,0.632414294618741,0.0,202.84,104.24000000000001,203.27999999999997,1.54,0.0,1518.7199999999998,78.75,241.62,330.99,961.49,1727.61,3250.56,5569.95,1313.73,229.67,199.17,2186.42,443.45,2629.87,1253.82,2919.01,58.51000000000002,-102.53,210.85,99.04,0.6087781431823931,0.66,0.9,0.77,0.0,0.0,5.683515478911281,8.70596301682942,10.841387907749844,10.61141907334303,14.159509661333885,3.18,3.12,0.0,0.79,0.35,6,2005,0.0,125.01298701298701,96.26
2005-09-30,1793.52,130.89,1.0429711644287913,0.0,280.84000000000003,150.57999999999998,254.13,1.63,17.09,1642.94,154.2,236.44,287.49,854.86,1677.7,3307.68,5570.34,493.95,243.71,249.17,2165.43,334.16,2499.6,1253.82,3049.9,394.16999999999996,-242.29000000000002,-157.07,103.54999999999998,0.3904710061884025,0.67,0.82,1.81,0.0,0.0,9.404027294739157,12.42345762711864,17.17156944750165,17.655600264142635,20.05270526084085,4.73,4.66,0.0,0.77,0.38,9,2005,0.0,125.49723756906077,227.15
2005-12-31,1827.1400000000003,141.91,1.1304812225654364,0.0,289.04999999999995,159.69,273.15999999999997,1.57,14.34,1667.4400000000005,134.55999999999997,84.04,331.11,942.08,1578.54,3449.04,5657.38,434.09,216.82,236.67,2034.93,303.78,2338.71,1253.82,3297.98,51.940000000000055,-103.44,-100.89999999999999,113.47000000000003,0.3445877668945106,0.6,0.71,2.94,0.0,0.0,10.028214382485231,12.67369425025741,17.210999837424808,18.54912046821655,19.364297404216117,5.57,5.51,0.0,0.78,0.31,12,2005,0.0,125.53061224489797,369.06
2006-03-31,1743.24,55.31,0.44,1.2,198.21,76.78,185.71,1.5,-2.98,1666.46,66.76,79.16,326.9,926.21,1628.29,3482.43,5764.06,504.4,247.45,176.67,2148.63,240.06,2388.69,1253.82,3353.29,210.53,-223.54,8.14,108.93,0.8524999999999999,0.56,0.71,0.44,1.2,2.73,3.8400000000000003,5.6,6.6,7.160000000000001,8.48,3.22,3.17,0.0,0.76,0.33,3,2006,150.84545454545454,125.70454545454545,55.31
2006-06-30,1909.1499999999999,14.530000000000001,0.11650630011454755,-0.009528272414870444,178.58,35.980000000000004,151.95000000000002,1.45,0.0,1873.17,40.86,56.92,404.34,1026.57,1729.54,3517.74,5873.44,610.06,339.27,186.67,2422.32,211.29,2633.61,1253.82,3217.37,66.17999999999998,-62.53,-25.89,115.97,3.1122780454232624,0.57,0.82,0.56,1.2,2.14,0.9903035509736541,1.639410080183276,1.805847651775487,1.8973883161512026,2.7212542955326464,1.94,1.91,0.0,0.71,0.29,6,2006,-1.1883116883116998,124.71428571428571,69.84
2006-09-30,1780.7500000000005,-31.970000000000006,-0.25326115658832854,0.01444037873929611,134.31,-10.030000000000001,110.86999999999995,1.22,-2.1,1790.7799999999997,-8.930000000000007,79.8,355.23,942.4,1580.66,3547.18,5780.06,589.69,346.2,155.0,2387.6,184.29,2571.89,1253.82,3185.39,242.24000000000007,-137.70999999999998,-81.66,120.9,-1.2052776040037532,0.48,0.81,0.3,1.2,4.0,-2.228698177977291,-6.112035912331663,-4.01841035120148,-4.0859466596250344,-10.231750726168473,0.71,0.7,0.0,0.66,0.27,9,2006,1.8228571428571456,126.23333333333333,37.87
2006-12-31,1908.88,74.16,0.5891493349995537,-0.0034026600017851784,207.45999999999992,94.82000000000001,219.54000000000008,1.22,-2.35,1814.0600000000004,56.24000000000001,126.56,367.7,1093.19,1614.1,3656.47,5932.43,771.19,272.51,155.0,2484.75,165.71,2650.46,1253.82,3259.72,108.25999999999999,-259.28,197.78,124.71999999999997,0.5173985302049624,0.47,0.81,0.89,1.2,1.35,5.004459519771489,9.029210033026867,9.108645898420065,9.0556886548246,15.172250290100868,1.55,1.53,0.0,0.65,0.21,12,2006,-0.42831460674156574,125.87640449438202,112.03
2007-03-31,1767.42,-39.79,-0.32,0.0,99.82,-18.12,118.23,1.13,0.0,1785.55,-38.05,98.81,365.28,1149.32,1636.44,3807.87,6122.33,810.91,493.75,155.0,2774.69,107.45,2882.14,1253.82,3219.94,219.23,-276.79,29.8,136.35,-0.8825,0.44,0.9,-0.32,0.0,0.0,-2.6,-1.2,-4.96,-4.84,-2.16,-2.29,-2.25,0.0,0.59,0.18,3,2007,0.0,124.34375,-39.79
2007-06-30,1961.5099999999998,-6.100000000000001,-0.049182828502941825,0.3,150.67000000000002,21.25,155.0,1.32,0.0,1940.2500000000002,-2.5900000000000034,123.47,434.33,1171.59,1775.77,3329.33,5813.75,1141.1,548.37,136.25,3239.03,107.63,3346.66,1253.82,2447.12,56.49000000000004,-370.75999999999993,338.94,133.75000000000003,-6.714233606557376,0.68,1.37,-0.37,0.3,-0.81,-0.42004794072782753,0.026585312704292884,-0.9996077576814123,-0.8613641316190894,0.06380475049030292,-1.25,-1.23,0.0,0.55,0.19,6,2007,37.20810810810811,124.02702702702703,-45.89
2007-09-30,2137.4900000000002,142.76999999999998,1.1347326589595375,0.004270817059834389,329.85,170.59,310.0,1.29,0.0,1966.8999999999996,140.6,100.32,425.23,1194.89,1748.26,3454.08,5923.96,1401.71,364.66,77.5,3285.53,27.67,3313.2,1253.82,2589.89,117.57999999999998,-279.4100000000001,138.69,139.40999999999997,0.285001050640891,0.62,1.28,0.77,0.3,0.39,9.667332782824111,17.507303881090007,22.04623451692816,19.74729562345169,38.78722543352601,1.67,1.65,0.0,0.53,0.17,9,2007,0.5373464373464358,125.81818181818181,96.88
2007-12-31,2370.25,186.03000000000003,1.4860832066735004,-0.0015260233739608144,354.04999999999995,214.85999999999999,360.73,1.23,0.0,2155.4000000000005,178.60000000000002,100.83,466.33,1428.26,2031.2,3461.78,6250.54,1351.43,335.9,74.54,3140.12,312.93,3453.05,1253.82,2775.92,-11.520000000000039,-198.72000000000003,210.73999999999995,145.87,0.2053047895500726,0.56,1.24,2.26,0.3,0.13,11.914968011028243,16.78090417447245,26.802102435403487,24.64530910890389,32.851644692658446,3.48,3.43,0.0,0.65,0.19,12,2007,-0.19102976669347527,125.18141592920357,282.91
2008-03-31,2265.65,109.05,0.87,0.0,265.7,141.3,282.64,1.62,0.0,2124.35,99.56,108.81,427.99,1548.99,2123.89,3519.16,6424.85,1217.74,588.04,71.58,3240.15,277.19,3517.34,1253.82,2884.96,440.77,-179.8,-252.99,141.34,0.465,0.7,1.22,0.87,0.0,0.0,6.8,9.0,15.12,14.279999999999998,17.76,4.91,4.81,0.0,0.66,0.18,3,2008,0.0,125.34482758620689,109.05
2008-06-30,2671.68,234.07999999999998,1.8692017602657887,0.8,419.59,271.47999999999996,414.12,1.62,0.0,2400.2000000000003,223.02999999999997,137.82,526.07,1790.36,2491.09,3610.73,6872.73,1780.04,421.19,87.37,3567.15,263.11,3830.26,1253.82,3018.75,-100.88999999999999,-193.55,323.44,142.64000000000001,0.21621528964456596,0.67,1.27,2.74,0.8,0.29,13.61652085215516,17.764238626759536,31.026020458718264,34.273246874362485,34.08223355579518,7.08,6.95,0.0,0.7,0.2,6,2008,100.18394160583941,125.22992700729925,343.13
2008-09-30,3157.4400000000005,418.33000000000004,3.3347294670764063,0.0013808662996806888,610.1200000000001,466.52,612.46,1.81,0.0,2690.92,432.82,142.76,617.28,1948.97,2741.17,3709.41,7254.01,1707.32,368.37,83.16,3539.18,249.94,3789.12,1253.82,3437.08,321.22,-258.85,-57.42,145.94,0.13651782085913033,0.66,1.1,6.07,0.8,0.13,23.073910645339218,29.314854096078584,48.67496388516797,55.53121161978305,52.01518714049327,9.56,9.41,0.0,0.77,0.22,9,2008,0.17322478625285953,125.44645799011532,761.46
2008-12-31,3073.369999999999,314.6099999999999,2.5085299283503857,-0.00019374914657190127,528.1899999999998,342.4100000000001,499.3299999999999,1.82,0.0,2730.96,299.9900000000001,155.2,642.36,2053.08,2884.34,3781.74,7498.72,1650.39,399.04,83.16,3480.86,236.71,3717.57,1253.82,3751.69,332.64,-253.12,-67.08,156.92000000000002,0.17956732144559936,0.61,0.99,8.58,0.8,0.09,16.782006746772975,20.781620898268695,33.540623937104456,38.557683793805225,35.56382056929381,9.79,9.64,0.0,0.83,0.24,12,2008,-0.02429925922513121,125.4160839160839,1076.07
2009-03-31,2393.65,76.02,0.61,0.0,266.78,131.54,291.97,2.03,0.0,2262.11,94.13,169.08,499.3,1793.56,2495.81,3804.12,7318.03,1435.95,344.56,63.16,2202.47,1256.87,3459.34,1253.82,3827.71,624.31,-338.18,-272.25,160.43,0.8325,0.66,0.9,0.61,0.0,0.0,4.16,7.64,7.96,9.04,10.28,3.23,3.18,0.0,1.13,0.32,3,2009,0.0,124.62295081967213,76.02
2009-06-30,2941.23,190.74,1.5230026990553307,2.5,355.27,220.15,385.78,1.96,0.0,2721.07,196.57,154.23,627.99,1648.44,2466.89,4053.07,7515.81,1440.44,459.23,63.16,2348.04,1429.9,3777.94,1253.82,3705.02,535.5900000000001,-386.36999999999995,-164.07999999999998,165.63,0.3216671909405473,0.66,1.02,2.13,2.5,1.17,10.153351327035537,13.985883940620782,20.59271255060729,22.680584795321636,19.477273954116058,5.07,5.0,6.23,1.05,0.35,6,2009,313.0985915492958,125.23943661971832,266.76
2009-09-30,3226.829999999999,412.96000000000004,3.2928900135349854,0.0033920346654749563,576.97,462.72999999999996,648.03,2.36,0.0,2764.1099999999997,408.06,135.43,674.55,1970.01,2838.99,4180.12,8039.78,1540.48,468.5,108.16,2453.76,1429.67,3883.43,1253.82,4117.98,255.26999999999998,-325.51,51.44999999999999,185.3,0.18105676094537,0.72,0.94,5.42,2.5,0.46,20.53499676337315,25.881386453245455,40.12222444535986,43.718886600364854,35.43198258106279,8.07,7.94,9.24,1.16,0.35,9,2009,0.42539369055657517,125.40959409594096,679.72
2009-12-31,3151.0,387.8699999999999,3.0917990052360915,0.0008297994631422721,574.6100000000001,435.57000000000005,622.21,3.85,0.0,2715.4299999999994,383.20000000000005,202.13,604.81,1952.86,2811.13,4307.34,8165.87,1120.83,560.24,142.16,2122.99,1491.17,3614.16,1253.82,4505.86,714.8800000000001,-286.1700000000001,-362.0,186.64,0.30964981823806953,1.07,0.8,8.51,2.5,0.29,18.99403666201444,23.193942243745255,34.427599733980266,37.58116205659475,30.06783615432891,9.28,9.11,10.53,1.32,0.4,12,2009,0.10409936649307383,125.45123384253819,1067.59
2010-03-31,2897.15,286.81,2.29,0.0,471.36,335.4,439.58,5.98,0.0,2561.76,290.66,122.49,591.39,1924.57,2681.83,4530.53,8447.18,1154.0,425.97,1139.16,3055.28,575.43,3630.71,1253.82,4765.07,434.27,-580.59,66.68,104.18,0.6525,1.57,0.76,2.29,0.0,0.0,13.600000000000001,17.0,24.08,26.72,24.88,10.09,9.9,10.93,0.88,0.25,3,2010,0.0,125.24454148471615,286.81
2010-06-30,3057.93,286.61999999999995,0.22992379191880435,2.5,486.6,335.23,441.12000000000006,9.8,0.0,2722.6899999999996,282.38999999999993,223.04,705.59,2010.94,2978.47,4676.24,8897.92,1279.3,432.78,103.16,2068.85,2047.03,4115.88,1253.82,4740.33,251.43000000000006,-291.66999999999996,140.79,105.88999999999999,10.653529935105716,2.59,0.87,0.46,2.5,5.43,12.875732347453045,16.334585912840275,24.191981584500287,27.151000819629246,19.63349249254486,9.82,9.63,10.44,1.44,0.47,6,2010,3116.4673913043475,1246.586956521739,573.43
2010-09-30,3375.33,371.4200000000001,0.2948245753294174,0.026220518094659844,587.1299999999999,435.0400000000001,543.3199999999999,8.4,0.0,2940.29,378.61,189.16,711.45,2253.9,3439.19,4559.05,9327.76,571.7,569.3,123.16,1554.68,2614.9,4169.57,1253.82,5112.17,638.0999999999999,-360.74,-311.25,108.28000000000003,7.122879758763662,2.06,0.82,0.75,2.5,3.33,15.928389056463994,20.01662316769858,29.057910144467378,32.18698163729693,22.35949579298302,10.33,10.13,11.04,2.21,0.76,9,2010,33.03260869565247,1259.8,944.85
2010-12-31,3361.8099999999995,218.60000000000002,0.174737204005329,-0.01754265331557011,469.9200000000001,274.6199999999999,721.9900000000002,8.1,0.0,3087.1900000000005,250.7800000000001,181.59,740.43,2306.03,3284.14,4628.73,9215.25,452.86,454.55,143.16,1255.58,2577.74,3833.32,1253.82,5330.77,182.54999999999995,-21.039999999999964,-169.07000000000002,447.37,11.589260635864592,1.91,0.72,0.93,2.5,2.69,9.492175856289485,11.934738923030643,16.406508229833683,17.78185912587563,13.03201340839744,9.33,9.17,10.26,2.62,0.78,12,2010,-21.946236559139834,1251.021505376344,1163.45
2011-03-31,3121.06,251.71,0.2,0.0,489.77,311.78,417.58,9.4,0.0,2809.27,305.58,153.36,694.75,2575.51,3467.04,4702.68,9458.23,301.72,587.89,143.16,1271.42,2773.88,4045.3,1253.82,5358.53,417.86,-228.34,-217.75,105.8,11.75,2.2,0.75,0.2,0.0,0.0,10.64,13.92,18.8,19.88,15.24,8.23,8.06,9.52,2.73,0.7,3,2011,0.0,1258.55,251.71
2011-06-30,3570.68,362.13,0.28907158217124984,0.3,600.24,450.51,562.8499999999999,11.0,0.0,3120.18,401.87000000000006,189.2,841.04,2566.61,3638.1,4801.05,9757.39,636.13,545.31,143.16,1616.26,2750.03,4366.28,1253.82,5334.99,429.48,-273.55999999999995,-120.07999999999998,112.33999999999999,9.513647032833513,2.59,0.82,0.49,0.3,0.61,14.84294083148703,19.27930470480907,27.160929884008862,28.76557213606151,22.08742864590121,9.33,9.17,11.19,2.25,0.66,6,2011,375.8204081632653,1252.734693877551,613.84
2011-09-30,4026.5,370.92999999999995,0.2975666399260741,-0.001489812290158734,672.4000000000001,447.53999999999996,566.4800000000001,8.75,0.0,3578.95,469.8399999999999,234.14,816.88,2582.01,3678.74,4922.28,9848.8,491.28,527.92,80.0,1414.08,2672.06,4086.14,1253.82,5700.43,629.2399999999999,-248.65999999999997,-335.63000000000005,118.94,7.353982961744804,1.92,0.72,0.79,0.3,0.38,15.066665312712612,19.014131624643316,26.035197660367395,27.451464199762377,21.605598058429884,9.33,9.19,11.47,2.6,0.78,9,2011,-1.8571170240248307,1246.5443037974683,984.77
2011-12-31,3714.2700000000004,218.62000000000012,0.1744033106474211,0.0016721432838308283,449.10000000000014,233.91000000000008,354.22,10.3,0.0,3480.370000000001,215.48000000000002,173.04,773.97,2816.23,3834.89,5037.07,10068.4,666.22,451.16,80.0,1430.33,2653.68,4084.01,1253.82,5919.05,72.75999999999999,-267.4200000000001,133.56000000000006,120.31,14.76577474613484,2.18,0.69,0.96,0.3,0.31,8.683831509319509,10.878406501632892,14.773413772758628,15.543695061451409,12.142830503826696,8.47,8.34,10.67,2.68,0.71,12,2011,2.0960838607595633,1253.5312500000002,1203.39
2012-03-31,3506.58,-13.9,-0.01,0.0,205.4,22.35,143.97,10.3,0.0,3484.23,-12.54,182.41,776.0,2795.14,3796.2,5112.26,10092.92,521.58,618.67,80.0,1481.14,2637.71,4118.85,1253.82,5905.15,425.35,-215.06,-200.93,121.62,-257.5,2.19,0.7,-0.01,0.0,0.0,-0.56,0.92,-0.96,-1.0,1.04,-0.41,-0.4,0.7,2.56,0.68,3,2012,0.0,1390.0,-13.9
2012-06-30,3847.67,-16.28,-0.010788601722995362,0.33,258.0,23.259999999999998,147.29999999999998,9.5,0.0,3824.4100000000003,-1.1700000000000017,196.78,877.96,2535.55,3652.87,5144.47,10166.82,1043.26,618.46,80.0,1995.44,2625.71,4621.15,1253.82,5475.13,415.6,-463.56,56.54000000000002,124.03999999999999,-220.139742014742,2.18,0.84,-0.02,0.33,-16.5,-0.6473161033797218,0.9925513585155733,-1.1867461895294897,-1.2083233929754806,1.2083233929754806,-0.42,-0.41,0.68,1.83,0.56,6,2012,497.97,1509.0,-30.18
2012-09-30,3942.0699999999997,-23.880000000000003,-0.017669256381798004,-0.03845726970033298,219.34000000000003,13.509999999999998,139.63,7.3,0.0,3928.55,-60.93,183.12,897.61,3018.78,4152.49,5094.37,10657.08,1398.54,752.22,80.0,2523.46,2610.52,5133.99,1253.82,5451.26,-102.40000000000009,-211.71000000000004,300.45,126.11999999999998,-103.28674623115577,1.68,0.94,-0.04,0.33,-8.25,-0.9011320754716982,1.0248168701442841,-1.7492563817980025,-1.7139178690344061,1.2898557158712542,-0.49,-0.48,0.56,1.65,0.45,9,2012,-51.97500000000002,1351.5,-54.06
2012-12-31,4354.620000000001,94.89,0.06972079353416605,0.002303453343130045,312.84000000000003,137.84,264.6700000000001,8.05,0.0,4216.789999999999,64.86,282.98,1002.61,4212.36,5504.23,5224.91,12868.82,3532.73,1032.68,80.0,4655.25,2593.92,7249.17,1253.82,5546.37,-873.4399999999999,-1100.54,2073.7400000000002,126.83000000000004,28.864774739171672,1.82,1.31,0.03,0.33,11.0,2.9747538574577517,15.989301983835416,6.879118295371051,6.600235121234387,22.31065393093314,0.27,0.26,1.36,1.18,0.28,12,2012,3.134999999999991,1361.0,40.83
2013-03-31,3968.13,129.53,0.1,0.0,319.32,200.23,325.36,8.5,0.0,3767.9,67.81,183.9,903.11,3848.3,4941.09,5418.83,12849.08,3064.44,1079.65,2080.0,6228.3,576.31,6804.61,1253.82,5969.52,804.07,-364.92,-538.23,125.13,21.25,1.79,1.14,0.1,0.0,0.0,4.04,7.0,8.68,8.72,12.08,3.38,3.26,4.01,0.79,0.18,3,2013,0.0,1295.3,129.53
2013-06-30,4237.499999999999,302.34000000000003,0.2380244054923936,0.0,452.05,345.43999999999994,651.4499999999999,8.15,0.0,3892.06,191.07999999999998,216.05,969.25,3177.02,4370.88,5468.91,12396.93,2195.13,1208.37,2080.0,5490.33,559.93,6050.26,1253.82,6269.2,1205.42,-233.96999999999997,-939.29,306.01,8.559836525104187,1.63,0.97,0.34,0.0,0.0,9.744999189570937,13.553389677449232,19.29397828050108,20.582110357283444,22.122268275175404,5.45,5.26,5.47,0.8,0.22,6,2013,0.0,1270.205882352941,431.87
2013-09-30,4501.09,609.58,0.4858143933938259,0.0,796.5600000000001,657.2700000000001,890.4300000000001,9.0,0.0,3843.8200000000006,532.58,244.73,979.1,3332.35,4582.99,5605.05,12851.65,2143.07,1115.87,2080.0,5347.63,543.85,5891.48,1253.82,6876.66,515.1699999999998,-371.5,-115.0,233.15999999999997,4.629957511729388,1.64,0.86,0.83,0.0,0.0,18.964320898746937,23.951234912861878,35.44689116136156,39.56753372701522,37.5306251860387,8.47,8.2,8.42,0.86,0.23,9,2013,0.0,1254.7590361445784,1041.45
2013-12-31,4524.680000000002,462.16999999999985,0.36884585201048126,0.0,712.78,512.9299999999998,375.08000000000015,12.8,0.0,4011.75,392.03999999999996,310.6,1100.75,3216.94,4645.81,5686.34,13103.15,2046.89,921.12,2080.0,5075.58,569.81,5645.39,1253.82,7369.81,547.19,-322.08000000000004,-159.23000000000002,-137.8499999999999,8.67842211740269,2.18,0.77,1.2,0.0,0.0,14.114501270267752,16.24151235019486,25.081517936712725,28.62243811601335,26.274119524879954,9.0,8.73,9.23,0.92,0.28,12,2013,0.0,1253.0166666666667,1503.62
2014-03-31,4151.76,424.25,0.34,0.35,581.66,453.18,588.05,14.5,0.0,3698.58,317.92,251.61,886.39,3825.44,4978.76,5834.94,13626.18,2041.0,1128.17,80.0,3268.57,2554.44,5823.02,1253.82,7712.42,338.83,-332.92,-64.91,134.87,10.6625,2.36,0.76,0.34,0.35,1.03,12.44,13.68,22.0,24.8,17.52,10.56,10.22,11.54,1.52,0.35,3,2014,436.72794117647055,1247.7941176470588,424.25
2014-06-30,4634.83,481.20000000000005,0.3826428847534375,0.0027206166579504497,658.0100000000001,511.26000000000005,856.8800000000001,12.8,0.0,4123.57,376.45,357.17,1032.62,3444.36,4847.89,5977.64,13759.43,1589.5,1225.77,230.0,3071.47,2840.2,5911.67,1253.82,7758.9,975.4300000000001,-373.96999999999997,-495.89,345.62,8.363934434746467,2.07,0.76,0.72,0.35,0.49,13.987723231542327,15.667100336849082,24.80801369484787,27.443998012038215,19.174660113755593,10.63,10.3,12.85,1.58,0.46,6,2014,3.4213643790850483,1257.5694444444446,905.45
2014-09-30,4996.15,505.5899999999999,0.4048905062932304,-0.0024837816630129657,644.6099999999999,539.6599999999999,475.70000000000005,20.2,0.0,4456.49,359.40999999999997,474.28,1060.62,2933.63,4487.18,6032.77,13568.87,1175.0,995.4,230.0,2416.97,2793.41,5210.38,1253.82,8264.49,907.0400000000002,-276.23,-513.7,-63.960000000000036,12.475224589093932,3.06,0.63,1.13,0.35,0.31,14.905703594511849,16.32461191745096,24.465419265222813,26.715607211702004,19.334417450958156,10.58,10.24,13.51,1.86,0.64,9,2014,-3.10151794493612,1248.70796460177,1411.04
2014-12-31,4618.269999999999,368.54999999999995,0.2940795351738321,0.0012635728414524328,610.2500000000002,397.48,545.5899999999997,17.8,0.0,4220.790000000001,275.47,269.73,905.35,3274.3,4468.79,6145.94,13737.41,1177.05,895.46,230.0,2338.93,2665.49,5004.43,1253.82,8633.26,291.92999999999984,-356.94999999999993,-139.52999999999997,148.11,15.137741554741554,2.59,0.58,1.42,0.35,0.25,10.727690085918665,11.738329615248455,17.07318090121882,18.423461583847963,13.817596187885972,9.98,9.67,13.34,1.91,0.51,12,2014,1.5835504175495316,1253.2323943661972,1779.59
2015-03-31,3922.29,218.18,0.17,0.4000000000000001,463.0,246.2,391.21,11.4,0.0,3676.1,179.58,346.35,874.67,3647.08,4886.5,6325.75,14330.97,1639.92,1012.44,210.0,2890.82,2484.9,5375.72,1253.82,8851.92,147.22,-303.0,232.4,145.01,16.765,1.61,0.61,0.17,0.4,2.35,6.08,7.04,9.84,10.52,8.6,5.66,5.56,7.98,1.69,0.43,3,2015,513.364705882353,1283.4117647058822,218.18
2015-06-30,4114.86,199.86,0.15776911300354035,-0.005249145874022733,425.05999999999995,226.67000000000002,374.06,12.0,0.0,3888.18,144.91,519.2,875.33,3409.26,4821.6,6428.67,14388.01,1655.0,1001.02,323.32,3011.72,2718.72,5730.44,1253.82,8550.94,671.92,-322.75,-176.32,147.39,19.013227259081354,1.76,0.67,0.33,0.4,1.21,5.564946895033969,6.425505693235097,9.351405607118936,9.810370299492872,7.955388001148216,5.3,5.2,7.47,1.6,0.47,6,2015,-6.649554367201404,1266.7878787878788,418.04
2015-09-30,4393.1900000000005,326.23999999999995,0.2586144999193851,-0.001679394037108832,496.1200000000001,364.16999999999996,512.0699999999999,9.65,0.0,4029.0199999999995,208.54999999999995,292.54,873.47,3498.78,4682.5,6597.12,14530.54,1642.11,915.28,303.32,2893.7,2649.0,5542.7,1253.82,8877.18,287.14,-378.82000000000005,-134.98000000000002,147.90000000000003,9.33087665522315,1.36,0.62,0.59,0.4,0.68,8.976991454828827,10.449779115386681,14.692810232708121,15.218805825764495,12.606361046917828,6.14,5.99,8.86,1.62,0.41,9,2015,-2.118541345659935,1261.491525423729,744.28
2015-12-31,4520.130000000001,450.6400000000001,0.3582733572121984,-0.0011706052798655876,619.0699999999999,479.78,627.8800000000001,9.9,0.0,4040.3500000000004,299.82000000000005,592.49,1026.63,3173.5,4808.89,6735.99,14976.32,1787.1,813.54,283.32,2952.56,2580.51,5533.07,1253.82,9326.74,657.56,-381.85,24.24000000000001,148.09999999999997,6.9074352032664645,1.33,0.59,0.95,0.4,0.42,12.037984802329866,13.833122886887827,19.32413349847689,20.07839319787099,16.51828741673083,7.26,7.05,10.58,1.63,0.55,12,2015,-1.4723996431757769,1257.8105263157895,1194.92
2016-03-31,4070.69,274.88,0.22,0.25,448.31,324.01,472.75,12.1,0.0,3746.68,154.14,478.75,797.2,3248.85,4541.78,6827.91,14926.94,1706.82,842.68,283.32,2893.67,2313.43,5207.1,1253.82,9602.27,569.07,-304.71,-378.1,148.74,13.75,1.58,0.54,0.22,0.25,1.14,7.36,8.84,11.44,11.92,10.76,7.05,6.75,11.98,1.57,0.45,3,2016,312.3636363636364,1249.4545454545455,274.88
2016-06-30,4101.92,380.78999999999996,0.30199765125749234,0.002270058247150336,538.8900000000001,437.28,586.26,10.9,0.0,3664.64,237.60000000000002,313.38,722.74,3469.39,4524.98,7007.24,15154.1,1795.0,983.37,283.32,3134.62,2235.92,5370.53,1253.82,9669.74,488.7499999999999,-326.88000000000005,-327.24,148.98000000000002,9.022586727592637,1.41,0.56,0.52,0.25,0.48,10.058844845730322,11.96375310750835,15.750339042506138,16.72602376195342,14.70496255738405,8.4,8.02,14.49,1.44,0.34,6,2016,2.8623251748251164,1260.903846153846,655.67
2016-09-30,4575.740000000001,495.66999999999996,0.3960744871193566,-0.0018872658080016417,748.4099999999999,605.6100000000001,756.24,14.7,0.0,3970.130000000001,440.36,345.92,901.98,3215.14,4483.65,7211.52,15455.05,1556.64,1085.75,245.82,2960.66,2210.28,5170.94,1253.82,10165.41,844.52,-477.63,-334.35,150.63,9.279567655900095,1.81,0.51,0.92,0.25,0.27,12.829369256692202,15.705214445776225,19.510973648097,20.81974151857835,18.83936908298157,9.43,9.03,17.59,1.51,0.43,9,2016,-2.3618311036789237,1251.4565217391303,1151.34
2016-12-31,4645.76,492.3600000000001,0.392402263186713,0.0006527889094328775,766.1299999999999,593.29,743.3200000000002,14.7,0.0,4052.4699999999993,426.9999999999999,310.87,932.66,3653.33,4915.0,7430.75,16160.33,1931.38,886.47,208.32,3198.37,2182.87,5381.24,1253.82,10657.77,186.48000000000025,-503.8899999999999,282.36,150.02999999999997,9.364242627345844,1.73,0.5,1.31,0.25,0.19,12.185438218653042,15.08502135426173,18.475856178134702,19.70997627304253,18.116403723307176,9.85,9.45,19.76,1.54,0.39,12,2016,0.8190756720876493,1254.7328244274809,1643.7
2017-03-31,4290.65,424.1,0.34,0.3,629.38,464.34,620.28,18.4,0.0,3826.31,293.02,343.42,837.49,3959.87,5160.24,7582.93,16615.49,1750.0,1010.05,170.82,3461.76,1949.38,5411.14,1253.82,11081.87,494.93,-354.38,-108.0,155.94,13.53,2.08,0.49,0.34,0.3,0.88,10.2,11.76,15.320000000000002,16.4,14.12,10.3,9.88,22.32,1.49,0.35,3,2017,374.20588235294116,1247.3529411764705,424.1
2017-06-30,4360.540000000001,493.73,0.39269025854461065,0.0023737575393623696,679.57,555.3299999999999,718.6000000000001,19.4,0.0,3805.22,359.97,590.0,886.85,3846.19,5343.42,7664.02,16912.12,1660.0,1493.49,133.36,3365.28,2222.55,5587.83,1253.82,11199.57,1125.59,-258.19000000000005,-620.82,163.26999999999998,12.352865635063697,2.17,0.5,0.73,0.3,0.41,11.683880021354717,13.684986544349172,17.644165041456475,18.935201507904516,16.20250765392284,11.08,10.61,25.65,1.59,0.44,6,2017,2.9845286059629643,1257.3013698630139,917.83
2017-09-30,4530.609999999999,505.7099999999999,0.4049829298790339,-0.002061809638753209,795.28,593.41,758.8599999999997,19.9,0.0,3937.1899999999996,462.21000000000004,692.56,941.55,3324.63,4983.97,7850.72,16814.23,1300.0,1135.16,100.03,2753.89,2227.54,4981.43,1253.82,11705.28,732.0999999999999,-378.8499999999999,-250.68999999999994,165.45000000000005,12.287184552411462,2.13,0.43,1.14,0.3,0.26,12.035808477457605,14.209927364176627,17.27927167483878,18.50132542815797,16.298786686710596,11.22,10.8,28.24,1.81,0.6,9,2017,-2.57462148521995,1248.719298245614,1423.54
