,revenue,net_profit,eps,dps,gross_profit,ebit,ebitda,close_price,allowance_doubtful_accounts,expense,operating_profit,cash,account_receivable,inventory,current_asset,property_plant_equipment,total_asset,short_term_loan,account_payable,current_portion_long_term_debt,current_liability,non_current_liability,total_liability,paid_in_capital,total_equity,cash_flow_operation,cash_flow_investment,cash_flow_financing,depreciation,P/E,P/BV,D/E,EPS,ROA%,ROAA%,ROE%,ROAE%,ROCE%,NPM%,NPMA%,TIE,CurrentRatio,QuickRatio,month,year,dividend,number_of_shares,return_old
2000-03-31,24.1,-1325.17,-1.84,0.0,3.15,-346.36,-167.5,2.6,0.0,370.46,-215.67,449.3,0.25,904.98,1640.12,24436.48,27418.93,52.86,301.34,0.0,34652.3,0.0,34652.3,0.0,-7233.36,-88.38,35.63,3.66,178.86,-0.3525,0.0,-4.79,-1.84,-19.32,0.0,73.28,0.0,19.16,-9008.63,-5498.63,0.0,0.05,0.02,3,2000,0.0,720.2010869565217,-1325.17
2000-06-30,8.75,-2584.22,-3.595997534142155,0.0,0.4500000000000002,-1019.89,-839.0,1.4,0.0,1028.6399999999999,-261.74,385.5,0.25,830.88,1476.78,24343.42,27114.26,47.12,257.12,0.0,36931.84,0.0,36931.84,7186.4,-9817.58,-69.05000000000001,10.979999999999997,-5.73,180.89,-0.09833154684972643,-1.49,-3.76,-5.44,-38.12815032524256,0.0,105.28869250701516,0.0,36.80609240827853,-22702.61,-11900.73,0.0,0.04,0.02,6,2000,0.0,718.6378676470588,-3909.39
2000-09-30,100.45000000000002,-3603.0099999999998,-5.011907579468612,0.0,-284.44,-1726.2600000000002,-1537.3000000000002,1.4,0.0,1826.71,-145.05,447.68,0.25,757.59,1467.76,24250.94,26964.21,47.28,264.77,0.0,40384.8,0.0,40384.8,7186.4,-13420.59,79.26,22.599999999999994,-32.43,188.96000000000004,-0.06776361986228181,-1.09,-3.01,-10.45,-53.44755795751025,0.0,107.3939086310633,0.0,44.20070837548586,-6538.78,-5635.71,0.0,0.04,0.02,9,2000,0.0,718.88995215311,-7512.4
2000-12-31,5.289999999999992,-1937.0,-2.695573263910936,0.0,307.54999999999995,-831.9399999999996,-643.27,1.4,0.0,837.23,-244.23000000000002,385.89,0.25,756.34,1393.85,24158.38,26749.39,47.63,269.48,0.0,42106.98,0.0,42106.98,7186.4,-15357.59,-67.05,16.89,0.3500000000000014,188.66999999999996,-0.13415513680949923,-0.95,-2.74,-13.15,-28.968700658242852,0.0,50.45129214553305,0.0,20.94962643130781,-8059.19,-6818.24,0.0,0.03,0.02,12,2000,0.0,718.5855513307985,-9449.4
2001-03-31,51.43,-2581.66,-3.59,0.0,15.94,-1050.38,-860.0,1.4,0.0,1101.81,-201.78,365.13,0.25,723.53,1342.27,24065.95,26556.23,47.22,272.34,0.0,44495.48,0.0,44495.48,7186.4,-17939.25,-25.94,-3.56,-0.41,190.38,-0.0975,-0.81,-2.48,-3.59,-38.88,-15.56,57.56,82.04000000000002,23.440000000000005,-5295.71,-5019.76,0.0,0.03,0.01,3,2001,0.0,719.125348189415,-2581.66
2001-06-30,69.88,-1864.4800000000005,-2.5957642359439883,0.0,16.450000000000003,-448.3599999999999,-254.49,1.4,0.0,518.25,-203.22,346.03,0.25,671.66,1272.78,23974.22,26347.0,48.94,272.56,0.0,46150.73,0.0,46150.73,7186.4,-19803.73,-21.529999999999998,30.24,1.71,193.87,-0.13711761456277352,-0.74,-2.33,-6.19,-28.31437822470728,-9.410169540320371,37.65745208203071,50.355310089200984,12.697858007170268,-3803.05,-3665.11,0.0,0.03,0.01,6,2001,0.0,718.2778675282714,-4446.14
2001-12-31,60.5,-7406.999999999999,-10.304563179039476,0.0,6.68,-4339.27,-3952.2300000000005,1.4,0.0,4399.76,-360.17999999999995,311.25,0.25,656.92,1215.93,19171.12,21396.05,46.81,270.66,0.0,48606.78,0.0,48606.78,7186.4,-27210.73,-46.61,24.880000000000003,-2.12,387.03999999999996,-0.03200523828810585,-0.54,-1.79,-16.49,-138.47733174500596,-60.615077523761634,108.88217636845594,139.20221308446537,53.61622321173967,-8614.83,-6519.52,0.0,0.03,0.01,12,2001,0.0,718.8077622801699,-11853.14
2002-06-30,6979.33,15569.43,21.65976097129126,0.0,-29.92,12653.57,12267.2,1.4,0.0,-5674.24,443.06999999999994,234.75,0.25,643.1,1163.66,24465.72,26545.03,46.71,309.65,0.0,50039.47,0.0,50039.47,7186.4,-23494.44,62.599999999999994,8.64,0.72,-386.36999999999995,0.016111673645085273,-0.62,-2.13,5.17,234.61249794822257,431.8545765804068,-265.11212268149154,-287.73547069792727,-486.15061181985266,16185.93,51.9,0.0,0.02,0.01,6,2002,0.0,718.8181818181819,3716.29
2002-12-31,-1029.4300000000003,-4712.47,-6.575451524824832,0.0,10.78,-1480.6600000000008,-1050.75,1.4,0.0,451.22999999999996,-414.69999999999993,199.58,0.25,617.87,1067.41,24259.66,26239.81,46.81,320.27,0.0,54457.86,0.0,54457.86,7186.4,-28218.06,-78.36,87.88000000000001,0.1,429.91,-0.05337656260941714,-0.52,-1.93,-1.39,-71.9042181131924,423.8564436146078,66.79523419462346,67.93056395430546,-357.818095926439,-1689.01,-16.25,0.0,0.02,0.01,12,2002,0.0,716.6762589928057,-996.18
2003-09-30,-3654.37,2887.89,4.014965665984743,0.0,-10.56,-3443.1899999999996,-3813.99,1.4,0.0,-211.17999999999995,492.29999999999995,159.87,0.25,598.7,1016.69,23953.79,25873.14,46.81,315.31,28704.9,52084.94,0.0,52084.94,7186.4,-26211.8,22.14,38.609999999999985,0.0,-370.80000000000007,0.08679401743141187,-0.56,-1.99,2.63,44.63786922942734,0.0,-44.088292180091024,0.0,-44.088292180091024,6625.95,76.36,0.0,0.02,0.01,9,2003,0.0,719.2813688212929,1891.71
2003-12-31,-655.6500000000001,21336.170000000002,10.38889828516421,0.0,-28.89,-1568.98,-854.2099999999998,3.16,0.0,913.32,-45.94,3262.2,0.25,1035.7,4498.97,24684.95,29645.44,15.8,32.63,0.0,194.32,11930.21,12124.53,74137.79,17520.92,-684.4799999999999,-112.49,3899.3,714.77,0.0762063481871395,19.38,0.69,11.31,287.8762796260356,4.22536977115432,487.09327874950276,-1595.6465949712156,4.041658041973698,79006.39,1275.07,0.0,23.15,17.82,12,2003,0.0,2053.7471264367814,23227.88
2004-03-31,386.8,-195.22,-0.02,0.0,8.09,-114.33,1.54,2.18,0.0,501.14,-155.77,1974.39,91.73,2080.58,4461.17,24580.14,29527.93,15.8,62.56,0.0,253.6,11963.84,12217.44,74137.79,17310.49,-1234.51,-53.3,0.0,115.87,-27.25,13.53,0.71,-0.02,-2.64,0.0,-4.52,0.0,-1.56,-56.77,-50.47,0.0,17.59,9.39,3,2004,0.0,9761.0,-195.22
2004-06-30,1532.76,-202.05999999999997,-0.02034434152235199,0.0,92.57,-119.30999999999999,17.330000000000002,1.71,0.0,1652.0500000000002,26.01000000000002,1915.77,467.39,2132.36,5329.73,24550.33,30135.9,276.23,197.95,0.0,820.05,12226.17,13046.22,74137.79,17089.68,-105.3900000000001,-213.13,259.9,136.64,-21.013213896862318,10.75,0.76,-0.04,-2.685453080950463,0.0,-4.719887233185662,0.0,-1.6275473217881595,-21.65,-20.7,0.0,6.5,3.9,6,2004,0.0,9932.0,-397.28
2004-09-30,3334.0099999999998,109.15999999999997,0.011366097459391917,0.0,426.23,204.57999999999998,355.28,1.89,0.0,3129.44,279.1,1454.29,128.4,2550.74,6139.95,24489.53,30889.55,501.01,263.63,0.0,1294.19,12385.88,13680.07,74137.79,17209.48,198.05000000000018,-884.8499999999999,225.33000000000004,150.7,41.57099670208869,11.8,0.79,-0.03,1.4093960849645977,0.15154796612522556,2.5308510342912665,-9.699069832014436,0.15154796612522556,-5.59,-5.48,0.0,4.74,2.77,9,2004,0.0,9604.0,-288.12
2004-12-31,4722.49,871.5,0.08963282937365011,0.0,712.7099999999999,974.63,1147.0700000000002,1.93,0.0,3747.87,550.51,1026.94,825.26,3630.68,7916.78,24444.56,32889.84,1785.77,447.71,0.0,2681.37,12126.47,14807.84,74137.79,18081.99,-2185.19,444.76,1313.08,172.44,5.383630120481929,11.47,0.82,0.06,10.576673866090713,18.04607631389489,19.30093592512599,19.59971202303816,18.703383729301652,6.0,5.85,0.0,2.95,1.6,12,2004,0.0,9723.0,583.38
2005-03-31,5193.48,470.24,0.05,0.0,720.28,591.18,759.49,1.74,0.0,4602.3,533.26,1067.29,600.78,5538.12,8873.0,24390.24,33786.35,1845.9,589.88,0.0,3024.79,12212.88,15237.67,74137.79,18548.68,117.44,-89.85,12.76,168.31,8.7,10.08,0.82,0.05,5.56,7.48,10.16,10.48,7.68,9.16,9.05,0.0,2.93,1.1,3,2005,0.0,9404.8,470.24
2005-06-30,2665.1800000000003,-329.4,-0.04677648395342232,0.0,293.37,-208.83999999999997,-40.190000000000055,1.11,0.0,2874.0199999999995,133.07000000000005,52.92,43.04,6960.5,8548.68,24522.71,33573.56,1469.23,463.94,0.0,2760.41,12357.56,15117.97,75105.65,18455.58,-387.56,-195.48,-431.33,168.64999999999998,-5.932468123861566,6.55,0.82,0.02,-3.9292246520874747,-11.226356148821356,-7.110025560920192,-7.390684464640727,-11.600568020448735,1.81,1.79,0.0,3.1,0.58,6,2005,0.0,7042.0,140.84
2005-09-30,3198.3600000000006,-659.5,-0.07629275440558361,0.0,-250.89,-516.41,-374.8299999999999,0.72,0.0,3714.7700000000004,-467.44000000000005,204.52,42.91,5890.92,6839.54,24674.25,31938.84,855.58,388.22,0.0,1794.74,12113.24,13907.98,76037.36,18030.86,667.84,39.879999999999995,-556.1300000000001,141.58000000000004,-2.3593328278999244,4.4,0.77,-0.06,-8.239617475803032,-2.1870589596267305,-14.648208845872055,-14.95337986349439,-2.2379207958971197,-4.73,-4.69,0.0,3.81,0.53,9,2005,0.0,8644.333333333334,-518.66
2005-12-31,4799.0599999999995,-202.2800000000001,-0.02244625072821595,0.0,-257.03999999999996,-69.71000000000001,102.44999999999999,0.6,0.0,4868.77,-427.15,376.84,2.23,4801.68,5722.06,24341.49,32586.44,226.8,391.88,0.0,1429.42,13337.46,14766.88,76037.36,17819.56,1137.22,-133.03000000000003,-831.8599999999999,172.16000000000003,-6.682630512161358,3.71,0.83,-0.08,-2.480310705467862,-0.6958337725746945,-4.54536577246373,-4.511696396371405,-0.7295031486670183,-5.15,-4.55,0.0,4.0,0.64,12,2005,0.0,9011.75,-720.94
2006-03-31,4045.0,-2220.0,-0.24,0.0,-571.0,-2079.0,-1902.0,0.72,0.0,6124.0,-785.0,485.0,265.0,3666.0,5064.0,24301.0,30046.0,233.0,300.0,0.0,1139.0,13309.0,14448.0,76037.0,15598.0,96.0,34.0,-22.0,177.0,-0.75,5.09,0.93,-0.24,-29.56,-26.04,-56.92000000000001,-52.0,-28.759999999999998,-65.97,-54.88,0.0,4.45,1.23,3,2006,0.0,9250.0,-2220.0
2006-06-30,3873.5600000000004,-1047.3400000000001,-0.1121918747360238,0.0,-43.610000000000014,-911.8400000000001,-703.4699999999998,0.43,0.0,4785.41,-200.62,193.31,85.36,4315.73,5649.31,24166.83,30491.61,349.44,471.15,0.0,1700.11,14142.36,15842.47,76138.52,14649.14,-516.26,-73.83,298.56,208.37,-0.9592940687837759,3.24,1.08,-0.35,-13.745107396230575,-11.975681257536714,-28.592900647009497,-25.310486940446967,-13.321983754369,-46.39,-41.26,0.0,3.32,0.78,6,2006,0.0,9335.257142857145,-3267.34
2006-09-30,5507.19,36.07999999999993,0.0034614360961358654,0.0,726.11,195.30999999999995,404.0999999999999,0.34,0.0,5311.880000000001,240.23000000000002,386.91,860.83,3826.78,5983.21,24057.22,30716.87,196.71,484.07,0.0,1751.53,9427.2,11178.73,171478.84,19538.14,515.25,57.26,-378.90999999999997,208.78999999999996,24.62850609756103,4.32,0.57,-0.31,0.4698620352432168,0.39840012874234737,0.7387374584527382,0.7682154948843468,0.43100462358336905,-25.85,-24.07,0.0,3.42,1.23,9,2006,0.0,10423.41935483871,-3231.26
2006-12-31,4565.299999999999,-263.8199999999997,-0.020380477700081237,0.0,241.31,-122.84999999999991,95.94000000000005,0.34,0.0,4688.139999999999,-163.28999999999996,798.4,400.4,4554.56,6731.92,23926.72,31351.12,307.36,1246.36,0.0,2525.98,9546.59,12072.57,23279.55,19278.56,339.28,-39.53,111.75,218.79000000000008,-4.173111212190134,0.6,0.63,-0.27,-3.366552983050456,-2.7566483170628397,-5.474045343740337,-5.688417775844896,-3.055561989997364,-20.53,-19.43,0.0,2.67,0.86,12,2006,0.0,12944.740740740739,-3495.08
2007-03-31,5270.85,-295.85,-0.01,0.0,65.26,-181.12,44.81,0.3,0.0,5451.96,-322.93,676.11,558.04,3896.34,6356.66,23806.9,30852.85,535.08,488.99,0.0,2322.94,7911.92,10234.85,27640.34,20618.0,-159.67,-138.03,176.98,225.93,-7.499999999999999,0.58,0.5,-0.01,-3.84,-2.36,-5.72,-6.52,-2.52,-5.77,-5.61,0.0,2.74,1.06,3,2007,0.0,29585.0,-295.85
2007-06-30,5947.84,125.64000000000001,0.0073814699488866705,0.0,494.24,222.68,459.43,0.33,0.0,5725.169999999999,91.53,354.55,705.31,3966.76,6266.88,23679.26,30654.51,484.57,582.1,0.0,1922.0,7561.58,9483.58,28755.69,21170.93,-276.65,33.599999999999994,-77.57,236.75,11.176635625596942,0.65,0.45,-0.01,1.6534492685506141,-0.41336231713765353,2.3620703836437347,2.804958580576934,-0.41336231713765353,-1.56,-1.52,0.0,3.26,1.2,6,2007,0.0,17021.0,-170.21
2007-09-30,6674.999999999998,61.38000000000001,-0.0,-0.0,398.70000000000005,159.4,389.11,0.32,0.0,6515.590000000002,103.86,499.57,1148.27,3091.02,6100.56,23588.97,30424.85,155.53,845.37,0.0,1618.86,7572.71,9191.57,28755.69,21233.27,793.28,-227.55,-421.28999999999996,229.70999999999998,-0.0,0.63,0.43,0.0,0.8121584122025178,-1.4889570890379493,1.1505577506202336,1.1956776624092624,-1.5791969126160068,-0.62,-0.61,0.0,3.77,1.86,9,2007,0.0,-inf,-108.83
2007-12-31,6044.5,-67.69000000000001,-0.003834692952639928,0.0,366.99,27.73999999999998,288.82000000000005,0.24,0.0,6016.779999999999,11.350000000000009,360.94,1430.34,4079.59,6820.53,23452.37,31101.43,801.19,939.35,0.0,2800.59,7132.37,9932.96,28755.69,21168.47,-820.41,69.93,612.04,261.08000000000004,-15.64662431673807,0.47,0.47,-0.01,-0.8743099932019034,1.1197303421708589,-1.273118060276456,-1.3344731475186948,1.2424405166553367,-0.75,-0.74,0.0,2.44,0.98,12,2007,0.0,17652.0,-176.52
2008-03-31,6688.32,473.69,0.02,0.0,560.14,488.75,714.04,0.27,0.0,6199.58,76.65,375.82,2105.79,3450.13,7669.32,23359.46,31880.69,358.97,1042.78,0.0,3487.98,850.84,4338.82,44466.72,27541.87,566.54,-110.55,-440.4,225.29,3.375,0.63,0.16,0.02,5.96,6.24,6.88,7.88,6.88,7.55,7.08,0.0,2.2,1.21,3,2008,0.0,23684.5,473.69
2008-06-30,7993.58,537.3599999999999,0.015944612036991244,0.0,1220.2600000000002,556.9100000000001,838.44,0.46,0.0,7436.66,556.07,304.94,1433.62,4963.39,8766.69,23196.12,33198.95,384.87,2340.07,0.0,4219.44,886.83,5106.26,30967.89,28092.68,477.28,-154.27999999999997,-394.5400000000001,281.53,7.210899815765968,0.73,0.18,0.03,6.484142228376439,6.97311033084417,7.653413777755797,8.716387913555213,7.674673260471785,7.09,6.89,0.0,2.08,0.9,6,2008,0.0,33701.666666666664,1011.05
2008-09-30,7895.640000000001,53.680000000000064,0.001512496125778368,0.0,1399.48,99.0,481.8399999999999,0.24,0.0,7796.629999999999,576.6800000000001,131.19,1964.8,6131.99,10691.32,22897.62,34782.31,1516.21,3066.59,0.0,6056.3,607.71,6664.02,30967.89,28118.29,-1612.9899999999998,258.12,1180.94,382.84,39.66952309985092,0.38,0.24,0.03,0.6170984193175741,0.7078481868642763,0.7643147088933354,0.8691811069473022,0.8026312774130541,4.84,4.72,0.0,1.77,0.75,9,2008,0.0,35491.0,1064.73
2008-12-31,4312.389999999999,-4704.25,-0.1292546819360795,0.0,-2095.53,-4666.4400000000005,-3972.17,0.14,0.0,8978.84,-3474.25,83.26,1864.49,3761.09,6771.81,22073.05,30163.54,1304.61,2781.02,0.0,6357.12,394.88,6752.0,27394.67,23411.54,670.55,-268.28000000000003,-450.5,694.2700000000001,-0.27078322793218895,0.24,0.29,-0.1,-62.40416043873918,-59.45715369059656,-80.39641216424144,-84.42915824064711,-76.46706983338461,-13.94,-13.53,0.0,1.07,0.47,12,2008,0.0,36395.2,-3639.52
2009-03-31,4171.45,-4842.25,-0.12,0.0,-2238.01,-4709.43,-4384.17,0.11,1045.4,8880.88,-2726.71,139.69,870.89,1826.74,3699.0,21881.25,26866.28,643.82,2542.79,0.0,7911.4,395.58,8306.98,27394.67,18559.3,924.04,-104.56,-764.2,325.26,-0.22999999999999998,0.24,0.45,-0.12,-72.08,-64.12,-104.36,-84.04,-99.4,-143.61,-116.08,0.0,0.47,0.24,3,2009,0.0,40352.083333333336,-4842.25
2009-06-30,4583.740000000001,540.79,0.013829467204158587,0.0,-1267.9399999999996,574.8500000000004,816.29,0.18,963.45,4008.8900000000012,-1574.3500000000004,60.24,781.23,1084.21,2404.8,21735.9,25190.17,0.0,2129.8,0.0,5693.74,391.39,6085.13,27394.67,19105.04,480.1500000000001,-56.72999999999999,-502.3699999999999,241.44000000000005,3.261152388172858,0.37,0.32,-0.11,8.589356358073768,7.120918385850385,11.320047518749448,9.167679532065856,10.666290887280132,-61.18,-49.13,-29.16,0.42,0.23,6,2009,0.0,39104.181818181816,-4301.46
2009-09-30,1967.4099999999999,-566.6199999999999,-0.01396739576999556,0.0,-239.97000000000025,-533.96,-350.78999999999996,0.28,963.45,2501.369999999999,-672.21,35.68,826.21,807.78,2135.55,23238.48,26196.45,0.0,2029.17,0.0,7267.68,390.36,7658.04,27394.67,18538.41,216.04999999999995,-51.69,-188.76,183.16999999999996,-5.00451201863683,0.6,0.41,-0.12,-8.650473780217249,-7.128027641287734,-12.226127097336114,-9.716651657326912,-11.48119932293635,-54.34,-45.4,-29.64,0.29,0.18,9,2009,0.0,40567.333333333336,-4868.08
2009-12-31,3553.49,-1540.13,-0.03845392082968567,0.0,-1220.8500000000004,-1440.9700000000003,-1214.71,0.2,302.46,4994.459999999999,-1740.4799999999996,42.84,93.15,1058.48,1455.1,24530.09,26663.82,0.0,3699.16,0.0,8284.05,1381.49,9665.54,27394.67,16998.28,75.59999999999991,-25.159999999999997,-40.830000000000155,226.26,-1.3002575269620096,0.47,0.57,-0.16,-23.10119293843367,-20.668982445956047,-36.242820381978746,-30.493959217940738,-31.955208209468797,-52.04,-44.89,-32.86,0.18,0.05,12,2009,0.0,40051.3125,-6408.21
2010-03-31,3885.18,-5.26,0.0,-0.0,205.92,79.94,287.3,0.2,0.0,3805.24,-250.33,97.17,389.93,966.6,1685.34,24350.04,26667.11,0.0,2679.33,0.0,6492.28,1367.12,7859.4,27394.67,18807.71,107.38,-16.24,-36.58,207.36,0.0,0.42,0.42,0.0,-0.08,1.2,-0.12,-0.12,1.6,-0.15,-0.14,4.81,0.26,0.11,3,2010,0.0,-inf,-5.26
2010-06-30,3979.57,-424.05,-0.009877477813235192,0.0,95.60999999999999,-345.25,-133.97,0.18,0.0,4324.820000000001,-324.56999999999994,59.87,310.65,1393.8,2103.35,24164.76,26920.88,0.0,3826.08,0.0,8951.94,1399.96,10351.9,27394.67,16568.97,-54.15,-39.08,55.29,211.27999999999997,-4.555818889281924,0.43,0.62,-0.01,-6.282075889217582,-4.030010947799958,-10.233067014511658,-9.521888611958726,-5.8474668654352335,-5.86,-5.46,-7.91,0.23,0.08,6,2010,0.0,42931.0,-429.31
2010-09-30,4338.18,-124.29000000000002,-0.0022451228323699425,0.0,-51.19999999999996,-9.269999999999982,191.48999999999998,0.24,0.0,4347.45,-416.76,88.09,811.4,1000.41,2257.68,23992.54,26886.31,0.0,3590.23,0.0,9077.56,1364.07,10441.62,27394.67,16444.68,60.11000000000001,-3.520000000000003,-27.69,200.76,-26.724595703596425,0.58,0.63,-0.01,-1.8499812138728327,-0.9249906069364163,-3.0264255780346825,-2.8378352601156074,-1.3829956647398847,-4.89,-4.54,-2.59,0.25,0.14,9,2010,0.0,55360.0,-553.6
2010-12-31,3962.379999999999,-3117.94,-0.07642967256246698,0.0,62.43999999999997,-2985.3,-2787.7400000000002,0.25,0.0,6947.6799999999985,-315.09000000000003,56.84,418.09,1037.72,1966.33,21070.3,23691.66,0.0,3129.03,367.14,9256.75,957.88,10214.63,27394.74,13477.03,12.090000000000003,-28.08,-15.79,197.56000000000006,-0.8183994239786525,0.74,0.76,-0.09,-52.651552209699474,-43.98952265261988,-92.53085691562667,-81.86467150024241,-76.70142250935574,-24.22,-22.71,-18.76,0.21,0.1,12,2010,0.0,40794.88888888889,-3671.54
2011-03-31,4743.99,-202.92,-0.01,0.0,359.13,-56.29,203.6,0.25,0.0,4800.28,68.87,51.43,215.24,973.12,1513.05,20842.18,23023.41,0.0,1377.48,368.33,6023.0,3676.08,9699.09,27533.31,13324.32,67.07,-10.87,-61.64,259.89,-6.25,0.75,0.73,-0.01,-3.52,-0.92,-6.08,-5.04,-1.32,-4.29,-4.28,-0.93,0.25,0.09,3,2011,0.0,20292.0,-202.92
2011-06-30,5105.32,-275.71000000000004,-0.005760399473497275,0.0,116.57999999999998,-194.93,67.50000000000003,0.22,0.0,5300.250000000001,-179.15,38.23,341.77,1249.57,1988.54,20610.27,23285.39,0.0,1645.12,374.07,6569.33,3667.46,10236.78,27533.31,13048.6,18.810000000000002,-21.150000000000006,-10.989999999999995,262.43000000000006,-9.547948931848682,0.67,0.78,-0.01,-4.746569166161754,-2.3041597893989096,-8.456266427093999,-7.442436119758478,-3.4562396840983647,-4.87,-4.86,-2.57,0.3,0.11,6,2011,0.0,47863.0,-478.63
2011-09-30,4818.65,-316.15999999999997,-0.007955812227129178,0.0,119.51000000000005,-272.87,-7.350000000000023,0.17,0.0,5091.529999999999,-326.77,94.68,232.48,913.6,1533.45,20375.27,22607.06,0.0,1498.26,374.74,6266.81,3607.81,9874.62,27533.31,12732.44,129.82,-20.759999999999998,-52.730000000000004,265.52,-5.342006420799596,0.53,0.78,-0.02,-5.600891807898941,-3.373264384302772,-9.928853659457216,-8.671835327570804,-5.107631449816933,-5.46,-5.42,-4.01,0.24,0.1,9,2011,0.0,39739.5,-794.79
2011-12-31,4031.220000000001,-497.24,-0.011545552347855701,0.0,79.03999999999996,-420.12,-156.59,0.14,0.0,4451.33,-155.45999999999998,32.26,233.58,2020.61,2609.86,20140.65,23436.29,0.0,4622.06,376.17,11191.84,9.24,11201.09,27533.31,12235.2,-71.56,-8.36,17.319999999999993,263.52999999999986,-3.0336357191698173,0.46,0.92,-0.03,-8.482132458224655,-6.173021988653514,-16.256137705780827,-15.47104014612664,-11.86882781359566,-6.94,-6.91,-6.5,0.23,0.05,12,2011,0.0,43067.666666666664,-1292.03
2012-03-31,3308.97,-347.41,-0.01,0.0,-12.53,-198.69,55.97,0.16,0.0,3507.66,-330.18,54.51,217.25,1957.41,2550.91,19908.97,23139.99,0.0,4097.73,373.79,11240.54,11.65,11252.19,27533.31,11887.8,56.42,-0.02,-33.89,254.66,-4.0,0.54,0.95,-0.01,-6.0,-3.44,-11.68,-11.04,-6.68,-10.97,-10.5,-10.15,0.23,0.05,3,2012,0.0,34741.0,-347.41
2012-06-30,2966.4500000000003,-935.73,-0.021877503623922562,0.0,-173.99,-801.6400000000001,-553.92,0.13,0.0,3768.08,-503.84,26.41,217.7,1144.36,1656.2,19677.69,22006.61,0.0,3695.81,360.13,11040.48,14.06,11054.54,27533.31,10952.06,1.8999999999999986,-0.24000000000000002,-30.07,247.72,-1.484401536768085,0.47,1.01,-0.03,-17.006112816995806,-12.893142135698364,-34.187245662982995,-31.18273516529763,-26.603044406689836,-20.59,-20.45,-19.49,0.15,0.05,6,2012,0.0,42771.333333333336,-1283.14
2012-09-30,1972.7199999999993,-188.40999999999985,-0.0051214026026978315,0.0,-158.16,-94.63999999999999,149.06,0.14,0.0,2067.370000000001,-544.6200000000001,32.97,186.68,513.56,1033.07,19443.76,20987.93,0.0,2332.96,321.49,8494.57,1729.7,10224.27,27533.31,10763.66,-147.1,165.41,-11.559999999999995,243.70000000000005,-6.834065336234812,0.52,0.95,-0.04,-3.5901032244911795,-2.5709441065543115,-7.000957357887936,-6.417117461180383,-4.4863486799633,-18.64,-17.84,-12.73,0.12,0.06,9,2012,0.0,36788.75,-1471.55
2012-12-31,27.770000000000437,-565.2,-0.013875046029213208,0.0,3.0300000000000296,-430.81999999999994,-195.72000000000003,0.08,0.0,458.5799999999999,-470.67999999999984,33.78,187.21,374.52,1007.47,19209.66,20726.89,0.0,2223.83,1050.78,9116.97,1411.46,10528.43,27533.31,10198.46,-370.65,-6.27000000000001,377.85999999999996,235.0999999999999,-1.4414366595895258,0.31,1.03,-0.05,-10.911336197373268,-7.670125444949062,-22.166773536271023,-20.157666871240952,-14.585448385908926,-25.77,-24.61,-17.19,0.11,0.07,12,2012,0.0,40735.0,-2036.75
2013-03-31,270.08,-483.72,-0.01,0.0,-0.29,-405.86,-172.56,0.13,0.0,675.94,-611.67,1098.35,186.61,870.68,2672.42,18980.72,22406.52,0.0,1882.49,572.19,6610.35,798.92,7409.26,73039.11,14997.25,-894.17,16.49,1942.36,233.3,-3.25,0.92,0.49,-0.01,-8.64,-7.12,-12.92,-14.4,-10.28,-752.64,-179.1,-7.36,0.4,0.27,3,2013,0.0,48372.0,-483.72
2013-06-30,2299.48,-881.19,-0.012912060135833132,0.0,-253.45000000000002,-841.2399999999999,-591.1700000000001,0.08,0.0,3140.72,-576.2200000000001,347.38,304.14,1141.54,2364.81,18750.52,21858.75,0.0,1117.06,301.24,5258.24,2484.46,7742.69,73039.11,14116.06,-509.08000000000004,0.45000000000000284,-242.4799999999998,250.07,-1.548939502263984,0.6,0.55,-0.02,-16.114251049519748,-14.693924434578104,-24.97192430270128,-28.122466975844564,-19.393914324021363,-53.36,-53.12,-10.63,0.45,0.23,6,2013,0.0,68245.5,-1364.91
2013-09-30,4652.5,108.07000000000016,0.0008598548741287688,0.0,-266.46000000000004,151.37999999999988,407.63,0.07,0.0,4501.120000000001,-566.6099999999999,296.42,226.13,943.66,1929.8,18527.44,21149.3,0.0,1298.31,268.6,3723.56,3201.61,6925.17,73039.11,14224.13,60.91000000000008,5.139999999999997,-117.08000000000015,256.25,20.352271675765675,0.52,0.49,-0.01,2.0430151809299546,1.788498138187839,3.0404468349193263,3.4600560134941656,2.1633948633079823,-19.29,-17.4,-7.05,0.52,0.26,9,2013,0.0,125683.99999999999,-1256.84
2013-12-31,3522.569999999999,-342.10000000000014,-0.004279084893742106,0.0,-75.51999999999998,-290.48,-37.299999999999955,0.06,0.33,3813.0599999999995,-274.55999999999995,201.69,209.4,893.85,1688.36,18293.54,20686.68,0.0,1247.34,268.87,3791.1,3013.54,6804.65,73039.11,13882.03,-110.20000000000005,0.120000000000001,15.299999999999955,253.17999999999995,-3.505422391113708,0.46,0.49,-0.02,-6.615465245725296,-5.725415587826938,-9.859011595181812,-11.365249477779033,-7.0176992257370525,-16.35,-14.88,-19.42,0.45,0.21,12,2013,0.0,79947.0,-1598.94
2014-03-31,3559.14,-197.76,0.0,-0.0,20.73,-155.63,94.73,0.06,0.0,3714.77,-225.06,97.22,207.01,836.84,1447.46,18064.52,20221.02,0.0,2554.8,245.65,5062.98,1473.77,6536.75,73039.11,13684.27,75.96,-0.02,-180.38,250.36,0.0,0.46,0.48,0.0,-3.92,-2.92,-5.8,-5.52,-4.12,-5.67,-5.56,-6.15,0.29,0.12,3,2014,0.0,-inf,-197.76
2014-06-30,4124.880000000001,-42.27000000000001,0.0,-0.0,129.66,-10.840000000000003,258.14,0.06,0.0,4135.719999999999,-32.35000000000002,134.34,192.53,857.53,1523.79,17832.38,20047.58,0.0,2520.64,961.46,5743.54,661.88,6405.42,73039.11,13642.15,111.48,0.15,-74.50999999999999,268.98,0.0,0.47,0.47,0.0,-0.8452943382077241,-0.5564854393200852,-1.239765029371329,-1.2186326709161357,-0.8171178602674667,-3.16,-3.12,-4.01,0.27,0.12,6,2014,0.0,-inf,-240.03
2014-09-30,3934.33,85.44,-0.0,-0.0,262.17,140.9,412.25,0.08,0.0,3793.4300000000003,71.05000000000001,177.64,198.59,1166.65,1947.5,17600.57,20263.19,0.0,2636.18,923.91,5912.1,623.66,6535.76,73039.11,13727.43,106.83999999999997,-0.30000000000000004,-63.22000000000003,271.35,-0.0,0.62,0.48,0.0,1.6801707743062293,0.26529012225887827,2.498148651271104,2.4539336308946242,0.39793518338831746,-1.35,-1.33,-0.38,0.33,0.13,9,2014,0.0,-inf,-154.59
2014-12-31,3073.949999999999,-263.76,0.0,-0.0,78.31,-217.47,45.700000000000045,0.06,0.0,3291.4300000000003,-207.61,208.45,199.72,1094.25,1761.9,17368.27,19832.86,0.0,2240.07,885.01,5784.19,584.99,6369.18,73039.11,13463.68,92.28000000000003,-0.1,-61.44999999999999,263.16999999999985,0.0,0.47,0.47,0.0,-5.321224811760487,-3.0262889924704193,-7.8431323054858355,-7.717036930799569,-4.362899964144854,-2.88,-2.85,-2.73,0.3,0.12,12,2014,0.0,-inf,-418.35
2015-03-31,3537.04,-368.71,0.0,-0.0,-87.94,-297.31,-40.86,0.05,0.0,3834.35,-266.81,191.72,183.48,920.58,1548.66,17140.78,19389.39,0.0,2091.77,239.69,5161.12,1133.3,6294.42,73039.11,13094.97,53.56,-0.33,-69.89,256.45,0.0,0.4,0.48,0.0,-7.6,-6.0,-11.28,-11.0,-8.36,-10.56,-10.42,-18.07,0.3,0.12,3,2015,0.0,-inf,-368.71
2015-06-30,3447.2,-305.46999999999997,-0.02718591474087039,0.0,28.64,-233.16000000000003,28.63,0.3,0.04,3680.36,-205.95999999999998,443.95,194.25,511.48,1270.48,16910.94,18680.62,0.0,1846.65,240.6,5360.08,531.04,5891.12,73039.11,12789.5,135.1,252.31,-135.42000000000002,261.79,-2.758781549743019,0.25,0.46,-0.06,-6.542743480969474,-4.965960425998992,-9.551318045625797,-9.243211011895932,-7.213329377910943,-9.71,-9.65,-10.98,0.24,0.14,6,2015,0.0,11236.333333333332,-674.18
2015-09-30,2483.120000000001,-529.7300000000001,-0.04840087714197906,0.0,103.12,-451.06999999999994,-202.67000000000002,0.23,0.04,2934.1799999999994,-109.40999999999997,218.51,189.53,870.58,1462.91,16678.84,18579.54,0.0,2170.73,246.35,5171.1,1148.67,6319.77,73039.11,12259.77,-138.87,-0.789999999999992,-85.81,248.39999999999998,-1.1874784796028162,0.2,0.52,-0.11,-11.40500668654634,-8.888161075163428,-17.283513219426705,-16.315495676587123,-12.88343347924679,-12.76,-12.72,-14.47,0.28,0.11,9,2015,0.0,10944.636363636364,-1203.91
2015-12-31,2841.8899999999994,-310.6199999999999,-0.028713066099714097,0.0,-173.79999999999998,-241.1400000000001,12.900000000000006,0.16,0.04,3083.040000000001,-328.81000000000006,157.11,215.08,660.88,1121.23,16447.19,18000.02,0.0,2045.16,241.82,5005.6,1045.27,6050.87,73039.11,11949.15,-3.6199999999999974,-0.6399999999999864,-57.19,254.03999999999996,-1.3896112613482716,0.14,0.51,-0.14,-6.899339597102729,-5.299611628690087,-10.3941299280965,-9.778849940245486,-7.719712914237418,-12.35,-12.3,-17.52,0.22,0.09,12,2015,0.0,10818.071428571428,-1514.53
2016-03-31,2934.29,124.93,0.01,0.0,217.42,175.81,426.24,0.22,0.0,2758.48,70.88,322.81,208.6,614.81,1252.33,16218.31,17921.7,0.0,1961.42,236.33,4910.22,937.39,5847.62,73039.11,12074.08,248.44,-0.52,-82.15,250.43,5.5,0.19,0.48,0.01,2.8,3.76,4.12,3.96,5.4,4.42,4.26,9.3,0.26,0.13,3,2016,0.0,12493.0,124.93
2016-06-30,3301.99,183.21999999999997,0.017837416842446857,0.0,476.49,234.51,489.18999999999994,0.22,0.0,3067.4900000000002,304.53000000000003,564.25,193.29,696.78,1577.62,15992.06,18068.78,0.0,1959.62,231.87,4985.7,825.51,5811.21,73039.11,12257.57,329.43,-2.14,-85.59,254.68,3.0820045573627333,0.19,0.47,0.03,4.0669310400778835,5.303658607820866,5.969588836605548,5.850672724322569,7.467931851371085,5.05,4.94,12.57,0.32,0.18,6,2016,0.0,10271.666666666666,308.15
2016-09-30,2960.13,-30.16999999999996,-0.003255989639542408,0.0,9.290000000000077,19.00999999999999,277.32000000000005,0.31,0.0,2941.1099999999997,-135.17000000000002,562.86,206.1,802.72,1671.48,15764.09,17933.79,0.0,2009.58,226.72,5007.0,699.38,5706.39,73039.11,12227.4,96.89999999999998,-3.34,-94.84999999999997,258.30999999999995,-23.79460888299639,0.27,0.47,0.03,-0.6729045255054311,-1.0202100870566213,-0.9854795309015023,-0.9854795309015023,-1.4413180804374395,3.09,3.02,11.3,0.33,0.17,9,2016,0.0,9266.000000000002,277.98
2016-12-31,2564.9500000000007,-285.12,0.0,-0.0,91.59999999999991,-233.01,24.549999999999955,0.36,1.29,2797.960000000001,-134.51,610.14,195.96,854.63,1752.49,15558.14,17812.87,0.0,2039.41,225.73,5297.78,572.81,5870.59,73039.11,11942.28,155.39999999999998,-24.22,-84.04000000000002,257.56000000000006,0.0,0.32,0.49,0.0,-6.3892436974789915,175.70420168067227,-9.583865546218487,-9.583865546218487,250.77781512605046,-0.06,-0.06,4.96,0.33,0.17,12,2016,0.0,-inf,-7.14
2017-03-31,4297.66,967.26,0.09,0.0,421.11,1027.29,1281.18,0.33,3.16,3270.38,258.8,675.62,245.85,945.21,2062.75,15323.37,17910.08,0.0,624.1,1486.65,3195.6,1804.94,5000.54,73039.11,12909.54,194.06,-13.58,-114.81,253.89,0.9175,0.27,0.39,0.09,21.6,22.92,29.96,30.96,27.92,27.43,22.51,0.0,0.65,0.35,3,2017,0.0,10747.333333333334,967.26
2017-06-30,3340.5200000000004,-233.5,-0.02227567597034453,0.0,-14.240000000000009,-164.42999999999995,90.75999999999999,0.52,3.16,3504.9399999999996,-181.58,555.84,231.85,852.46,1862.58,15097.18,17482.33,0.0,518.39,1461.61,3060.55,1745.74,4806.29,73039.11,12676.04,-10.259999999999991,-74.75,-34.81999999999999,255.19,-5.837084368308351,0.43,0.38,0.07,-5.346162232882687,-6.173544483209769,-7.370066506759703,-7.4973560837330995,-7.611916703009159,10.79,9.61,0.0,0.61,0.33,6,2017,0.0,10482.285714285714,733.76
2017-09-30,3493.699999999999,64.98000000000002,0.006508250494528885,0.0,48.129999999999995,128.30999999999995,388.1399999999999,0.46,3.16,3365.3899999999994,-120.62,181.69,256.75,1162.54,1860.72,14866.52,17249.01,0.0,605.9,207.22,1692.36,1679.1,3371.46,96104.09,13877.55,-249.42000000000002,-10.829999999999998,-113.61000000000001,259.83,17.669879193598025,0.46,0.24,0.08,1.5066599894834367,1.832072514209881,1.8743761424243188,1.9915246513258387,2.07287778250745,7.91,7.18,0.0,1.1,0.41,9,2017,0.0,9984.25,798.74
