,revenue,net_profit,eps,dps,gross_profit,ebit,ebitda,close_price,expense,operating_profit,cash,account_receivable,inventory,current_asset,property_plant_equipment,total_asset,short_term_loan,account_payable,current_portion_long_term_debt,current_liability,non_current_liability,total_liability,paid_in_capital,total_equity,cash_flow_operation,cash_flow_investment,cash_flow_financing,depreciation,P/E,P/BV,D/E,EPS,DPS,DPR%,ROA%,ROAA%,ROE%,ROAE%,ROCE%,NPM%,NPMA%,CurrentRatio,QuickRatio,month,year,dividend,number_of_shares,return_old
2005-03-31,6990.29,1062.79,0.77,0.0,1577.28,1458.69,2170.54,,5531.6,1456.78,4991.31,2890.12,1566.03,11025.44,42480.51,54081.1,0.0,1782.68,2985.02,6180.98,26633.78,32814.76,13828.65,20984.81,1464.01,142.58,608.15,711.85,0.0,0.0,1.56,0.77,0.0,0.0,7.88,0.0,20.24,0.0,12.2,15.23,15.2,1.78,1.53,3,2005,0.0,1380.246753246753,1062.79
2005-06-30,7268.4800000000005,723.9300000000001,0.5105174845527,0.7,1757.7700000000002,1110.2199999999998,1639.4099999999999,22.7,6158.26,1572.8700000000001,1469.38,4394.75,1638.1,11319.97,43835.72,55721.42,0.0,1874.5,3064.88,6349.22,26464.02,32813.24,14628.65,22616.85,234.8599999999999,-1850.4299999999998,158.40999999999997,529.1899999999999,11.118718108104375,14.68,1.45,1.26,0.7,0.56,5.2024162711560855,0.0,12.803454374496287,0.0,8.427590221187428,12.56,12.53,1.78,1.52,6,2005,992.6222222222221,1418.031746031746,1786.72
2005-09-30,6472.959999999999,821.5899999999999,0.5732807066644686,0.007378170369149087,1238.9299999999994,1178.3400000000001,1738.4400000000005,22.3,5294.619999999999,1075.9299999999998,3415.06,3529.04,1669.21,10195.74,43857.0,54613.61,0.0,1674.11,1497.64,4617.65,26269.32,30886.97,14628.65,23438.44,2341.9100000000003,-1006.94,-1592.86,560.1000000000001,9.722549416375566,13.92,1.32,1.82,0.7,0.38,6.022597313969582,0.0,14.023328055330847,0.0,9.449681977985746,12.63,12.58,2.21,1.85,9,2005,10.573931623931458,1433.1373626373625,2608.31
2005-12-31,7864.310000000001,1257.54,0.8750423839517829,0.0019393784429935367,1669.5,1618.5500000000002,2375.25,23.3,6245.760000000002,1607.3199999999997,3239.63,4631.41,1682.12,13211.44,43588.45,57357.36,0.0,3554.13,3575.83,8668.2,23686.23,32354.43,14628.65,24695.98,2223.86,-13.099999999999909,-366.1200000000001,756.7,6.655506186681935,13.8,1.31,2.69,0.7,0.26,8.76994151350932,0.0,20.36343986445413,0.0,14.338984492414346,13.57,13.52,1.52,1.33,12,2005,2.78711752931099,1437.1189591078066,3865.85
2006-03-31,8462.59,1678.66,1.15,0.0,1627.81,2054.35,2783.94,29.5,6408.24,1492.59,7755.42,3249.68,1554.49,13219.04,42948.01,56721.04,0.0,2031.82,4521.56,8080.57,21984.16,30064.74,14628.65,26374.64,2159.32,-487.9,-62.34,729.59,6.4125,16.36,1.14,1.15,0.0,0.0,11.84,14.84,25.44,28.36,16.88,21.25,19.84,1.64,1.44,3,2006,0.0,1459.704347826087,1678.66
2006-06-30,8159.950000000001,1236.95,0.8442591773248136,2.25,1564.2200000000003,1626.85,2376.2999999999997,26.5,6533.1,1419.59,3986.03,4791.74,1529.58,11444.44,42501.28,54484.36,0.0,2029.86,4714.1,8174.74,21723.55,29898.29,14628.65,24320.14,369.8399999999997,-796.12,-3331.5899999999997,749.4499999999999,7.849129956748454,15.94,1.23,1.99,2.25,1.13,9.078968037563323,11.33598252166785,20.347070424370887,21.076781874118968,13.491176803481947,18.39,17.54,1.4,1.21,6,2006,3296.5439698492464,1465.1306532663318,2915.61
2006-09-30,8635.59,1233.73,0.8444218116616136,0.5936930031349903,1661.7999999999997,1675.9899999999998,2424.8200000000006,28.25,6959.5999999999985,1449.23,6040.11,4849.83,1449.2,14558.81,41800.47,56903.62,0.0,3911.59,4695.58,10482.26,21455.58,31937.84,14628.65,24676.16,3988.0299999999997,-1053.3600000000001,-880.5900000000006,748.8299999999999,8.366079490650304,16.75,1.29,2.84,2.85,1.0,8.670190150722766,11.429427619814234,20.004471650913157,20.515882043891317,13.724827755739465,17.1,16.43,1.39,1.25,9,2006,867.4063822634298,1461.0352112676057,4149.34
2006-12-31,8733.73,1447.04,0.9903121660787866,0.0003132652551208776,1568.63,1807.13,2561.63,33.0,6926.600000000002,1404.1800000000003,4367.97,4764.76,1637.98,13039.43,40992.06,54609.3,0.0,3822.85,3482.92,8909.87,19259.06,28168.92,14628.65,26123.2,1631.6800000000003,-328.98,-2964.62,754.5,8.33439220754091,18.48,1.08,3.83,2.85,0.74,10.601252952801632,13.238637833742526,22.15403299990351,22.77459414836019,16.217331346334593,17.17,16.46,1.46,1.28,12,2006,0.4577418821027095,1461.1958224543082,5596.38
2007-03-31,8263.67,1350.21,0.92,0.0,1524.0,1714.77,2431.31,32.0,6548.9,1431.04,3352.48,4608.47,1466.19,12760.8,41284.53,54560.13,0.0,2484.43,3479.56,7760.13,18985.3,26745.43,14628.65,27473.41,934.71,-1937.51,-10.35,716.54,8.695,17.04,0.97,0.92,0.0,0.0,9.88,12.319999999999999,19.64,20.04,14.64,16.92,16.34,1.64,1.46,3,2007,0.0,1467.6195652173913,1350.21
2007-06-30,8065.58,1251.4699999999998,0.8562223640109466,0.98,1521.7199999999998,1602.7600000000002,2329.2000000000003,30.5,6462.82,1401.31,4450.74,4428.76,1616.66,12803.52,41403.83,54720.5,0.0,2537.89,3420.46,8007.65,19044.9,27052.56,14628.65,27298.59,1803.33,408.3599999999999,-1112.3400000000001,726.44,8.902885886197831,16.34,0.99,1.78,0.98,0.55,9.139452200116848,11.698498816149565,18.33662725623443,19.394879616247962,13.661075920174655,16.42,15.93,1.6,1.4,6,2007,1432.385617977528,1461.6179775280898,2601.68
2007-09-30,8256.64,1121.2400000000002,0.7649773833442568,0.6027403571221192,1544.7500000000005,1531.4099999999994,2259.09,35.0,6725.230000000001,1431.8399999999997,4842.83,4701.04,1574.27,14560.93,41258.83,56335.24,0.0,3812.24,4713.78,10558.12,17805.46,28363.58,14628.65,27542.11,3035.66,-1770.5099999999998,-872.3899999999999,727.6799999999998,11.438638828439938,18.59,1.03,2.54,1.58,0.62,7.96299291953628,10.312136065239116,16.287392476872995,17.178862183447404,12.7576543143554,15.51,15.14,1.38,1.23,9,2007,883.4465080067243,1465.716535433071,3722.92
2007-12-31,8425.410000000003,1059.8400000000001,0.7246185884301115,-0.003347492236387524,1410.6599999999999,1379.9500000000007,2129.9699999999993,33.5,7045.450000000001,1219.2600000000002,4042.57,4569.23,1660.96,12453.64,40861.67,54023.65,0.0,2793.7,3356.21,7725.46,17327.35,25052.8,14628.65,28601.94,516.5700000000006,390.1999999999998,-1707.33,750.02,11.552560386473429,17.13,0.88,3.27,1.58,0.48,7.844494810527813,10.166819827881811,14.8203336985339,15.493985230285443,11.921859344813456,14.82,14.49,1.61,1.4,12,2007,-4.8961015194204265,1462.6177370030582,4782.76
2008-03-31,8682.15,1429.65,0.98,0.0,1334.53,1729.99,2417.28,32.0,6952.16,1218.29,3532.26,4672.55,1628.78,13260.72,41257.82,55364.21,0.0,2103.74,3308.8,7887.0,17003.92,24890.92,14628.65,30031.59,1178.82,-1708.96,23.81,687.29,8.1625,15.59,0.83,0.98,0.0,0.0,10.32,12.6,19.04,19.88,14.56,17.5,16.47,1.68,1.47,3,2008,0.0,1458.826530612245,1429.65
2008-06-30,8101.660000000002,736.9899999999998,0.5034270575637853,1.05,1563.64,1020.8500000000001,1689.44,29.5,7080.8099999999995,1431.87,4844.46,4975.85,1621.43,14243.61,43587.55,58287.82,1000.0,2392.64,3194.48,8740.1,19886.69,28626.8,14628.65,29226.72,1683.41,-2566.9700000000003,2191.81,668.5900000000001,14.647802276828726,14.77,0.98,1.48,1.05,0.71,5.061482849019679,6.626188568474688,10.082147287966619,10.43590684193036,7.55140586345678,12.99,12.91,1.63,1.44,6,2008,1537.1432432432432,1463.9459459459458,2166.64
2008-09-30,8977.71,1037.42,0.7090846613359301,0.5993506043261667,1503.79,1316.8399999999997,1843.58,28.0,7660.879999999999,1375.5300000000002,3406.95,5323.58,1862.88,12362.98,49461.52,62483.28,1000.0,2765.55,1905.01,9677.81,22963.92,32641.72,14628.65,29386.42,1385.5800000000004,-5191.98,2367.8199999999997,526.7399999999998,9.87544278113011,13.94,1.11,2.19,1.65,0.76,6.64402614183255,8.871652840458669,14.116936636642263,14.583184085191913,9.972514871756461,12.49,12.44,1.28,1.08,9,2008,876.8745649759351,1463.041095890411,3204.06
2008-12-31,8092.4699999999975,335.3600000000001,0.22929496923224718,-0.0005311875647454702,960.0,577.73,1077.2399999999998,22.5,7514.730000000003,736.9900000000002,5680.5,4384.76,2047.78,14732.04,54324.6,70083.03,0.0,2934.16,3086.04,9702.37,30182.48,39884.85,14628.65,29721.79,1840.12,-3869.8899999999994,4303.2300000000005,499.5100000000002,24.538261867843502,11.07,1.34,2.42,1.65,0.68,1.9139497431782613,2.8387096190901344,4.513889394307544,4.601059382610712,2.9145096089189764,10.5,10.45,1.52,1.31,12,2008,-0.7768991282691786,1462.5702479338843,3539.42
2009-03-31,7925.31,468.25,0.32,0.0,990.11,779.96,1387.98,21.0,7145.35,864.42,7228.21,5089.06,2195.86,17503.02,55482.9,73998.62,35.0,3415.23,3092.58,9314.62,34038.63,43353.25,14628.65,30190.04,858.23,-3224.64,3912.77,608.02,16.4075,10.18,1.44,0.32,0.0,0.0,2.52,4.84,6.2,6.24,4.84,5.94,5.91,1.88,1.64,3,2009,0.0,1463.28125,468.25
2009-06-30,9721.809999999998,1549.99,1.059827473442207,1.14,1492.67,1989.48,2642.94,34.0,7732.33,1312.2199999999998,6614.5,5314.09,2158.52,16730.27,62100.01,80005.21,0.0,3191.64,2101.01,6995.97,42062.07,49058.04,14628.65,29836.38,1428.71,-4029.9900000000002,1737.3700000000003,653.46,8.020928135020226,16.67,1.64,1.38,1.14,0.82,7.741348501664818,12.318574401458696,20.766474552084986,20.981512010464563,11.642742389408594,11.84,11.44,2.39,2.08,6,2009,1667.2417391304348,1462.4927536231885,2018.24
2009-09-30,8961.54,1022.7,0.6995258045209706,0.699608273299932,1501.73,1511.5300000000002,2233.29,32.75,7450.009999999998,1336.98,5076.93,4826.28,2033.94,15329.05,64133.77,80703.22,0.0,2129.25,2084.59,7031.87,42703.61,49735.48,14628.65,29810.75,1592.65,-2750.999999999999,-366.96000000000004,721.76,11.707931211498973,16.07,1.67,2.08,1.84,0.88,5.071562082777036,8.044546751991161,13.72146770406519,13.815634639289167,7.815855623590074,11.77,11.43,2.18,1.89,9,2009,1022.8205685618727,1461.9903846153845,3040.94
2009-12-31,8916.310000000001,1146.15,0.7828799954144764,0.0025476882512679338,1592.5100000000002,1670.8599999999997,2397.3200000000006,33.0,7245.450000000001,1425.5200000000004,7137.48,4748.74,2155.15,16063.07,67157.54,84486.86,0.0,2690.57,4466.72,8979.52,43412.6,52392.11,14628.65,30947.67,2350.84,-3536.1900000000005,3235.5200000000004,726.4599999999998,10.539418618854423,15.6,1.69,2.86,1.84,0.64,5.430887800357766,8.431015335232823,14.814498374766247,15.110131380027658,8.628104005407097,12.14,11.79,1.79,1.55,12,2009,3.729860139860648,1464.0174825174827,4187.09
2010-03-31,9438.84,1667.28,1.14,0.0,1785.22,2279.4,2965.66,38.5,7159.44,1666.32,7949.23,5121.76,2162.82,17997.94,69502.93,88758.78,0.0,2149.4,4440.14,8685.32,46266.61,54951.93,14628.65,32565.25,1274.28,-3878.5,3419.54,686.26,8.4425,17.29,1.69,1.14,0.0,0.0,7.519999999999999,11.2,20.48,21.24,11.4,18.9,17.66,2.07,1.82,3,2010,0.0,1462.5263157894738,1667.28
2010-06-30,9231.310000000001,1177.93,0.8031689049314462,1.12,1814.0600000000002,1730.38,2417.5600000000004,37.25,7500.930000000001,1695.5800000000002,15776.25,3553.8,2541.07,25056.63,84308.35,110656.23,0.0,3107.44,4398.3,12939.81,62786.87,75726.68,14628.65,32103.9,3883.12,-12191.61,16132.939999999999,687.1800000000001,11.594074350767873,16.97,2.36,1.94,1.12,0.58,4.2559671869563225,6.971837298477089,14.672322675654874,15.218808734680392,6.789675278801916,15.79,15.24,1.94,1.74,6,2010,1642.5954639175259,1466.6030927835052,2845.21
2010-09-30,10130.369999999999,1803.87,1.2338584408097946,0.7364543575809124,1496.3399999999997,2698.44,3393.29,42.75,7431.9299999999985,1378.3899999999999,5914.3,4938.39,2407.5,19038.85,86839.5,107152.51,0.0,2457.84,4333.81,9431.78,61309.2,70740.98,14628.65,32730.21,-250.13999999999942,-8990.21,-620.5499999999993,694.8499999999999,8.659664388231969,19.11,2.16,3.18,1.86,0.58,6.735780670584287,11.081445619348344,22.038729383017714,23.07858492432911,10.646879124471939,17.33,16.14,2.02,1.76,9,2010,1076.677743629644,1461.9748427672955,4649.08
2010-12-31,9078.280000000002,1066.4300000000003,0.72954842175064,-0.00026413067415400455,1502.67,1610.9899999999989,2365.08,47.25,7467.290000000001,1365.5200000000004,8704.44,3546.41,2447.81,17717.36,88316.84,107326.51,0.0,3057.91,3818.98,9609.88,59764.03,69373.91,14628.65,33784.45,3691.0300000000007,625.3100000000013,-1525.7000000000007,754.0900000000001,16.185628873906396,20.46,2.05,3.91,1.86,0.48,3.9779980439190914,6.4707773059622,12.62809135142796,13.180383762778828,6.3513627305349845,16.03,15.09,1.84,1.59,12,2010,-0.3860975727452569,1461.76726342711,5715.51
2011-03-31,8956.89,951.76,0.65,0.0,1617.4,1457.72,2241.44,42.0,7499.17,1490.89,8504.96,3758.87,2457.88,17391.7,89225.19,108018.63,0.0,2364.55,3784.04,9220.25,59996.94,69217.2,14628.65,34671.55,850.02,-1030.69,-18.9,783.72,16.155,17.72,2.0,0.65,0.0,0.0,3.52,5.92,11.0,11.32,5.92,10.68,10.63,1.89,1.62,3,2011,0.0,1464.2461538461537,951.76
2011-06-30,9731.52,886.4000000000001,0.6075989032510772,1.18,1859.5899999999997,1451.61,2220.89,50.0,8279.91,1681.16,6817.05,5570.34,3220.99,18940.12,89915.38,110157.77,0.0,2702.9,3878.72,9652.71,62011.71,71664.42,14628.65,33847.43,-571.71,-1912.98,795.86,769.28,20.571465703971118,21.61,2.12,1.26,1.18,0.94,3.2212386299342826,5.092257474866171,10.473847760804283,10.743891717804761,5.574478826652741,9.88,9.84,1.96,1.63,6,2011,1721.4514285714286,1458.857142857143,1838.16
2011-09-30,10820.96,993.6600000000001,0.680728436129415,0.7706821862164362,1944.4000000000005,1601.6400000000003,2494.3,47.25,9219.320000000002,1775.9899999999998,8591.24,6522.07,3782.04,24884.45,95748.55,122196.02,0.0,4275.51,4092.56,12917.79,71136.82,84054.62,14628.65,33574.21,2196.05,-5573.91,4775.3,892.6599999999999,17.355819696878207,20.59,2.5,1.94,1.95,1.01,3.256267983134521,5.516005678327012,11.832042714579316,11.986434731021038,5.796718435493782,9.63,9.6,1.93,1.63,9,2011,1124.9655817378498,1459.701030927835,2831.82
2011-12-31,11575.27,662.5499999999997,0.45315593368761736,0.003172201387037923,1199.2999999999993,1441.1499999999996,2409.1500000000005,57.0,10134.119999999995,1141.3000000000002,4888.58,4964.5,4433.88,20412.5,98230.16,120235.42,1201.0,3645.75,4656.9,12822.68,68180.74,81003.42,14628.65,34251.7,2925.52,-4963.460000000001,-1663.69,968.0,31.446956644781537,24.34,2.36,2.39,1.95,0.82,2.207002120553919,3.9665364572154624,7.735883721529199,7.7889731196181256,4.201646648752134,8.66,8.51,1.59,1.25,12,2011,4.638010611223308,1462.0794979079496,3494.37
2012-03-31,12579.3,1549.04,1.06,0.0,1323.36,2748.46,3746.48,61.5,9830.84,1156.59,5018.54,9150.43,4193.42,20641.49,99486.64,121717.77,951.0,6257.31,4620.23,12752.19,67394.9,80147.1,14628.65,35776.07,-1085.26,1086.22,128.52,998.02,14.505,25.15,2.24,1.06,0.0,0.0,5.08,9.56,17.32,17.6,10.08,14.1,12.31,1.62,1.29,3,2012,0.0,1461.3584905660375,1549.04
2012-06-30,12945.900000000001,546.6999999999998,0.3730333915466612,1.24,1968.47,709.77,1753.8300000000004,62.0,12236.130000000001,1808.26,7838.66,10801.18,4888.99,25885.06,99686.99,127191.24,1600.0,9218.91,7768.98,19720.18,67342.27,87062.45,14628.65,34543.77,2380.15,-1057.75,1500.25,1044.06,41.55445692335834,26.26,2.52,1.43,1.24,0.87,1.7216925763692057,3.0364396346875084,6.3337417809461085,6.3963487837231705,3.3599091490356625,8.59,8.21,1.31,1.06,6,2012,1817.285034965035,1465.5524475524476,2095.74
2012-09-30,16167.460000000003,1884.8400000000001,1.287944168940205,0.8082173213187787,2663.91,3096.7499999999995,4275.89,66.25,13070.71,2530.3700000000003,6735.14,12131.13,4379.76,25303.73,101015.5,127878.21,1600.0,9711.31,8832.46,21402.54,65357.48,86760.02,14628.65,35208.69,1267.39,-1419.3500000000001,-941.06,1179.1399999999999,12.861427070732793,27.53,2.46,2.72,2.05,0.75,5.890450537358878,9.924746243009814,21.4215419863437,21.913991227409074,11.667258942164208,9.95,9.55,1.18,0.98,9,2012,1182.7844503290823,1463.4485294117646,3980.58
2012-12-31,17380.179999999993,1578.9899999999998,1.079249294459823,-0.0005657891019712487,2944.92,2905.3999999999996,4070.8099999999995,77.5,14474.779999999999,2737.999999999999,11861.16,8780.94,4879.91,27305.12,100769.52,129618.89,2500.0,10389.15,8680.25,23874.67,62796.63,86671.3,14628.65,36780.96,6286.969999999999,67.7800000000002,-1243.85,1165.4100000000003,17.9481238481561,30.82,2.36,3.8,2.05,0.54,4.873662603402781,8.599912799011435,17.177104560244764,17.779212061364458,10.167664405700439,9.72,9.41,1.14,0.94,12,2012,-0.8277747678016567,1463.0447368421053,5559.57
2013-03-31,18202.7,2492.02,1.7,0.0,3307.02,3998.89,5219.92,77.0,14203.81,3152.38,10339.07,12372.28,4644.48,29127.45,99594.38,130526.52,1600.0,9934.87,8597.27,22842.34,62362.19,85204.53,14628.65,38882.0,491.39,-906.91,-1114.12,1221.03,11.3225,28.97,2.19,1.7,0.0,0.0,7.64,12.68,25.64,26.72,14.84,14.36,13.69,1.28,1.07,3,2013,0.0,1465.894117647059,2492.02
2013-06-30,16232.829999999998,1217.4499999999998,0.8336293324922428,1.3,3377.2500000000005,2320.65,3556.33,71.75,13912.19,3160.2799999999997,8940.62,11245.0,4956.76,27055.5,98868.91,128230.27,3250.0,9717.89,8209.23,23664.25,59897.26,83561.51,14628.65,38264.4,3425.31,-77.54000000000008,-4741.6,1235.68,21.518856523881887,27.43,2.18,2.54,1.3,0.51,3.7939980644135143,6.498370387144255,12.721052333621783,13.377453382828271,7.929324674414403,10.83,10.77,1.14,0.93,6,2013,1898.5476377952755,1460.4212598425195,3709.47
2013-09-30,17679.980000000003,1922.5800000000004,1.314252004154793,0.8521762225989096,3429.1800000000003,3177.419999999999,4445.91,65.25,14502.559999999998,3293.7299999999996,4089.7,12591.32,5403.04,24328.55,97843.01,124468.18,0.0,8367.67,8224.95,18866.55,60136.49,79003.04,14628.65,38950.45,254.78999999999996,-538.04,-4559.44,1268.4899999999998,12.413429805261677,24.51,2.03,3.85,2.15,0.56,6.171863957173676,10.281888406530484,19.744502836444994,20.741286174661095,12.275455082962688,10.85,10.81,1.29,1.0,9,2013,1246.6231414255035,1462.8701298701299,5632.05
2013-12-31,17656.019999999997,1582.3899999999994,1.0813289319753157,0.0007421308433586946,3400.5499999999993,2809.870000000001,4106.920000000002,70.5,14846.14,3146.8199999999997,4870.65,12999.3,5521.69,25446.33,97300.77,125005.92,0.0,9858.45,9278.41,21548.47,56197.71,77746.18,14628.65,40576.3,4870.219999999999,120.58999999999992,-4207.030000000001,1297.0500000000002,16.29915697141666,25.42,1.92,4.93,2.15,0.44,5.062286359024399,8.483935717810388,15.599211692106383,16.362502702912487,10.44041727424443,10.42,10.34,1.18,0.92,12,2013,1.0860159110670793,1463.3752535496958,7214.44
2014-03-31,18404.06,2305.98,1.58,0.0,3149.55,3783.9,4952.26,76.0,14620.17,2963.38,6031.79,14583.55,5499.88,28517.72,88892.88,126090.75,700.0,7617.1,9228.86,20192.79,55987.72,76180.52,14628.65,42863.99,1359.73,-894.1,697.44,1168.36,12.025,25.94,1.78,1.58,0.0,0.0,7.32,11.8,21.52,22.559999999999995,14.279999999999998,13.12,12.53,1.41,1.14,3,2014,0.0,1459.4810126582279,2305.98
2014-06-30,19870.899999999998,2804.81,1.9153177688772187,1.8999999999999997,4468.389999999999,4694.050000000001,5894.93,83.25,15176.839999999998,4298.14,5272.1,15341.17,4750.9,27534.74,88689.46,124525.46,2200.0,8107.77,8264.22,21393.13,52926.71,74319.84,14628.65,42883.52,5005.25,15.460000000000036,-5783.59,1200.8799999999999,10.864580978747224,28.4,1.73,3.49,1.9,0.55,9.000347108764005,14.72983636580646,26.166862813772433,27.659603309860117,18.044598349765888,13.79,13.35,1.29,1.07,6,2014,2782.3785100286527,1464.4097421203437,5110.79
2014-09-30,17789.809999999998,2316.79,1.5845394058360867,1.0970271836929986,3657.6099999999997,3790.8899999999994,5007.66,95.25,13998.930000000004,3480.129999999999,6940.65,12906.29,4668.77,26875.57,87894.94,122734.53,600.0,7338.49,12558.42,22878.72,48564.12,71442.84,14628.65,43588.65,5535.450000000001,-565.0200000000001,-3302.7299999999996,1216.7700000000004,15.028026385645656,31.97,1.64,5.08,3.0,0.59,7.548396382132538,12.389351417285306,21.260276752320404,22.458038822873668,15.33384984072874,13.62,13.25,1.17,0.97,9,2014,1603.98763170363,1462.1220472440943,7427.58
2014-12-31,17258.93,1711.3099999999995,1.1703486419029003,0.00020589088754012608,3184.3600000000006,2957.879999999999,4153.4,89.25,14301.04,2945.1100000000006,4364.18,13501.01,4892.45,25195.7,87192.56,120322.17,350.0,8459.63,8974.41,20195.08,47556.43,67751.51,14628.65,45329.52,3730.3500000000004,-391.56999999999994,-5909.4400000000005,1195.5199999999995,19.06483179552507,28.8,1.49,6.25,3.0,0.48,5.692575794215707,9.295377053449597,15.10030631728798,15.939212223803981,11.392641819739595,12.74,12.46,1.25,1.01,12,2014,0.30105826771705324,1462.2223999999999,9138.89
2015-03-31,16131.05,2182.69,1.49,0.0,2529.86,3712.31,4878.75,85.75,12418.74,2394.71,6070.55,13623.63,4863.04,26644.84,86002.3,120384.54,0.0,6604.96,12036.21,21145.77,44246.45,65392.22,14628.65,47497.92,2507.4,-345.12,-454.32,1166.44,14.3875,26.41,1.38,1.49,0.0,0.0,7.24,12.04,18.4,19.32,14.96,14.74,13.53,1.26,1.03,3,2015,0.0,1464.8926174496644,2182.69
2015-06-30,16999.030000000002,2295.82,1.5686487693451616,2.21,4050.5899999999997,3713.8300000000004,4798.4,85.25,13285.199999999999,3852.99,4843.66,11739.97,5306.42,23540.84,85259.11,117089.04,400.0,6131.71,10441.62,19419.67,43487.29,62906.96,14628.65,46615.1,6390.74,-1206.4299999999998,-6450.22,1084.5700000000002,13.586789099319633,26.75,1.35,3.06,2.21,0.72,7.832991240390219,12.610705792774832,19.70550937700262,20.525717883849765,15.583961630095724,14.16,13.52,1.21,0.94,6,2015,3234.4794444444447,1463.5653594771243,4478.51
2015-09-30,17606.67,1982.92,1.356434473483424,1.3774248975158059,4125.03,3162.37,4198.630000000001,85.0,14444.3,3955.7799999999997,6947.22,11733.55,5008.56,25087.37,84741.27,118233.44,250.0,6322.9,6230.04,15192.51,48613.46,63805.97,14628.65,46666.38,4745.040000000001,-474.33000000000015,-2223.1500000000005,1036.2599999999998,15.665445265063644,26.65,1.37,4.42,3.59,0.81,6.702382104271036,10.790098662370402,17.001463762665537,17.578408742337224,12.619137002180631,13.18,12.74,1.65,1.32,9,2015,2013.6051030668673,1461.8619909502263,6461.43
2015-12-31,14632.580000000002,1893.9899999999998,1.2943314519198315,0.0035180797267409395,3355.0,3423.199999999999,4453.08,74.0,11209.380000000005,3081.3900000000012,8702.71,9701.86,4727.03,24624.81,84024.27,117168.66,0.0,5501.38,8901.45,16822.29,44388.02,61210.31,14628.65,48537.68,4740.040000000001,-573.04,-2338.3199999999997,1029.8799999999997,14.293402182693681,22.3,1.26,5.71,3.59,0.63,6.464856919221295,10.699202194503686,15.60451438706851,16.139474496793696,12.65770022332809,13.17,12.78,1.46,1.18,12,2015,5.147991893240942,1463.2959719789842,8355.42
2016-03-31,14186.04,2764.42,1.8900000000000001,0.0,3724.55,4103.7,5148.58,92.0,10082.35,3568.25,10596.16,7658.54,4726.6,24323.77,83098.22,115854.19,0.0,4699.94,6542.38,13760.82,43054.62,56815.44,14628.65,51276.59,5327.29,-373.82,-3038.38,1044.88,12.17,26.25,1.11,1.89,0.0,0.0,9.56,13.879999999999999,21.56,22.4,16.08,20.26,19.49,1.77,1.42,3,2016,0.0,1462.6560846560847,2764.42
2016-06-30,13941.5,2761.16,1.8888849315365988,4.36,4057.2299999999996,4151.44,5252.780000000001,85.75,9790.050000000001,3879.45,6800.56,9407.39,5071.71,22360.88,82301.13,112913.91,0.0,4082.84,8523.28,15039.03,42617.95,57656.98,14628.65,47654.52,1991.3999999999996,-288.7,-5510.419999999999,1101.3399999999997,11.351697311999304,26.32,1.21,3.78,4.36,1.15,9.774229963189383,14.351527839611405,23.18631238711592,23.42617079112057,16.850052881326484,20.23,19.64,1.49,1.15,6,2016,6373.420317460318,1461.7936507936508,5525.58
2016-09-30,13064.080000000002,2225.34,1.5216647830193062,1.4619202259164485,3227.580000000001,3377.6900000000005,4470.029999999999,79.75,9686.399999999998,3055.4700000000003,8804.08,8836.62,4858.43,23610.1,81427.0,113099.62,0.0,4328.87,8478.39,15000.47,42510.57,57511.04,14628.65,47731.49,4479.240000000001,-334.58000000000004,-2139.6100000000006,1092.3400000000001,13.104890263959664,24.44,1.2,5.3,5.82,1.1,7.866719821646979,11.553168088433374,18.650442321685684,18.857159046926046,13.62033534083696,19.35,18.82,1.57,1.25,9,2016,2137.9673051811924,1462.4377358490567,7750.92
2016-12-31,11900.509999999995,1202.2099999999991,0.8217824604356236,0.0019573433462885793,2413.41,2010.6200000000008,3135.7700000000004,79.0,9889.880000000001,1965.1399999999994,7251.99,8267.11,5472.91,21560.97,80741.76,110075.95,0.0,4759.33,7771.22,15043.0,38261.87,53304.87,14628.65,48971.28,3497.3199999999997,-56.89999999999998,-5000.35,1125.15,24.035923070844543,23.6,1.09,6.12,5.82,0.95,4.366726407412824,6.450723758060026,9.818420507688366,9.861389525227482,7.712938648271605,17.25,16.86,1.43,1.07,12,2016,2.8634557898622006,1462.9297385620914,8953.13
2017-03-31,12136.33,1898.11,1.3,0.0,2407.14,2969.97,4046.55,82.5,9166.36,2227.51,10690.34,6047.94,5261.79,22397.75,80010.8,110082.71,0.0,4477.11,6712.56,13501.76,37849.73,51351.49,14628.65,50818.58,5103.73,-147.23,-1501.18,1076.58,15.865,23.75,1.01,1.3,0.0,0.0,6.88,10.52,14.96,14.88,12.32,16.66,15.64,1.66,1.27,3,2017,0.0,1460.0846153846153,1898.11
2017-06-30,14012.679999999998,2829.6500000000005,1.9332135091459806,4.29,3912.23,4338.450000000001,5489.14,78.75,9674.23,3739.8099999999995,5618.62,8456.16,5469.21,19912.82,79119.19,106589.79,0.0,4308.77,7149.16,13694.07,37069.3,50763.38,14628.65,47353.52,1742.8000000000002,-267.90999999999997,-6576.12,1150.69,10.183484600568972,24.33,1.07,3.23,4.29,1.33,10.62968170973146,15.944522564597191,23.892843122324322,23.821020948609917,18.841350237744727,19.06,18.08,1.45,1.05,6,2017,6279.284953560372,1463.7027863777091,4727.76
2017-09-30,13494.500000000004,2410.5599999999995,1.6479413643546377,1.527265774947801,3414.1600000000008,3649.459999999999,4754.57,89.25,9845.029999999999,3241.460000000001,8475.71,7963.27,5590.04,22322.15,78192.09,107981.6,0.0,5566.94,7124.56,14662.54,36944.09,51606.64,14628.65,47504.34,5271.250000000001,-144.95000000000005,-2271.919999999999,1105.1100000000001,13.540408950617286,27.48,1.09,4.88,5.82,1.19,8.928600342937832,13.386146656356116,20.302097300205084,20.248066435800016,15.858058702888073,18.84,18.01,1.52,1.14,9,2017,2234.03930873471,1462.7704918032787,7138.32
