,revenue,net_profit,eps,dps,gross_profit,ebit,ebitda,close_price,expense,operating_profit,cash,account_receivable,inventory,current_asset,property_plant_equipment,total_asset,short_term_loan,account_payable,current_portion_long_term_debt,current_liability,non_current_liability,total_liability,paid_in_capital,total_equity,cash_flow_operation,cash_flow_investment,cash_flow_financing,depreciation,P/E,P/BV,D/E,EPS,DPS,DPR%,ROA%,ROAA%,ROE%,ROAE%,ROCE%,NPM%,NPMA%,TIE,CurrentRatio,QuickRatio,month,year,dividend,number_of_shares,return_old
2015-12-31,,,,,,,,,,,46.99,126.66,93.73,386.89,184.7,624.35,39.11,203.88,9.72,288.84,22.98,311.82,180.0,312.52,,,,,,0.0,1.0,0.13,0.0,0.0,,,,,,7.48,7.27,19.13,1.34,1.01,12,2015,,530.076923076923,68.91
2016-03-31,204.03,1.82,0.0,,30.83,2.6,8.27,1.69,201.43,0.87,289.65,144.0,88.15,643.9,182.88,883.01,41.71,187.27,10.39,279.85,25.45,305.3,240.0,577.71,-21.76,-3.24,267.66,5.67,0.0,0.7,0.53,0.0,0.0,0.0,0.84,0.0,1.28,0.0,1.72,0.9,0.89,2.8,2.3,1.99,3,2016,,inf,1.82
2016-06-30,197.78,-0.8800000000000001,-0.0,,35.010000000000005,3.22,9.0,1.35,194.56,2.6,266.84,143.67,109.03,630.14,183.81,866.49,50.03,142.49,10.29,287.99,24.73,312.72,240.0,553.78,1.990000000000002,-6.209999999999999,-18.590000000000032,5.779999999999999,-0.0,0.59,0.56,0.0,0.0,0.0,-0.4119148936170213,-0.0,-0.6365957446808512,-0.0,-3.782127659574469,0.24,0.23,1.62,2.19,1.81,6,2016,,inf,0.94
2016-09-30,290.84,35.370000000000005,0.0389644725970807,,64.15,41.95,47.99000000000001,1.19,248.89,32.9,273.45,118.94,95.83,631.56,180.61,865.11,27.35,159.59,9.23,252.89,25.91,278.8,240.0,586.31,36.26,-3.16,-25.659999999999997,6.039999999999999,7.635160446706248,0.49,0.48,0.04,0.0,0.0,16.365078490773893,0.0,24.11900853759295,0.0,30.39228862572294,5.33,5.24,13.05,2.5,2.12,9,2016,,907.75,36.31
2016-12-31,325.15999999999997,36.56999999999999,0.04014270032930845,0.0,70.98999999999998,44.160000000000004,48.61,1.27,281.0,30.07,275.32,206.97,124.08,700.34,179.89,939.28,50.82,182.77,8.0,290.32,25.18,315.5,240.0,623.78,-14.499999999999998,-2.450000000000001,17.920000000000016,4.450000000000003,7.911774678698388,0.49,0.51,0.08,0.0,0.0,15.575367727771678,23.60390779363337,23.443336992316134,31.251092206366625,28.441103183315036,7.34,7.16,13.54,2.41,1.98,12,2016,0.0,910.9999999999999,72.88
2017-03-31,326.97,11.17,0.01,0.0,50.49,14.95,21.01,1.26,312.01,14.14,346.97,166.53,81.93,707.58,195.69,964.88,27.13,154.89,9.87,294.64,35.93,330.56,240.0,634.32,108.34,-21.67,-14.39,6.06,31.500000000000004,0.48,0.52,0.01,0.0,0.0,4.64,6.480000000000001,7.04,7.36,8.92,3.42,3.42,13.11,2.4,2.12,3,2017,0.0,1117.0,11.17
2017-06-30,287.37,0.16000000000000014,0.00014121800529567533,0.030000000000000002,34.669999999999995,1.0800000000000018,7.479999999999997,1.16,286.31000000000006,-0.8399999999999999,279.2,163.33,95.37,682.76,207.95,953.55,42.5,201.37,10.05,315.71,34.07,349.78,240.0,603.76,-45.89,-18.61,-3.2699999999999996,6.400000000000001,2053.562499999998,0.46,0.58,0.01,0.03,3.2,0.06721977052074146,0.09941747572815542,0.10619593998234785,0.11071491615180945,0.141782877316858,1.85,1.84,5.34,2.16,1.86,6,2017,33.99,1133.0,11.33
2017-09-30,347.80999999999995,18.6,0.018643501503508186,-0.004069495489475445,50.41,24.009999999999998,30.250000000000004,1.18,323.78999999999996,23.139999999999997,194.96,185.81,113.63,717.6,217.95,1015.72,79.78,246.57,10.57,358.08,35.28,393.36,240.0,622.36,-67.15,-33.8,16.71,6.239999999999998,15.82186693548387,0.46,0.63,0.03,0.03,1.07,7.333110591379887,10.589508853992651,11.956698964249917,12.304710992315403,15.138523220848647,3.12,3.11,8.94,2.0,1.69,9,2017,-4.060000000000002,997.6666666666667,29.93
