,revenue,net_profit,eps,dps,gross_profit,ebit,ebitda,close_price,expense,operating_profit,cash,account_receivable,inventory,current_asset,property_plant_equipment,total_asset,short_term_loan,account_payable,current_liability,non_current_liability,total_liability,paid_in_capital,total_equity,cash_flow_operation,cash_flow_investment,cash_flow_financing,depreciation,P/E,P/BV,D/E,EPS,DPS,DPR%,ROA%,ROAA%,ROE%,ROAE%,ROCE%,NPM%,NPMA%,TIE,CurrentRatio,QuickRatio,month,year,dividend,number_of_shares,return_old
2000-03-31,1701.22,481.96,6.29,0.0,366.33,482.15,589.38,32.8,1219.07,273.73,980.83,807.38,567.76,2510.28,1875.36,7013.22,0.59,733.21,1046.37,0.0,1046.37,766.73,5966.84,620.26,-297.36,-17.52,107.23,1.3025,4.21,0.18,6.29,0.0,0.0,27.48,0.0,32.32,0.0,32.32,32.41,28.33,0.0,2.4,1.86,3,2000,0.0,76.62321144674085,481.96
2000-06-30,1836.41,433.71999999999997,5.650750917351039,5.0,423.62000000000006,437.84000000000003,552.2500000000001,29.8,1398.57,327.0,658.86,858.23,663.64,2320.8,2019.92,7098.13,0.0,568.87,1019.87,0.0,1019.87,770.18,6078.25,266.98,-215.40999999999997,-378.91,114.40999999999998,1.3195148944019184,3.78,0.17,11.93,5.0,0.42,24.44080027957365,0.0,28.533213349641798,0.0,28.684784204088764,28.75,25.88,0.0,2.28,1.62,6,2000,383.7720033528919,76.75440067057838,915.68
2000-09-30,2059.88,516.37,3.3534031632973713,2.5077129770734996,484.80999999999995,513.55,632.4899999999998,21.8,1546.3200000000002,382.64,960.34,972.27,719.76,2791.76,2233.91,7946.74,0.0,662.74,1228.61,0.0,1228.61,770.36,6718.13,555.97,-781.76,0.09000000000003183,118.94,1.6223817224083505,2.5,0.18,9.3,5.0,0.54,25.99067742048113,0.0,30.750346426451593,0.0,30.779192905275657,28.14,25.58,0.0,2.27,1.69,9,2000,386.14735148581775,153.98387096774192,1432.05
2000-12-31,2376.83,569.79,3.697384456300204,0.003970137795808019,632.55,602.77,739.29,17.7,1774.0699999999997,498.07000000000005,978.83,1241.59,856.91,3201.92,2430.36,8651.55,0.0,885.97,1331.78,0.0,1331.78,770.36,7319.77,371.1099999999999,219.44000000000005,0.17999999999994998,136.52000000000004,1.194520086347602,1.86,0.18,12.99,5.0,0.38,26.34564320824841,0.0,31.138865243975545,0.0,31.6739755425009,27.39,25.1,0.0,2.4,1.76,12,2000,0.6118229903895553,154.10623556581984,2001.84
2001-03-31,1916.74,352.23,2.29,0.0,415.88,353.14,477.53,12.6,1563.6,299.91,1212.65,906.26,904.59,3196.48,2574.3,8782.11,1.7,627.29,1042.32,0.0,1042.32,770.48,7739.79,434.55,-51.99,1.71,124.39,1.375,1.25,0.13,2.29,0.0,0.0,16.04,17.88,18.2,20.56,18.24,18.9,18.38,0.0,3.07,2.2,3,2001,0.0,153.8122270742358,352.23
2001-06-30,1730.47,209.43999999999994,1.3573123008172054,2.5,404.36,209.31000000000006,342.53,14.1,1521.1600000000003,268.50999999999993,1073.29,981.19,793.31,3019.72,2675.5,8615.45,0.0,613.5,1025.78,0.0,1025.78,772.16,7589.67,451.07,-206.03999999999996,-384.39,133.22000000000003,2.594612896294882,1.43,0.14,3.64,2.5,0.69,9.72491890255844,10.679512169067245,11.037484644008046,12.26055726672245,11.052400163797246,15.37,15.4,0.0,2.94,2.17,6,2001,385.7623626373626,154.30494505494505,561.67
2001-09-30,1438.4099999999999,-38.549999999999955,-0.24981744150481697,0.00012538358185626878,270.0999999999999,-28.99000000000001,109.93000000000006,9.1,1467.3999999999996,154.7700000000001,1275.53,653.48,766.77,3092.43,2644.52,8510.14,0.0,601.74,964.27,0.0,964.27,772.16,7545.87,647.5300000000001,-179.28000000000003,0.0,138.91999999999996,-9.09183916990922,0.93,0.13,3.39,2.5,0.74,-1.812834531273893,-1.9101085792934678,-2.0427550084110697,-2.1606629454044937,-2.0840227863587684,9.92,10.29,0.0,3.21,2.41,9,2001,0.019348277091637556,154.3126843657817,523.12
2001-12-31,1318.83,-70.63999999999999,-0.4574239745403111,0.0018997237903310383,299.0,-34.56000000000006,112.79999999999995,14.8,1353.3900000000003,154.7199999999999,1807.39,703.43,685.58,3441.76,2511.46,8340.88,0.0,573.93,849.36,0.0,849.36,772.3,7491.52,174.27999999999997,-59.089999999999975,0.22000000000002728,147.36,-8.086862967157419,1.53,0.11,2.93,2.5,0.85,-3.3846251768033935,-3.66563649222065,-3.771796322489391,-3.8155091937765198,-4.158967468175388,6.67,7.07,0.0,4.05,3.25,12,2001,0.2933744097778117,154.43003412969284,452.48
2002-03-31,1690.59,109.46,0.71,0.0,445.85,137.17,277.32,17.6,1553.42,310.87,1869.46,794.24,796.79,3793.06,2403.64,8658.97,0.0,748.33,1135.46,0.0,1135.46,772.33,7523.51,382.84,-53.68,0.04,140.15,6.1975,1.81,0.15,0.71,0.0,0.0,5.04,6.28,5.8,5.72,7.279999999999999,5.9,6.47,0.0,3.34,2.64,3,2002,0.0,154.16901408450704,109.46
2002-06-30,1884.7100000000003,138.34000000000003,0.8932364810330914,2.75,462.12,159.91,300.42,14.1,1724.7999999999997,334.53,1696.83,897.07,985.51,3864.22,2315.23,8404.36,0.0,876.34,1257.98,0.0,1257.98,772.33,7146.38,338.39000000000004,-86.23999999999998,-424.78000000000003,140.51000000000002,3.9452038455978022,1.52,0.18,1.6,2.75,1.72,6.587619047619048,7.793488297013723,7.748826472962068,7.503186440677967,9.289659402744151,6.37,6.93,0.0,3.07,2.29,6,2002,425.90625,154.875,247.8
2002-09-30,1949.1599999999999,282.92,1.8338197166113956,-0.010622362074163056,505.52,307.19,450.94000000000005,13.0,1641.9699999999998,376.27,1903.82,1612.59,1090.16,4820.58,2387.26,9109.81,0.0,1005.46,1595.54,0.0,1595.54,772.33,7514.26,126.38999999999999,-186.53,0.0,143.75,1.772693340873745,1.34,0.21,3.44,2.75,0.8,12.431591799819115,14.627910762737415,15.054380464274947,15.03305697919807,17.14408200180886,8.97,9.61,0.0,3.02,2.34,9,2002,-1.6388081395348308,154.27906976744188,530.72
2002-12-31,2171.34,-1396.7,-9.048115429917551,0.0015065603856787482,654.8799999999999,510.3900000000001,658.4099999999999,13.2,1660.96,469.81000000000006,2508.04,1536.51,978.28,5164.1,2352.47,7549.1,0.0,936.93,1484.58,0.0,1484.58,776.04,6064.52,720.9,-122.63999999999999,5.960000000000036,148.01999999999992,-0.36426093649316243,1.69,0.24,-5.61,2.75,-0.49,-73.99777823968222,90.51341139518233,-92.12626619552414,-82.44913739347328,118.57708492112982,-10.74,-11.25,0.0,3.48,2.82,12,2002,0.232558139534774,154.36363636363635,-865.98
2003-03-31,2132.74,475.85,3.0699999999999994,0.0,611.39,506.22,677.54,15.2,1626.53,474.53,1962.85,1453.95,1093.94,5783.06,2423.12,8237.64,0.0,1012.66,1684.69,0.0,1684.69,776.04,6552.95,768.03,-1335.97,22.75,171.32,1.2374999999999998,1.8,0.26,3.07,0.0,0.0,23.12,23.96,29.04,27.04,30.92,22.82,22.31,0.0,3.43,2.78,3,2003,0.0,155.00000000000003,475.85
2003-06-30,2024.9000000000005,434.66999999999996,2.7927113078241,4.0,528.87,464.2099999999999,589.6300000000001,19.4,1560.6899999999998,394.78,2698.48,1181.95,1111.25,5193.51,2434.61,7659.58,0.0,718.65,1327.38,0.0,1327.38,779.72,6332.21,431.3600000000001,913.1500000000001,-608.88,125.42000000000002,1.7386329859433594,2.39,0.21,5.85,4.0,0.68,22.704504239335765,23.067318016078723,27.459274260861925,25.797969072617843,29.273343144576724,22.53,21.9,0.0,3.91,3.08,6,2003,622.5777777777778,155.64444444444445,910.52
2003-09-30,2050.9399999999996,184.30999999999995,1.1834707671510643,0.002373174120385792,427.49,331.2700000000001,454.3599999999999,18.8,1719.6600000000003,278.32000000000016,2932.27,1427.14,966.92,5527.15,2345.79,7904.37,0.0,750.29,1477.81,0.0,1477.81,780.92,6426.56,425.92999999999984,-209.90000000000003,17.75999999999999,123.08999999999997,3.965053578210624,2.28,0.23,7.03,4.0,0.57,9.326355689924462,10.302761159266733,11.474447722477459,10.578848223011791,13.642741247499611,18.13,17.63,0.0,3.74,3.09,9,2003,0.36959064327481883,155.73684210526315,1094.83
2003-12-31,2560.09,519.72,3.3316416338917962,0.006623973764891751,652.0,414.27,615.0400000000002,25.0,2145.8199999999997,511.6099999999999,1672.18,1490.31,1014.9,5899.54,2540.93,8473.48,0.0,963.8,1534.2,0.0,1534.2,786.21,6939.29,548.6000000000001,-1823.18,14.490000000000009,200.77000000000004,1.8794788539983065,2.83,0.22,10.35,4.0,0.39,24.528607971261344,27.58019856926079,29.96224186305782,31.970883775665044,31.842124678703048,19.1,18.41,0.0,3.85,3.18,12,2003,1.0333079074498528,155.9951690821256,1614.55
2004-03-31,2547.43,556.37,3.53,0.0,700.55,583.23,714.68,28.0,1964.2,561.96,2570.54,1955.74,1213.53,6648.98,2747.08,9428.47,0.0,1116.78,1940.24,0.0,1940.24,789.02,7488.23,478.38,386.98,33.0,131.45,1.9825000000000002,2.95,0.26,3.53,0.0,0.0,23.6,26.399999999999995,29.72,31.68,31.16,22.2,21.84,0.0,3.43,2.8,3,2004,0.0,157.61189801699717,556.37
2004-06-30,2783.36,482.34000000000003,0.6129610767201625,5.0,671.3800000000001,550.6199999999999,762.14,25.0,2232.74,521.6499999999999,2707.48,1622.05,1524.57,6232.96,3111.64,9377.04,0.0,1314.78,2099.17,0.0,2099.17,789.14,7277.87,803.16,122.76999999999998,-789.0,211.52000000000004,10.196732284280799,2.71,0.29,1.32,5.0,3.79,20.580632515331516,24.72276342771322,26.50592292362642,28.34480615378691,28.939192652424644,19.67,19.49,0.0,2.97,2.24,6,2004,3934.5075757575755,786.9015151515151,1038.71
2004-09-30,3004.7400000000007,477.69000000000005,0.6048303877604854,0.018296923335172882,661.81,503.60000000000014,691.5899999999999,20.3,2501.1400000000003,513.19,2780.59,1670.44,1595.79,6283.35,3414.36,9730.16,0.0,1136.13,1929.18,0.0,1929.18,789.21,7800.98,388.96000000000004,-315.93,0.09000000000003183,187.99,8.38846741610668,2.05,0.25,1.92,5.0,2.6,19.63178633605909,23.399375626483778,24.49563070429966,26.86454972302823,26.44872883144289,18.37,18.19,0.0,3.26,2.43,9,2004,14.450757575758416,789.7916666666667,1516.4
2004-12-31,2893.199999999999,337.04999999999995,0.42371064771102535,0.03570481174746137,576.6499999999999,408.74,684.7800000000002,19.5,2484.460000000001,361.53,2760.7,1551.27,1462.09,6017.32,3456.36,9506.06,0.0,994.12,1557.82,0.0,1557.82,793.83,7948.24,454.0999999999999,-479.45,5.459999999999923,276.03999999999996,11.50673230974633,1.95,0.2,2.33,5.0,2.15,14.184304944832608,16.55562977150719,16.962973913512634,18.112266314170867,18.72328252717904,16.77,16.51,0.0,3.86,2.92,12,2004,28.402181688125438,795.4721030042919,1853.45
2005-03-31,2508.39,408.51,0.51,0.0,537.26,434.41,536.63,22.1,2073.99,374.57,3023.1,1678.09,1559.7,6457.04,3551.58,10041.24,0.0,1129.34,1712.11,0.0,1712.11,796.32,8329.14,499.27,-260.78,23.91,102.22,10.832499999999998,2.11,0.21,0.51,0.0,0.0,16.28,17.84,19.6,20.68,20.88,16.68,16.29,0.0,3.77,2.86,3,2005,0.0,801.0,408.51
2005-06-30,2868.82,442.43000000000006,0.5563260629421581,1.1,660.4000000000001,476.31,589.33,20.8,2392.49,484.57,2737.7,1782.41,1809.11,6554.91,3566.99,10154.59,0.0,1347.51,2001.46,0.0,2001.46,796.6,8153.13,464.46000000000004,125.24999999999997,-875.11,113.02000000000001,9.347395972244195,2.03,0.25,1.07,1.1,1.03,17.428083766187985,19.403821185982565,21.712314381742544,22.939351305614966,23.230512609584697,16.07,15.82,0.0,3.28,2.37,6,2005,874.7981308411216,795.2710280373832,850.94
2005-09-30,3479.05,619.1599999999999,0.779161961771308,-0.0008615346276274629,759.9199999999998,649.99,782.47,24.8,2829.0700000000006,593.42,3205.77,2102.43,1500.46,7012.15,3623.14,10637.98,0.0,1225.95,1833.1,0.0,1833.1,798.74,8804.88,590.6199999999999,-160.86999999999998,38.32000000000005,132.48000000000002,7.959994589443763,2.25,0.21,1.85,1.1,0.59,23.282201754982648,25.826060268008977,28.13406434936398,29.83558560642133,29.869279096660087,16.84,16.6,0.0,3.83,3.01,9,2005,-0.68461732760818,794.6486486486485,1470.1
2005-12-31,3490.2299999999996,591.4100000000003,0.7401554200561727,0.506038357871238,768.31,633.44,737.8300000000002,26.5,2856.79,536.71,3289.42,2114.26,1570.87,7233.39,4120.77,11356.84,0.0,1521.66,2301.39,0.0,2301.39,806.17,9055.45,1026.6800000000003,-602.36,-340.66999999999996,104.38999999999999,8.949674379871828,2.36,0.25,2.58,1.6,0.62,20.827629262045786,24.13250927718033,26.129207619657446,27.82754873854603,27.80459818288537,16.99,16.7,0.0,3.14,2.46,12,2005,404.34230043997513,799.0348837209303,2061.51
2006-03-31,3344.27,457.89,0.57,0.0,594.87,475.89,598.85,30.25,2868.38,398.54,3276.98,2189.84,1802.46,7650.48,4417.93,12071.03,0.0,1790.44,2693.36,0.0,2693.36,813.98,9377.66,569.59,-717.9,135.87,122.96,13.267499999999998,2.63,0.29,0.57,0.0,0.0,15.160000000000002,17.2,19.52,20.68,20.28,14.02,13.69,0.0,2.84,2.17,3,2006,0.0,803.3157894736843,457.89
2006-06-30,3725.68,573.37,0.706106995326106,0.9,745.42,599.7900000000001,813.7499999999999,25.0,3125.8900000000003,543.21,2072.52,2745.8,2353.05,7411.85,4587.14,12001.35,0.0,1892.75,2786.88,0.0,2786.88,816.19,9214.47,-129.49,-382.0400000000001,-692.93,213.96000000000004,8.853580323351414,2.21,0.3,1.27,0.9,0.71,19.10380815701181,21.594642282256657,24.886101662044485,26.42063339991855,25.953602001435137,14.87,14.59,0.0,2.66,1.82,6,2006,730.8141732283465,812.0157480314961,1031.26
2006-09-30,4160.340000000001,677.52,0.8326361497676705,0.001868137630632561,813.54,713.79,916.02,27.75,3446.5499999999993,621.1400000000001,2069.13,2626.77,2195.12,7220.06,5035.22,12257.63,0.0,1562.28,2377.08,0.0,2377.08,818.66,9880.55,646.7900000000001,-712.44,62.259999999999934,202.22999999999996,8.329268434880152,2.3,0.24,2.1,0.9,0.43,22.108472243354907,24.788767658797507,27.42148386568195,29.00745748428703,28.721982232938117,15.54,15.22,0.0,3.04,2.11,9,2006,1.520112485939194,813.7047619047619,1708.78
2006-12-31,4107.41,507.41999999999985,0.6204801913184729,0.5044915105650597,681.8299999999999,579.3399999999999,839.5799999999999,28.0,3528.0699999999997,473.2299999999998,2117.76,2457.35,2428.34,7180.47,5143.01,12346.76,0.0,1738.25,2475.12,0.0,2475.12,825.22,9871.64,866.1199999999999,-446.9899999999998,-370.49999999999994,260.24,11.279288360726817,2.34,0.25,2.71,1.4,0.52,16.43929067773666,18.307600036097817,20.560561321180394,21.448924104322714,21.98011009836657,14.77,14.45,0.0,2.9,1.92,12,2006,412.5660832894041,817.7859778597785,2216.2
2007-03-31,3714.5,369.78,0.45,0.0,496.15,397.77,643.11,26.25,3316.73,250.54,2323.1,2107.77,2353.36,7089.96,5220.07,12318.03,0.0,1470.93,2199.03,0.0,2199.03,826.95,10118.99,599.58,-407.41,13.17,245.34,14.5825,2.15,0.22,0.45,0.0,0.0,11.999999999999998,13.040000000000001,14.599999999999998,15.16,15.72,10.37,9.96,0.0,3.22,2.15,3,2007,0.0,821.7333333333332,369.78
2007-06-30,4058.2799999999997,432.36,0.5228379085945097,1.0,568.5300000000001,442.76,602.6999999999999,28.25,3615.53,351.96000000000004,2235.77,2319.72,2232.27,7001.52,5276.15,12285.55,180.0,1516.44,2595.85,0.0,2595.85,828.53,9689.7,854.9599999999999,-308.49999999999994,-633.78,159.93999999999997,13.506289203441577,2.42,0.27,0.97,1.0,1.03,14.07889296132845,14.919745680305184,17.851950033659957,18.304716882339743,18.692802752636698,10.65,10.32,0.0,2.7,1.84,6,2007,826.9484536082474,826.9484536082474,802.14
2007-09-30,4728.160000000001,1033.65,1.249981207000801,-1.9374225978640258e-05,796.98,1063.21,1279.7000000000003,24.6,3664.9300000000003,596.73,3048.05,2287.0,2232.39,7726.11,5547.62,13301.26,0.0,1291.6,2546.17,0.0,2546.17,830.33,10755.09,1444.3200000000002,-459.42999999999995,-172.62,216.49,4.919593963140327,1.9,0.24,2.22,1.0,0.45,31.08061379569559,33.558054025787264,38.44536793424085,40.0669651757554,39.864265520566086,15.78,14.69,0.0,3.03,2.16,9,2007,-0.01602117581501261,826.9324324324324,1835.79
2007-12-31,3600.3500000000004,613.3699999999999,0.7388008541704094,0.003964348725409569,697.7099999999998,650.3799999999999,839.3899999999999,21.6,2949.99,496.56999999999994,3386.43,2449.54,2205.35,8203.88,5566.94,13773.45,0.0,1519.43,2482.6,0.0,2482.6,830.41,11290.85,545.7799999999997,-209.01999999999998,1.6200000000000045,189.01,7.30711120530838,1.59,0.22,2.95,1.0,0.34,17.81136160969475,19.594501298404346,21.728258341635495,23.19083359192539,22.65989874079276,15.66,15.21,0.0,3.3,2.42,12,2007,3.2912963811268128,830.2237288135592,2449.16
2008-03-31,3829.98,447.64,0.54,0.0,539.53,484.86,709.44,18.5,3345.11,329.86,3721.2,2160.99,2031.6,8161.61,5524.38,13688.19,0.0,1419.61,2220.08,0.0,2220.08,830.41,11468.11,660.41,-59.87,0.0,224.58,8.565,1.34,0.19,0.54,0.0,0.0,13.08,14.919999999999998,15.6,16.6,16.92,12.18,11.69,0.0,3.68,2.76,3,2008,0.0,828.9629629629629,447.64
2008-06-30,4037.2999999999997,545.91,0.6593447737909516,1.3000000000000003,654.0799999999999,562.8000000000001,807.6599999999999,18.3,3474.4999999999995,450.74,3505.78,2381.9,2157.77,8158.51,5666.36,13827.12,0.0,1634.86,2538.92,0.0,2538.92,830.45,11288.2,1196.6999999999998,-682.05,-1078.39,244.85999999999999,6.938706700738217,1.35,0.22,1.2,1.3,1.08,15.802296411856476,17.626483619344775,19.340780031201252,20.81331669266771,20.39573166926677,13.07,12.63,0.0,3.21,2.36,6,2008,1076.3458333333335,827.9583333333334,993.55
2008-09-30,4110.150000000001,580.27,0.7005330978129646,0.0005775226307116273,825.3500000000001,618.3499999999999,861.06,13.3,3491.8100000000004,572.67,3905.42,2103.4,2305.86,8757.78,5877.97,14638.02,0.0,1597.12,2661.88,0.0,2661.88,830.48,11976.13,922.1600000000001,-635.38,0.25,242.70999999999998,4.746385303393248,0.92,0.22,1.9,1.3,0.68,15.854170108398673,17.59444180401825,19.378957695289166,20.426070325704334,20.51455871700703,13.5,13.14,0.0,3.29,2.42,9,2008,0.478377192982407,828.3263157894737,1573.82
2008-12-31,3535.5599999999995,335.73,0.4043774711319421,0.0029951118271181517,542.4099999999999,373.01,625.0300000000002,10.0,3162.539999999999,309.0799999999999,4316.3,1540.27,2060.58,8416.49,5875.21,14311.61,0.0,1087.99,1914.13,0.0,1914.13,830.48,12397.48,766.4900000000002,-456.48,-41.039999999999964,252.01999999999998,6.185433607363059,0.67,0.15,2.3,1.3,0.57,9.381557330261057,10.21141022754052,10.83028357466419,11.3366344950381,11.568712000209475,12.64,12.31,0.0,4.4,3.32,12,2008,2.4866590389015073,830.2391304347826,1909.55
2009-03-31,2686.56,201.21,0.23999999999999996,1.2,364.64,213.95,463.36,10.1,2472.62,189.95,4361.16,1597.55,1827.84,8495.53,5696.4,14211.08,0.0,920.02,1632.31,0.0,1632.31,830.48,12578.78,444.96,-362.83,-150.68,249.41,10.520000000000001,0.67,0.13,0.24,1.2,5.0,5.68,6.12,6.4,6.68,6.799999999999999,7.63,7.49,0.0,5.2,4.08,3,2009,1006.0500000000001,838.3750000000001,201.21
2009-06-30,3359.5800000000004,504.23,0.6147054320707643,-0.02647283964617828,553.74,507.3,757.4699999999999,16.2,2852.2799999999997,375.66,3684.72,1944.64,1478.95,8216.17,5444.25,13678.78,0.0,1131.76,1875.02,0.0,1875.02,830.48,11803.76,838.2,-210.96999999999997,-1052.28,250.17,6.589497649881999,1.14,0.16,0.86,1.2,1.4,14.752930369698344,14.981657972329327,17.097388296665912,17.469070650941255,17.469070650941255,12.05,11.67,0.0,4.38,3.59,6,2009,-21.715116279069775,820.2790697674419,705.44
2009-09-30,3822.1400000000003,687.5899999999999,0.8489801368240454,-0.015376553268773978,730.2099999999999,734.5,982.8899999999999,19.1,3087.630000000001,562.2099999999999,4137.26,2215.38,1552.79,9384.29,5367.28,14770.34,75.89,1370.0,2389.88,0.0,2389.88,830.48,12380.45,927.53,-355.99,75.8900000000001,248.39000000000004,5.622039660262657,1.28,0.19,1.72,1.2,0.7,18.618331837792436,19.54628687106523,22.211689626210486,22.586820384342044,23.21861955593203,14.72,14.12,0.0,3.93,3.28,9,2009,-12.453488372093148,809.9011627906976,1393.03
2009-12-31,4067.3999999999996,649.9300000000001,0.8048727826291264,-0.003577128398283819,852.6299999999999,723.1599999999999,983.6800000000003,20.8,3344.24,694.04,4272.07,2293.06,1756.82,10157.24,5605.41,15810.9,43.91,1506.49,2804.61,0.0,2804.61,830.47,13006.29,720.96,-518.2,-31.980000000000018,260.52,6.459592263782253,1.33,0.22,2.53,1.2,0.47,16.44103770998943,18.41345322473274,19.991385636527394,20.462220307788698,21.31481282061323,15.18,14.66,0.0,3.62,3.0,12,2009,-2.888509973343048,807.4940711462451,2042.96
2010-03-31,4028.56,597.4,0.74,1.3999999999999997,700.44,624.87,894.43,21.7,3403.69,547.37,4173.13,2442.7,1911.24,10514.98,5604.66,16158.69,41.92,1436.64,2718.21,0.0,2718.21,830.48,13440.48,538.08,-449.76,-2.0,269.56,7.33,1.34,0.2,0.74,1.4,1.89,14.800000000000002,16.48,17.76,18.36,18.6,15.22,14.83,31243.5,3.87,3.17,3,2010,1130.216216216216,807.2972972972973,597.4
2010-06-30,4535.75,743.4499999999999,0.9259510758101204,-0.007660126845718162,790.47,769.9699999999999,1043.12,27.0,3765.78,651.9999999999999,3254.73,2574.05,2156.64,10055.54,5855.42,15991.85,0.0,1740.38,2957.64,0.0,2957.64,830.48,13034.22,801.5600000000001,-559.54,-1168.75,273.15000000000003,7.2908549667092615,1.72,0.23,1.67,1.4,0.84,18.58555692284745,20.84776074877876,22.821644479248235,23.952746392213893,23.730961703397096,16.13,15.66,69742.0,3.4,2.67,6,2010,-6.150347952743232,802.9041916167664,1340.85
2010-09-30,4870.27,843.6399999999999,1.0465895472169704,0.00552417131961604,823.0799999999997,873.0400000000002,1159.6499999999999,25.5,3997.2300000000005,688.1200000000001,3062.78,2725.1,2365.84,10408.68,6314.52,16778.99,0.0,1804.61,3185.46,0.0,3185.46,830.48,13593.52,847.2299999999998,-679.99,0.0,286.61,6.091475896116828,1.56,0.23,2.71,1.4,0.52,20.113056685999933,22.213959688531418,24.824640625500688,25.98322684013202,25.76695741340084,16.84,16.26,113394.0,3.27,2.52,9,2010,4.452950924718834,806.0848708487084,2184.49
2010-12-31,4210.6,564.9300000000003,0.7027157000385539,-0.003763106991152697,556.1200000000003,576.3800000000001,891.0500000000002,25.0,3634.2199999999993,381.04999999999995,2974.54,2431.56,2555.01,10239.27,6526.49,16803.94,0.0,0.0,2725.4,0.0,2725.4,830.47,14078.54,622.0300000000002,-660.3899999999999,-0.7699999999999818,314.66999999999996,8.894137415254983,1.47,0.19,3.42,1.4,0.41,13.446115617111978,14.333756501371207,16.05150599035434,16.68436106524286,16.602172094478117,16.21,15.58,3600.33,3.76,2.82,12,2010,-3.0252519367295463,803.9239766081872,2749.42
2011-03-31,3979.06,457.25,0.57,1.55,516.23,465.91,763.12,24.0,3513.15,312.78,3498.49,2330.06,2582.51,10688.38,6483.41,17190.75,0.0,1610.06,2602.89,280.23,2883.12,830.48,14307.63,809.9,-332.13,0.0,297.21,10.5275,1.39,0.2,0.57,1.55,2.72,10.64,11.16,12.8,13.2,12.76,11.97,11.49,0.0,4.11,3.11,3,2011,1243.3991228070176,802.1929824561404,457.25
2011-06-30,4584.810000000001,617.03,0.7639068957813605,0.010624014844050532,585.8399999999999,640.6799999999998,946.2299999999999,23.3,3944.1299999999997,402.53,2762.23,2735.95,2674.18,10382.3,6563.75,16964.39,0.0,1672.48,2850.1,290.62,3140.73,830.48,13823.66,596.5400000000001,-207.66999999999996,-1247.57,305.55,7.625798421470592,1.4,0.23,1.33,1.55,1.17,14.542949324198531,15.438960420002234,17.851297985627582,18.379714785716946,18.012120490002605,13.17,12.54,110659.0,3.64,2.7,6,2011,8.581328320801958,807.7293233082706,1074.28
2011-09-30,4652.869999999999,485.53999999999996,0.6038822428228897,-0.007129717010917865,581.8100000000002,494.28,797.44,16.9,4158.599999999999,369.3900000000001,3552.36,2666.04,2709.81,11122.0,6539.08,17678.45,51.97,1910.37,3022.63,301.01,3323.64,830.48,14354.8,1124.3200000000002,-510.33000000000015,51.97000000000003,303.15999999999997,6.995320776866995,0.98,0.23,1.94,1.55,0.8,10.981940993191522,11.567146465617826,13.534432947391364,13.895517175058659,13.596688848713313,12.3,11.8,160087.0,3.68,2.78,9,2011,-5.732512983489642,804.0309278350516,1559.82
2011-12-31,3781.6099999999988,58.25,0.07235935404525144,0.001885050912443162,369.6700000000001,69.47000000000003,356.3800000000001,18.9,3712.130000000001,27.319999999999936,3824.15,2568.52,2646.58,11507.63,6372.59,17911.71,38.82,2506.44,2994.23,352.9,3347.13,830.47,14564.58,331.4399999999996,-192.62999999999988,-13.700000000000045,286.90999999999997,65.27836051502146,1.08,0.23,2.01,1.55,0.77,1.3003083920967573,1.3852676336623262,1.599825718294017,1.6271854740524208,1.612785602600629,9.92,9.52,2982.75,3.84,2.96,12,2011,1.5174847412422423,805.0099502487562,1618.07
2012-03-31,4235.88,275.08,0.34,1.0,346.82,294.71,586.34,21.9,3941.17,52.79,3905.56,2926.85,2499.37,11428.22,6541.65,18004.98,54.95,2418.45,2945.89,365.38,3311.27,804.88,14693.71,510.9,-252.26,16.04,291.63,16.1025,1.2,0.23,0.34,1.0,2.94,6.12,6.680000000000001,7.48,7.6,7.84,6.9,6.49,3274.56,3.88,3.03,3,2012,809.0588235294117,809.0588235294117,275.08
2012-06-30,4997.650000000001,516.96,0.639640422200899,-0.0010575817620619191,601.3199999999999,537.26,834.65,19.1,4460.389999999999,266.12,3289.52,3379.54,2966.5,12043.47,6570.96,18681.39,0.0,3211.77,3695.11,377.33,4072.44,804.88,14608.95,663.08,-619.3,-859.8299999999999,297.39,7.465209880841843,1.05,0.28,0.98,1.0,1.02,11.069695469925762,12.192329680319176,14.15041260542397,14.542029190444929,14.489813645775468,9.12,8.58,9244.11,3.26,2.46,6,2012,-0.8547418967586964,808.204081632653,792.04
2012-09-30,4898.0,640.7,0.7959895026313218,-0.0040923442537531985,398.7099999999999,688.31,1018.9199999999998,20.9,4209.6900000000005,324.25999999999993,3414.6,2808.72,3026.38,11866.57,6541.91,18519.82,25.61,2479.16,3016.64,389.28,3405.91,804.88,15113.91,629.8199999999999,-323.33000000000015,25.610000000000014,330.61,6.563277508974559,1.11,0.23,1.78,1.0,0.56,13.844851124418946,15.025419824950795,16.957259516730183,17.386557226014492,17.547543866996108,10.88,10.14,16892.0,3.93,2.93,9,2012,-3.293969273102448,804.9101123595506,1432.74
2012-12-31,4256.359999999999,227.78999999999996,0.28258893244927824,0.5014544564321787,335.8000000000002,216.61000000000013,525.9700000000003,22.8,4039.7599999999984,26.879999999999995,3111.18,2764.22,2847.77,11262.9,6621.7,17921.37,24.44,2087.84,2615.26,376.36,2991.62,804.88,14929.75,397.20000000000005,-266.90999999999985,-403.61,309.36,20.174356973528255,1.23,0.2,2.06,1.5,0.73,5.0866007840870076,5.317061661035933,6.101726075409657,6.178546367725966,6.227930841357878,9.64,9.03,19298.78,4.31,3.22,12,2012,404.21367404821626,806.0825242718446,1660.53
2013-03-31,3826.07,144.32,0.18,1.0,174.45,145.46,449.47,25.0,3680.61,-53.56,3686.34,2378.03,2552.42,10975.55,6520.64,17552.5,21.64,1888.13,2455.03,397.5,2852.53,804.88,14699.97,960.11,-51.0,-3.0,304.01,34.7225,1.37,0.19,0.18,1.0,5.56,3.28,3.28,3.9200000000000004,3.9200000000000004,3.84,3.98,3.77,727.3,4.47,3.43,3,2013,801.7777777777777,801.7777777777777,144.32
2013-06-30,5072.25,1012.1600000000001,1.2602988378527946,0.001660210293304007,492.12000000000006,1033.55,1334.42,19.4,4038.7000000000003,261.85,4023.62,2981.25,2834.42,12142.41,6695.48,18923.53,18.63,2555.73,3184.87,412.0,3596.87,804.88,15326.66,1174.87,-530.91,-808.07,300.87,3.847658868163136,1.02,0.23,1.44,1.0,0.69,21.390071942446045,21.950204759269507,26.43126729385722,27.061416712783622,26.221217487548426,14.67,13.0,3023.1,3.81,2.92,6,2013,1.333333333333485,803.1111111111112,1156.48
2013-09-30,5118.07,566.8499999999999,0.7039040694469427,0.0027111593381545594,739.66,591.8399999999999,893.7699999999998,23.1,4526.239999999999,522.02,4891.02,2926.44,3216.45,13373.23,6685.46,20126.51,16.53,3078.17,3721.32,426.35,4147.67,804.88,15978.84,1129.56,-341.52,-2.25,301.92999999999995,8.200904427979182,1.16,0.26,2.14,1.0,0.47,11.262465111151084,12.051890235764478,14.196495157630864,14.591207719937561,14.196495157630864,13.41,12.3,0.0,3.59,2.73,9,2013,2.1832814122532227,805.2943925233644,1723.33
2013-12-31,5135.260000000002,613.8699999999999,0.761690484340236,0.5007899459533814,595.44,636.9900000000002,918.5700000000002,25.25,4498.260000000002,385.21000000000004,4185.7,3241.17,3171.98,13277.75,6691.46,20157.14,15.95,2484.86,3177.26,385.8,3563.06,804.88,16594.08,-28.300000000000182,-682.4800000000001,-403.15,281.58000000000015,8.290440972844415,1.22,0.21,2.9,1.5,0.52,12.176541673797706,13.29018569228136,14.792554509669689,15.580510183125106,14.89761526613041,13.23,12.2,3648.24,4.18,3.18,12,2013,403.6021592007735,805.9310344827586,2337.2
2014-03-31,6198.85,1590.32,1.98,1.0,581.03,1869.86,2158.45,30.5,4329.0,346.76,5933.27,2964.74,3230.25,15011.86,6627.66,21830.12,13.7,2573.33,3378.8,399.2,3777.99,804.88,18052.12,2187.98,-282.03,-2.37,288.59,3.85,1.36,0.21,1.98,1.0,0.51,29.119999999999997,38.0,35.24,38.84,40.52,34.05,25.66,15582.17,4.44,3.49,3,2014,803.1919191919192,803.1919191919192,1590.32
2014-06-30,5703.719999999999,686.3199999999999,0.8531369035069225,0.001584294700465827,798.8800000000001,740.1500000000003,1024.6100000000001,33.5,4963.5599999999995,565.17,5498.11,3403.08,3365.84,15131.2,6543.85,22186.98,13.42,2935.6,3770.8,412.6,4183.4,804.88,18003.58,948.75,-581.3100000000001,-805.26,284.46,9.818822706609161,1.5,0.23,2.83,1.0,0.35,12.371992409867172,15.314259610654295,15.25396724998243,16.47187293555415,17.086855014407195,22.34,19.13,11347.87,4.01,3.12,6,2014,1.2745119034871095,804.4664310954063,2276.64
2014-09-30,5872.510000000002,586.8600000000001,0.7296041906757467,-0.00013986195203301,725.4599999999998,613.1799999999998,888.8200000000002,42.25,5259.33,477.82000000000005,6070.98,3489.63,3457.76,15939.22,6524.85,22971.56,0.0,3362.84,3968.64,426.0,4394.63,804.88,18576.92,818.9499999999998,-235.76999999999987,-13.509999999999991,275.6400000000001,14.479494683570183,1.83,0.24,3.56,1.0,0.28,10.222656469355686,12.263908643268731,12.63280963855422,13.58375442640126,13.903468622315351,17.98,16.11,10072.47,4.02,3.15,9,2014,-0.11249851113666409,804.3539325842696,2863.5
2014-12-31,5396.149999999998,542.0,0.673222727940097,1.0009052606573305,763.3800000000001,557.3400000000001,833.7299999999996,38.0,4838.810000000001,485.8299999999999,5467.22,3354.08,3328.91,15132.36,6405.5,22051.33,0.0,2477.89,3171.86,515.86,3687.72,804.88,18363.61,228.48000000000002,-168.47000000000003,-804.9699999999999,276.3899999999999,14.105807195571957,1.67,0.2,4.23,2.0,0.47,9.829370136543826,11.40181471149611,11.802883570694465,12.401303773307884,12.74507708119219,16.04,14.7,9220.8,4.77,3.72,12,2014,805.8115520493,805.0827423167848,3405.5
2015-03-31,5184.94,516.69,0.64,1.0,603.48,533.15,818.24,44.0,4651.79,347.48,6008.57,3159.46,3339.08,15368.18,6532.85,22429.72,0.0,2531.5,3122.28,540.62,3662.9,804.88,18766.82,910.05,-258.22,0.0,285.09,17.1875,1.89,0.2,0.64,1.0,1.56,9.2,9.64,11.0,11.24,11.04,10.35,9.97,0.0,4.92,3.85,3,2015,807.3281250000001,807.3281250000001,516.69
2015-06-30,5194.580000000001,399.25,0.49691573683865753,-0.004819161189597626,614.52,416.4200000000001,709.78,40.5,4778.169999999999,346.30999999999995,5010.72,0.0,3223.44,15031.13,6618.41,22191.49,0.0,2427.4,2928.36,565.38,3493.74,804.88,18697.76,482.70000000000005,-1035.92,-804.88,293.36000000000007,20.377801001878524,1.74,0.19,1.14,1.0,0.88,7.200919274188265,7.462453872524401,8.543463545647095,8.700384304648775,8.59577046531432,9.06,8.82,0.0,5.13,4.03,6,2015,-3.871984649122851,803.4561403508773,915.94
2015-09-30,5376.199999999999,328.65999999999985,0.40930660453157625,-0.0006082416389682533,894.0500000000002,343.2099999999999,631.6199999999999,28.25,5032.980000000001,590.5,5887.19,3632.72,3347.46,16330.64,6954.42,23859.06,0.0,2991.44,3735.94,590.14,4326.08,804.88,19532.98,798.7399999999998,-614.5,0.0,288.40999999999997,17.2587613339013,1.16,0.22,1.55,1.0,0.65,5.513756066206008,5.8306385987465825,6.72847244094488,6.897476458299853,6.781286196368309,8.08,7.9,0.0,4.37,3.48,9,2015,-0.48839841539347617,802.9677419354838,1244.6
2015-12-31,5233.1900000000005,821.77,1.022057472766252,1.0013274017846787,918.3899999999999,828.8399999999999,1130.13,35.75,4404.35,631.54,6104.14,3317.97,3366.6,16007.64,6901.34,23122.84,0.0,2412.96,3164.83,534.44,3699.27,804.88,19423.57,764.1100000000001,403.98,-804.88,301.2900000000001,8.744297887486766,1.48,0.19,2.57,2.0,0.78,14.221313317556874,14.937151236225846,16.92558989919521,17.402815178307854,16.909682389891454,10.07,9.85,0.0,5.06,3.99,12,2015,805.1022969750221,804.035019455253,2066.37
2016-03-31,4974.95,483.86,0.6,1.0,582.07,490.0,786.53,35.75,4484.96,257.45,6694.23,3087.01,3358.68,16293.9,6745.84,23257.85,0.0,2441.01,2930.16,545.04,3475.2,804.88,19782.65,871.68,-47.36,0.0,296.53,14.895,1.45,0.18,0.6,1.0,1.67,8.32,8.6,9.8,10.04,9.64,10.2,9.73,0.0,5.56,4.41,3,2016,806.4333333333334,806.4333333333334,483.86
2016-06-30,4886.96,417.08000000000004,0.5184913534752593,-0.0025144108745682,586.7799999999999,443.34000000000003,737.8199999999999,29.5,4443.599999999999,320.06,6758.42,2994.07,3615.94,16322.09,6555.58,23101.07,0.0,2736.24,3159.09,561.25,3720.33,804.88,19380.73,680.4800000000001,271.36,-804.88,294.48,14.224345209552123,1.23,0.19,1.12,1.0,0.89,7.221843851976824,7.629229915421671,8.610659977356985,8.7588003640642,8.66621262237219,9.48,9.14,0.0,5.17,4.02,6,2016,-2.022619047619173,804.4107142857142,900.94
2016-09-30,5489.130000000001,569.02,0.7083911126833383,-0.0014365065327335191,748.6500000000001,658.41,954.8899999999999,31.75,4830.730000000001,459.6700000000001,7092.7,3617.65,3567.53,17319.15,6273.54,23807.12,0.0,2870.81,3359.2,577.61,3936.81,804.88,19870.31,431.8399999999999,53.31,0.0,296.48,11.205144810375735,1.29,0.2,1.83,1.0,0.55,9.55360254700808,10.343284443114097,11.458129472910827,11.551033225393887,12.046519905303546,9.93,9.58,0.0,5.16,4.09,9,2016,-1.1538836846212916,803.2568306010929,1469.96
2016-12-31,5713.239999999998,635.46,0.7907710575562121,1.0004213429268918,958.31,658.27,950.7800000000002,39.5,5054.9699999999975,671.1799999999998,6347.59,3561.21,3676.21,17037.58,6145.49,23780.78,0.0,2813.47,3364.14,454.88,3819.02,804.88,19961.76,1024.44,-509.76,-804.88,292.51,12.490846630787145,1.59,0.19,2.62,2.0,0.76,10.684463907438897,11.577854109868815,12.736846804913036,12.905866572940315,13.304270311861766,10.26,10.0,0.0,5.06,3.97,12,2016,803.9340090935635,803.5954198473282,2105.42
2017-03-31,5526.2,817.59,1.02,1.0,843.54,830.19,1115.31,47.0,4696.01,541.76,6840.31,3433.94,3761.54,17912.59,5985.84,24233.22,0.0,2846.31,3303.15,465.13,3768.28,804.88,20464.94,683.29,193.52,0.0,285.12,11.52,1.85,0.18,1.02,1.0,0.98,13.48,13.999999999999998,16.0,16.24,15.88,15.61,14.79,0.0,5.42,4.28,3,2017,801.5588235294118,801.5588235294118,817.59
2017-06-30,5459.22,675.5600000000001,0.8415374208887253,0.0015072753811030198,765.3400000000001,699.46,961.6199999999999,50.25,4759.76,472.53,6645.02,3613.62,3905.24,17777.51,6148.21,24213.46,0.0,3053.54,3487.86,475.39,3963.24,804.88,20250.22,888.94,-171.70000000000002,-804.88,262.15999999999997,14.930173855764105,2.0,0.2,1.86,1.0,0.54,11.166206208351472,11.709133576666778,13.3379156816127,13.64557452365804,13.35601326055654,14.26,13.59,0.0,5.1,3.98,6,2017,1.2099936748892333,802.7688172043011,1493.15
2017-09-30,6006.4400000000005,769.52,0.9556635302540802,0.003044908738752969,834.52,802.31,1071.6800000000003,47.5,5204.129999999999,544.79,6208.54,3797.03,3835.54,18287.88,6169.4,24831.9,0.0,3065.72,3459.07,485.64,3944.71,804.88,20887.19,972.9000000000001,-1263.6899999999998,0.0,269.37,12.423043910489657,1.83,0.19,2.81,1.0,0.36,12.393017452832272,13.045997516208725,14.732862679931232,15.100163965580485,14.841692690493975,13.95,13.32,0.0,5.29,4.18,9,2017,2.4518233650940147,805.2206405693951,2262.67
