,revenue,net_profit,eps,dps,gross_profit,ebit,ebitda,close_price,allowance_doubtful_accounts,expense,operating_profit,cash,account_receivable,inventory,current_asset,property_plant_equipment,total_asset,short_term_loan,account_payable,current_portion_long_term_debt,current_liability,non_current_liability,total_liability,paid_in_capital,total_equity,cash_flow_operation,cash_flow_investment,cash_flow_financing,depreciation,P/E,P/BV,D/E,EPS,DPS,DPR%,ROA%,ROAA%,ROE%,ROAE%,ROCE%,NPM%,NPMA%,TIE,CurrentRatio,QuickRatio,month,year,dividend,number_of_shares,return_old
2012-06-30,,,,,,,,,0.0,,,14.71,1.71,27.35,90.14,428.34,731.26,15.83,125.0,82.48,402.95,93.99,496.94,86.15,234.32,,,,,,0.0,2.12,0.09,0.0,0.0,,,,,,3.46,3.39,8.38,0.22,0.16,6,2012,,356.5555555555556,32.09
2012-09-30,469.1700000000001,2.229999999999997,0.0071474358974358875,0.0,262.61,5.799999999999997,40.36999999999999,4.5,0.0,463.37,100.35,95.42,1.73,21.67,175.06,453.61,847.06,0.04,204.77,54.95,340.12,105.34,445.46,101.5,401.59,18.11,-65.07000000000002,127.67000000000002,34.57,157.4026008968612,1.14,1.11,0.11,0.0,0.0,1.052622377622376,0.0,2.2222027972027942,0.0,2.6744405594405554,2.48,2.43,6.5,0.51,0.45,9,2012,0.0,312.0,34.32
2012-12-31,493.46000000000004,-10.990000000000002,-0.028264037719674246,0.04,273.6200000000001,-11.54,22.420000000000016,3.98,-0.18,505.0,19.210000000000008,27.01,2.73,41.45,113.18,504.43,832.84,27.36,148.29,68.51,320.81,129.93,450.75,101.5,382.09,28.790000000000006,-136.30999999999997,39.109999999999985,33.959999999999994,-35.20197679708825,1.06,1.18,0.06,0.04,0.67,-5.275953707672525,-0.0,-11.512884697813977,-0.0,-14.942254607801118,1.25,1.22,3.96,0.35,0.22,12,2012,15.553333333333333,388.8333333333333,23.33
2013-03-31,527.47,3.58,0.01,0.0,292.05,7.67,43.75,3.6,-0.02,519.8,40.39,26.45,4.13,34.06,106.2,544.89,868.65,6.64,138.73,83.42,361.39,120.74,482.13,101.5,386.52,96.2,-69.01,-27.76,36.08,90.0,0.95,1.25,0.01,0.0,0.0,1.64,0.0,3.7200000000000006,0.0,6.04,0.69,0.68,2.37,0.29,0.2,3,2013,0.0,358.0,3.58
2013-06-30,635.47,19.810000000000002,0.050816588285592136,0.0,335.96,28.15,67.67,2.66,0.0,607.3199999999999,-19.55,28.98,2.4,29.64,102.5,552.49,870.53,6.25,132.03,98.05,359.42,104.78,464.19,101.5,406.33,75.93999999999998,-66.33,-7.080000000000002,39.519999999999996,13.085294043412416,0.66,1.14,0.06,0.0,0.0,9.113108165882856,15.143343309106456,19.51356990166738,24.73073963232151,23.748285592133392,2.04,2.01,5.34,0.29,0.2,6,2013,0.0,389.83333333333337,23.39
2013-09-30,611.78,22.479999999999997,0.05390887290167865,0.04,333.94000000000005,31.339999999999996,71.82000000000001,3.04,0.0,580.4300000000001,25.74,18.76,1.64,26.86,93.88,577.69,885.63,10.6,114.07,101.44,370.47,102.58,473.06,101.5,412.58,65.54000000000002,-57.94,-17.809999999999995,40.480000000000004,14.099719750889681,0.75,1.15,0.11,0.04,0.36,10.154471332025288,15.192500545018529,21.798787878787877,22.092836276433395,25.56260736865053,2.62,2.58,7.27,0.25,0.18,9,2013,16.68,417.0,45.87
2013-12-31,578.9599999999998,-3.0899999999999963,-0.007945301542776988,-0.0028892005610098117,312.3299999999999,-1.6400000000000006,40.29999999999998,3.7,0.0,580.6099999999999,-10.269999999999996,55.09,3.3,53.93,159.57,651.14,1020.75,30.23,171.1,132.52,504.6,106.67,611.27,101.5,409.48,61.5,-73.63000000000002,48.46,41.94000000000001,-116.43359223300986,0.92,1.49,0.11,0.04,0.36,-1.2105750350631121,-2.0426647966339386,-3.0192145862552553,-3.123225806451609,-3.666395511921454,1.84,1.82,5.71,0.32,0.21,12,2013,-1.1236363636363613,388.90909090909093,42.78
2014-03-31,591.41,-5.95,-0.01,0.0,322.61,-3.66,37.48,3.02,-0.09,595.07,36.69,12.13,3.03,43.14,109.11,640.26,964.21,38.89,149.18,124.73,442.17,118.53,560.69,101.5,403.52,31.34,-81.81,7.51,41.14,-75.5,0.76,1.39,-0.01,0.0,0.0,-2.48,-1.6,-5.88,-6.04,-2.8,-1.02,-1.01,-0.82,0.25,0.15,3,2014,0.0,595.0,-5.95
2014-06-30,628.16,1.5600000000000005,0.00355353075170843,0.02,334.0,5.86,47.74,2.98,0.0,622.2899999999998,-40.43,9.23,2.8,40.26,98.43,643.87,953.04,47.49,160.8,118.63,461.91,94.17,556.07,101.5,396.97,73.06,-41.25999999999999,-34.7,41.879999999999995,209.65064102564094,0.76,1.4,-0.01,0.02,-2.0,0.653849658314351,-0.34113895216400925,1.5777676537585428,1.5493394077448754,-0.6396355353075174,-0.36,-0.36,0.26,0.21,0.13,6,2014,8.78,438.99999999999994,-4.39
2014-09-30,578.01,-9.73,-0.020672804532577905,0.00134560906515581,312.41999999999996,-8.129999999999999,35.14,3.38,0.37,586.1400000000001,133.31,7.64,2.71,54.72,108.08,639.77,957.12,86.95,166.03,101.44,496.33,73.56,569.89,101.5,387.24,41.81999999999999,-46.77000000000001,3.370000000000001,43.27000000000001,-40.876166495375124,0.89,1.47,-0.03,0.02,-0.67,-4.07943342776204,-1.7640793201133147,-10.060764872521247,-9.73,-3.5557223796033997,-0.8,-0.79,-0.48,0.22,0.11,9,2014,0.6333333333333346,470.6666666666667,-14.12
2014-12-31,524.4200000000001,-40.330000000000005,-0.09628833792470157,-0.002474441383532293,270.81999999999994,-46.45,-2.3299999999999983,3.06,0.0,570.8800000000001,-168.78,23.18,3.25,64.19,127.42,642.58,984.78,59.52,165.85,102.61,533.44,104.0,637.44,101.5,347.34,61.77000000000001,-41.24000000000001,-5.0,44.11999999999999,-7.945406645177286,0.89,1.84,-0.13,0.02,-0.15,-16.38383103764922,-15.465388429752068,-46.45541965105602,-42.633513314967864,-34.39715702479339,-2.37,-2.34,-3.3,0.24,0.12,12,2014,-1.0364102564102566,418.84615384615387,-54.45
2015-03-31,511.65,-43.41,-0.11,0.0,269.63,-40.05,3.12,3.18,1.32,551.7,4.63,7.33,2.29,42.41,90.92,613.32,914.03,80.41,137.26,90.32,524.21,85.89,610.1,101.5,303.93,14.75,-18.04,-12.56,43.17,-7.2275,1.06,2.01,-0.11,0.0,0.0,-19.0,-17.04,-57.12,-49.08,-41.08,-8.6,-8.48,-10.06,0.17,0.09,3,2015,0.0,394.6363636363636,-43.41
2015-06-30,594.64,7.359999999999999,0.018374479889042995,0.0,315.4,10.439999999999998,53.61,2.62,0.0,584.2,-41.32,8.39,0.11,43.31,90.16,586.27,883.89,67.06,159.25,81.5,490.75,81.86,572.61,101.5,311.29,52.269999999999996,-18.67,-32.54,43.17,35.645906929347824,0.85,1.84,-0.09,0.0,0.0,3.3319056865464636,2.6295922330097086,9.456732316227463,8.313431345353676,6.149325936199722,-3.3,-3.26,-3.94,0.18,0.1,6,2015,0.0,400.55555555555554,-36.05
2015-09-30,543.5,-24.690000000000005,-0.0609729996707277,0.0,286.55000000000007,-21.82,21.339999999999996,2.46,0.0,565.3199999999999,-21.410000000000004,10.04,0.03,37.32,82.7,556.33,841.1,63.44,152.31,55.7,448.57,105.94,554.5,101.5,286.59,22.58,-11.21,-9.719999999999999,43.16,-10.086431753746453,0.87,1.93,-0.15,0.0,0.0,-11.73933486993744,-9.300414883108331,-34.45380968060587,-29.315818241685882,-21.299901218307543,-3.72,-3.68,-4.81,0.18,0.1,9,2015,0.0,404.93333333333334,-60.74
2015-12-31,515.9200000000001,-34.24999999999999,-0.08292978208232445,0.0,261.90999999999997,-31.550000000000004,11.710000000000008,2.16,1.33,547.47,143.33,16.9,0.0,57.63,101.43,532.31,821.01,73.2,160.09,78.87,482.04,86.63,568.66,101.5,252.35,0.29000000000000625,2.3200000000000003,4.240000000000002,43.25999999999999,-6.510628467153286,0.87,2.25,-0.23,0.0,0.0,-16.68691441204337,-13.254342562374983,-54.28655647962943,-45.690704284661535,-35.30645331087482,-4.45,-4.39,-5.94,0.21,0.09,12,2015,0.0,412.99999999999994,-94.99
2016-03-31,476.26,-36.5,-0.09,0.0,247.51,-32.78,1.22,2.32,-0.04,509.04,1.27,10.95,0.0,39.21,79.24,532.17,788.17,113.75,130.61,108.91,496.84,56.25,553.09,101.5,235.08,-7.03,-8.12,9.2,34.0,-6.445,1.0,2.35,-0.09,0.0,0.0,-18.52,-15.4,-62.12,-54.16,-45.0,-7.74,-7.66,-7.22,0.16,0.08,3,2016,0.0,405.55555555555554,-36.5
2016-06-30,575.2,-11.719999999999999,-0.029166321028618828,0.0,290.88,-7.009999999999998,27.05,2.04,-0.04,582.21,27.740000000000002,27.87,0.91,48.96,107.26,506.12,788.28,117.37,169.82,31.11,446.59,118.33,564.92,101.5,223.37,42.980000000000004,-8.730000000000002,-17.33,34.06,-17.485921501706486,0.93,2.53,-0.12,0.0,0.0,-5.949929489838241,-4.627722936540854,-20.990029033596016,-17.538681045209454,-11.326254666113647,-4.62,-4.59,-4.11,0.24,0.13,6,2016,0.0,401.8333333333333,-48.22
2016-09-30,508.26,-21.590000000000003,-0.05257556224036672,0.0,266.36,-17.869999999999997,16.099999999999998,2.96,-0.04,526.1300000000001,18.959999999999997,9.94,0.39,45.48,84.01,486.96,743.43,115.6,138.34,28.84,427.35,114.32,541.66,101.5,201.77,5.049999999999997,-9.93,-13.049999999999999,33.97,-14.073553728578043,1.49,2.68,-0.17,0.0,0.0,-11.616106574989258,-9.00588454376164,-42.80269302392208,-35.367889987107866,-22.564194241512677,-4.51,-4.48,-4.35,0.2,0.09,9,2016,0.0,410.6470588235294,-69.81
2016-12-31,508.7900000000002,-78.41999999999999,-0.19574580044525397,0.0,249.3499999999999,-50.8,-17.83,2.7,-0.29,559.5899999999997,-2.6000000000000014,16.05,0.54,53.04,96.2,443.57,695.48,119.89,167.94,26.47,452.64,119.5,572.14,101.5,123.34,19.54,-6.560000000000002,-6.870000000000001,32.97,-3.4496270084162206,2.22,4.64,-0.37,0.0,0.0,-45.095600080955265,-30.261242663428455,-254.32140862173648,-166.98703906091882,-94.50818862578423,-7.22,-7.17,-8.22,0.21,0.1,12,2016,0.0,400.6216216216216,-148.23
2017-03-31,522.29,-47.82,-0.12,0.0,250.4,-43.2,-12.44,2.28,0.11,565.49,-2.84,7.28,0.59,49.2,83.48,412.14,646.91,127.78,160.05,24.4,456.02,115.38,571.4,101.5,75.51,-2.24,-3.76,-2.76,30.76,-4.75,3.06,7.57,-0.12,0.0,0.0,-29.56,-24.08,-253.32,-123.16,-90.52,-9.2,-9.16,-12.31,0.18,0.08,3,2017,0.0,398.5,-47.82
2017-06-30,477.09000000000003,-51.309999999999995,-0.12422475537173407,0.0,245.64000000000001,-47.05,-18.04,2.14,0.11,524.1400000000001,-10.31,7.36,1.18,40.96,83.14,362.1,596.97,126.66,146.78,20.87,461.96,110.8,572.76,101.5,24.21,-6.1,-7.23,13.4,29.01,-4.308320015591503,8.97,23.66,-0.24,0.0,0.0,-34.38955311207505,-26.977476041561584,-847.7511389085038,-165.79864016947442,-138.40708161000705,-9.98,-9.92,0.0,0.18,0.09,6,2017,0.0,413.0416666666667,-99.13
2017-09-30,449.17999999999995,-29.360000000000014,-0.07312008716631647,0.0,231.06,-24.900000000000006,2.830000000000002,1.71,0.0,474.0799999999999,-74.02,10.29,1.63,42.6,87.46,342.79,579.46,37.98,142.53,20.56,477.83,106.77,584.61,101.5,-5.15,-4.130000000000001,-11.200000000000001,18.259999999999998,27.729999999999997,-5.842443801089916,-33.7,-113.52,-0.32,0.0,0.0,-20.263404155965453,-15.912758969569623,2280.3870184450157,-119.45994240796952,-103.5563234492957,-8.93,-8.87,-11.47,0.18,0.09,9,2017,0.0,401.53125,-128.49
