,revenue,net_profit,eps,dps,gross_profit,ebit,ebitda,close_price,expense,operating_profit,cash,account_receivable,inventory,current_asset,property_plant_equipment,total_asset,short_term_loan,account_payable,current_portion_long_term_debt,current_liability,non_current_liability,total_liability,paid_in_capital,total_equity,cash_flow_operation,cash_flow_investment,cash_flow_financing,depreciation,P/E,P/BV,D/E,EPS,DPS,DPR%,ROA%,ROAA%,ROE%,ROAE%,ROCE%,NPM%,NPMA%,CurrentRatio,QuickRatio,month,year,dividend,number_of_shares,return_old
2001-09-30,,,,,,,,,,,153.49,55.78,0.08,235.18,70.51,318.54,0.0,0.0,1.92,115.17,3.89,119.07,122.5,199.48,,,,,,0.0,0.6,3.7,0.0,0.0,,,,,,17.2,17.07,2.04,2.04,9,2001,,19.775675675675675,73.17
2002-03-31,135.53,26.15,0.10000000000000002,68.3,67.68,35.58,42.54,4.52,99.96,33.54,520.76,71.18,2.84,619.11,85.9,739.8,36.21,0.0,2.07,112.16,11.41,123.57,250.0,616.23,31.93,-8.38,-28.99,6.96,11.3,1.83,0.2,0.1,68.3,682.96,14.12,0.0,16.96,0.0,22.68,19.6,19.29,5.52,5.49,3,2002,17860.449999999997,261.49999999999994,26.15
2002-06-30,138.22,21.71,0.08618679481821981,-2.604419139155869,63.43000000000001,28.960000000000008,36.88,4.5,109.25000000000001,27.18,542.4,70.01,0.91,636.52,110.47,778.02,0.0,64.62,5.12,135.51,16.8,152.3,250.0,625.72,54.61000000000001,-26.849999999999994,-6.59,7.920000000000001,13.05072316904652,1.8,0.24,0.19,68.3,359.45,11.158921855411618,0.0,13.880610112829086,0.0,18.217166736314248,17.75,17.48,4.7,4.69,6,2002,-656.03947368421,251.89473684210526,47.86
2002-09-30,152.48000000000002,19.040000000000006,0.07684304932735429,-1.1348406891668523,69.94,25.39999999999999,35.78999999999999,4.42,127.08000000000001,23.260000000000005,532.15,69.3,1.15,630.19,116.94,782.31,0.0,58.03,5.19,122.08,15.47,137.55,250.0,644.76,12.22999999999999,-20.360000000000007,-1.7800000000000011,10.389999999999999,14.379634978991595,1.71,0.21,0.27,68.3,252.95,9.73345291479821,18.601710014947688,11.816753363228703,18.043886397608375,15.505219730941706,15.94,15.7,5.16,5.15,9,2002,-281.1883040935645,247.77777777777777,66.9
2002-12-31,170.34000000000003,13.559999999999988,0.05392990305741979,0.9941199215621187,66.75999999999999,18.159999999999997,26.33,4.46,152.18,16.50999999999999,39.94,76.92,14.45,639.26,127.45,819.59,0.0,74.09,5.26,152.84,9.37,162.21,250.0,657.38,-6.390000000000001,-477.35,-1.7800000000000011,8.169999999999998,20.678694690265505,1.7,0.25,0.32,68.3,213.43,6.61989560029828,0.0,8.251275167785229,0.0,10.927546607009686,13.75,13.49,4.18,4.09,12,2002,249.9590277777752,251.43749999999997,80.46
2003-03-31,154.06,21.31,0.09,0.0,64.0,28.45,37.88,4.26,125.61,24.69,42.56,87.38,25.95,629.33,158.57,837.94,0.0,71.78,5.63,148.48,10.78,159.25,250.0,678.69,16.05,-15.84,2.41,9.43,11.8325,1.57,0.23,0.09,0.0,0.0,10.16,14.440000000000001,12.56,13.16,16.52,14.3,13.83,4.24,4.06,3,2003,0.0,236.77777777777777,21.31
2003-06-30,163.64,24.45,0.0961756993006993,0.25,73.53,32.650000000000006,43.88,5.35,130.99,31.23,59.51,105.24,21.91,576.86,150.22,781.95,0.0,61.34,5.73,132.16,9.15,141.3,250.0,640.64,4.599999999999998,75.79,-63.44,11.23,13.905799591002044,2.09,0.22,0.18,0.25,1.39,12.502840909090908,16.73457167832168,15.259877622377623,15.452229020979022,20.090034965034967,14.76,14.4,4.36,4.2,6,2003,63.55555555555556,254.22222222222223,45.76
2003-09-30,178.0,25.080000000000005,0.09913043478260872,0.14879227053140098,82.10999999999999,33.48,46.62999999999998,8.35,144.51999999999998,32.620000000000005,39.86,106.68,12.86,552.32,149.06,772.02,0.0,60.3,5.55,136.47,7.32,143.8,250.0,628.22,38.84,-19.150000000000006,-39.34,13.150000000000002,21.05710526315789,3.32,0.23,0.28,0.4,1.43,13.00024844720497,17.234534161490686,15.974161490683233,15.761739130434787,21.072298136645966,14.58,14.29,4.05,3.95,9,2003,37.644444444444446,253.0,70.84
2003-12-31,178.68,23.689999999999998,0.09523114355231142,-0.006812652068126497,79.30000000000001,31.769999999999996,46.5,9.4,146.91999999999996,27.279999999999987,28.34,115.18,4.44,584.35,146.42,807.73,0.0,73.15,5.75,150.12,5.7,155.82,250.0,651.91,47.309999999999995,-57.209999999999994,-1.6199999999999903,14.729999999999997,24.679951456310683,3.6,0.24,0.38,0.4,1.05,11.72846715328467,15.567785888077855,14.535279805352797,14.475133819951337,19.256739659367398,14.35,14.02,3.89,3.86,12,2003,-1.6947368421052573,248.76315789473685,94.53
2004-03-31,164.43,20.18,0.08,0.0,76.39,27.06,41.39,8.4,137.37,26.72,30.51,117.63,0.88,576.72,155.2,810.77,0.0,65.58,5.64,134.33,4.35,138.68,250.0,672.08,10.24,-6.61,-1.46,14.33,26.25,3.12,0.21,0.08,0.0,0.0,9.96,13.12,12.0,11.959999999999999,16.0,12.39,12.27,4.29,4.29,3,2004,0.0,252.25,20.18
2004-06-30,164.58999999999997,20.240000000000002,0.08011875309252846,0.17,74.10000000000001,25.169999999999998,40.879999999999995,7.6,139.42000000000002,25.04,48.26,120.22,1.3,556.36,184.7,815.44,0.0,98.37,4.49,160.58,5.02,165.6,250.0,649.84,70.10000000000001,-8.600000000000001,-43.74,15.709999999999999,23.71479743083004,2.92,0.25,0.16,0.17,1.06,9.934725383473529,13.099416130628404,12.458466105888174,12.538584858980704,15.983691241959427,12.4,12.28,3.46,3.46,6,2004,42.946250000000006,252.625,40.42
2004-09-30,177.79000000000002,30.14999999999999,0.11962590335836756,0.12960252231826547,87.03,40.73,57.459999999999994,5.25,137.06,40.11000000000001,31.39,142.56,0.98,578.08,175.0,829.16,0.0,109.91,3.61,177.1,4.57,181.67,250.0,647.48,44.28999999999999,-27.049999999999997,-34.11999999999999,16.730000000000004,10.971703980099504,2.03,0.28,0.28,0.3,1.07,14.543091965424399,19.84081054272353,18.627462094374376,18.900892730622076,24.369505455576018,14.06,13.92,3.26,3.26,9,2004,32.66446428571426,252.03571428571425,70.57
2004-12-31,195.33999999999997,21.310000000000002,0.08581519373095342,-0.004483721002549844,77.16,30.070000000000007,46.35000000000002,5.05,165.26999999999998,28.33,39.17,194.31,1.37,607.34,170.31,851.61,0.0,104.15,2.67,179.31,3.51,182.82,250.0,668.79,-7.409999999999997,17.959999999999997,-2.7700000000000102,16.279999999999994,14.713303613327076,1.89,0.27,0.37,0.3,0.81,10.010226382237702,13.758262951676102,12.74703526338703,12.90474967348716,16.977492381367004,13.23,13.09,3.39,3.38,12,2004,-1.1134169884169722,248.32432432432432,91.88
2005-03-31,225.28,23.69,0.09,0.0,78.71,31.79,49.11,4.44,193.49,29.95,21.32,201.7,1.43,630.56,165.66,867.39,0.0,89.66,3.64,172.03,2.76,174.79,250.02,692.6,30.34,-46.64,-1.55,17.32,12.3325,1.6,0.25,0.09,0.0,0.0,10.92,15.160000000000002,13.68,13.88,18.28,10.65,10.52,3.67,3.66,3,2005,0.0,263.22222222222223,23.69
2005-06-30,242.91,21.44,0.08551296255262573,0.15,81.58,29.939999999999998,46.68000000000001,3.64,212.96999999999997,32.17,32.0,149.27,0.0,614.04,152.64,862.74,0.0,94.24,3.46,183.44,2.76,186.21,250.02,676.53,-29.63,92.71000000000001,-52.400000000000006,16.740000000000002,10.640492070895522,1.35,0.28,0.18,0.15,0.83,9.938506536671838,13.986120097496125,12.67492133835586,12.940961666297362,17.2736184356304,9.74,9.64,3.35,3.35,6,2005,37.608333333333334,250.72222222222226,45.13
2005-09-30,216.29000000000002,11.469999999999999,0.0466095406360424,0.157174617196702,64.61000000000001,15.71,32.62999999999998,3.6,200.57999999999998,14.530000000000008,29.44,140.18,2.71,593.42,148.12,840.12,0.0,88.02,3.32,189.66,2.46,192.12,250.02,648.0,7.44,32.35,-42.349999999999994,16.919999999999995,19.306669572798608,1.39,0.3,0.23,0.31,1.35,5.463448763250883,7.522374558303886,7.076544169611307,7.084650176678444,9.654254416961129,8.36,8.27,3.13,3.11,9,2005,38.678623188405794,246.08695652173913,56.6
2005-12-31,245.62,15.630000000000003,0.06275370344732106,0.003711513342041478,76.12999999999997,22.17,39.85000000000002,3.2,223.45000000000005,21.5,21.36,137.09,2.21,564.78,133.91,836.32,0.0,111.35,3.06,170.35,2.34,172.69,250.02,663.63,-49.18,42.72,-1.6200000000000045,17.68,12.743072616762634,1.21,0.26,0.29,0.31,1.07,7.478510314273849,10.213706216253636,9.417383358715218,9.382760625778763,12.948902118233422,7.84,7.77,3.32,3.3,12,2005,0.9244227886057104,249.06896551724142,72.23
2006-03-31,221.23,8.19,0.03,0.0,55.52,10.77,28.03,2.9,210.47,7.22,28.27,166.56,3.54,603.59,123.16,859.34,0.0,124.98,0.9,185.24,2.28,187.52,250.02,671.82,-35.12,43.99,-1.95,17.26,24.1675,1.08,0.28,0.03,0.0,0.0,3.8,5.0,4.88,4.8,6.4,3.78,3.7,3.26,3.24,3,2006,0.0,273.0,8.19
2006-06-30,201.73,3.360000000000001,0.01454545454545455,0.08,54.04,4.32,21.78,2.0,197.4,2.62,19.12,154.41,19.04,584.14,117.36,830.74,0.0,128.07,1.4,174.02,1.55,175.56,250.02,655.18,-14.68,25.880000000000003,-20.35,17.459999999999997,34.374999999999986,0.76,0.27,0.05,0.08,1.6,1.6174545454545457,2.0712727272727283,2.0480000000000005,2.0130909090909097,2.676363636363637,2.78,2.73,3.36,3.25,6,2006,18.48,231.0,11.55
2006-09-30,226.34999999999997,-13.82,-0.06088105726872247,-0.0014096916299559483,29.079999999999984,-16.27,0.9799999999999969,1.98,242.62,-17.28,22.02,179.32,21.02,588.15,106.37,849.96,0.0,157.88,1.26,207.19,1.41,208.6,250.02,641.36,-1.6700000000000017,4.909999999999997,-0.34999999999999787,17.25,-8.130607814761214,0.77,0.33,-0.01,0.08,-8.0,-6.575154185022027,-3.4093392070484585,-8.523348017621144,-8.523348017621144,-4.383436123348018,-0.35,-0.35,2.84,2.74,9,2006,-0.3200000000000003,227.0,-2.27
2006-12-31,250.73000000000002,11.07,0.05031818181818182,-0.0025454545454545396,55.29000000000002,12.719999999999999,29.68,1.63,238.01999999999998,11.75,48.34,171.83,25.38,637.54,94.06,854.37,0.0,140.14,1.18,200.68,1.26,201.94,250.02,652.43,-10.82,37.42999999999999,-0.2900000000000027,16.960000000000008,8.098464317976513,0.62,0.31,0.04,0.08,2.0,5.182772727272727,6.893590909090909,6.7929545454545455,6.742636363636365,8.90631818181818,0.99,0.98,3.18,3.05,12,2006,-0.5599999999999987,220.0,8.8
2007-03-31,242.92,2.17,0.01,0.0,45.58,3.48,19.43,1.75,239.45,2.41,18.69,264.34,17.39,697.48,82.38,887.4,0.0,181.44,1.43,232.53,0.26,232.79,250.02,654.6,10.51,-39.98,-0.17,15.95,43.75,0.67,0.36,0.01,0.0,0.0,0.9599999999999999,1.6,1.32,1.32,2.12,0.9,0.89,3.0,2.92,3,2007,0.0,217.0,2.17
2007-06-30,183.59,-17.58,-0.06844905905256325,0.02,37.47,-22.400000000000002,-5.92,1.83,205.98000000000002,-26.52,16.07,206.9,19.03,640.97,71.34,842.89,0.0,158.75,1.32,210.64,0.23,210.87,250.02,632.02,35.6,47.64,-5.17,16.48,-6.683802616609785,0.72,0.33,-0.06,0.02,-0.33,-8.350785204412718,-10.31299156391953,-11.13438027255029,-10.906216742375081,-13.644179104477612,-3.68,-3.61,3.04,2.95,6,2007,5.136666666666668,256.83333333333337,-15.41
2007-09-30,180.53999999999996,8.61,0.037985294117647055,-0.002661764705882358,50.32000000000001,10.010000000000002,22.15,1.65,170.53000000000003,6.439999999999998,20.61,168.88,21.09,652.87,61.81,845.04,0.0,156.59,1.19,204.17,0.23,204.4,250.02,640.64,28.909999999999997,-2.1900000000000004,-0.16000000000000014,12.14,10.859465737514519,0.64,0.32,-0.03,0.02,-0.67,4.051764705882353,5.317941176470588,5.368588235294117,5.368588235294117,7.039941176470587,-1.14,-1.12,3.2,3.09,9,2007,-0.6033333333333344,226.66666666666666,-6.8
2007-12-31,172.5200000000001,5.01,0.027988826815642458,-0.005325884543761638,33.06,6.03,17.840000000000003,1.47,166.48000000000002,-0.879999999999999,14.45,139.4,15.36,671.83,57.26,830.2,0.0,140.17,1.03,184.33,0.23,184.56,250.02,645.64,74.55,-5.8,-0.16999999999999993,11.810000000000002,13.130239520958083,0.57,0.29,-0.01,0.02,-2.0,2.463016759776536,3.8064804469273748,3.134748603351955,3.134748603351955,5.037988826815642,-0.24,-0.23,3.64,3.56,12,2007,-0.9533333333333331,179.0,-1.79
2008-03-31,146.57,5.39,0.02,0.0,39.59,5.94,16.12,1.44,140.63,2.31,8.37,139.48,14.52,676.56,0.0,824.3,0.0,127.87,0.03,173.03,0.23,173.27,250.02,651.03,9.12,-10.34,-0.04,10.18,18.0,0.55,0.27,0.02,0.0,0.0,2.6,2.7600000000000002,3.32,3.32,3.6400000000000006,3.8,3.68,3.91,3.83,3,2008,0.0,269.5,5.39
2008-06-30,147.59000000000003,11.259999999999998,0.04733933933933934,0.02,41.03,11.829999999999998,21.19,1.03,135.76999999999998,5.459999999999999,9.34,98.31,14.61,682.94,42.36,827.12,0.0,128.28,0.0,169.59,0.23,169.82,250.02,657.3,59.87,7.779999999999999,-5.03,9.36,5.437866341030196,0.39,0.26,0.07,0.02,0.29,5.43726126126126,5.761873873873872,6.8439159159159155,6.9791711711711715,7.303783783783784,5.91,5.66,4.03,3.94,6,2008,4.757142857142856,237.8571428571428,16.65
2008-09-30,148.41999999999996,-22.88,-0.07345104333868378,0.004728273331804637,12.310000000000002,-17.15,-8.240000000000002,1.06,165.56,-22.81,13.34,96.04,13.42,689.43,0.0,820.68,0.0,147.44,0.0,185.99,0.28,186.27,250.02,634.41,-162.89999999999998,-1.2199999999999998,0.0,8.91,-3.60784527972028,0.42,0.29,-0.02,0.02,-1.0,-11.164558587479934,1.028314606741573,-14.396404494382022,-14.396404494382022,1.4690208667736755,-1.47,-1.41,3.71,3.63,9,2008,1.4728571428571442,311.5,-6.23
2008-12-31,158.75000000000006,-23.169999999999998,-0.09457142857142857,-0.0054285714285714284,2.4299999999999926,-40.51,-31.88,0.64,199.26000000000005,-41.62,48.71,110.57,6.26,689.05,0.0,840.88,0.0,124.55,0.0,229.35,0.29,229.64,250.02,611.24,-45.50999999999999,-14.340000000000002,0.0,8.629999999999999,-1.6907854984894262,0.26,0.38,-0.12,0.02,-0.17,-11.033333333333333,-15.036857142857142,-15.162952380952378,-14.753142857142855,-20.553523809523806,-5.06,-4.89,3.0,2.98,12,2008,-1.33,245.0,-29.4
2009-03-31,155.21,-18.03,-0.07,0.0,35.05,-24.7,-16.73,0.64,179.91,-28.79,72.07,129.17,4.68,672.74,0.0,809.57,0.0,115.44,0.0,216.06,0.29,216.35,250.02,593.22,28.69,-5.36,0.0,7.97,-2.285,0.27,0.36,-0.07,0.0,0.0,-8.92,-12.08,-12.16,-11.6,-16.64,-12.01,-11.62,3.11,3.09,3,2009,0.0,257.57142857142856,-18.03
2009-06-30,148.45000000000002,12.05,0.040301003344481605,0.05,52.06,15.459999999999999,21.82,0.72,132.98999999999998,12.34,59.91,113.42,0.77,658.84,45.33,799.1,0.0,117.64,0.0,206.04,0.3,206.34,250.02,592.76,10.91,-10.57,-12.5,6.36,4.466390041493776,0.3,0.35,-0.02,0.05,-2.5,6.045150501672241,9.188628762541805,8.140802675585284,7.737792642140468,12.573913043478262,-2.03,-1.97,3.2,3.19,6,2009,14.950000000000001,299.0,-5.98
2009-09-30,157.91999999999996,15.57,0.06494264859228363,-0.012356621480709073,54.11999999999999,20.05,25.93,1.01,137.87,15.93,77.73,105.06,0.68,660.08,48.45,799.83,0.0,107.88,0.0,191.19,0.31,191.5,250.02,608.33,98.11000000000001,-80.25999999999999,0.0,5.880000000000001,3.8880459216441876,0.42,0.31,0.04,0.05,1.25,7.793117831074035,8.637372262773722,10.260938477580815,10.001167883211679,11.559791449426486,2.15,2.08,3.45,3.45,9,2009,-2.9625000000000004,239.75,9.59
2009-12-31,124.67000000000002,2.620000000000001,0.010728910728910732,0.0009111384111384116,43.48000000000002,4.709999999999999,10.220000000000002,1.39,119.96000000000004,3.63,227.17,54.41,0.91,639.39,53.0,785.32,0.0,97.41,0.0,174.06,0.31,174.37,250.02,610.95,55.579999999999984,93.67,0.0,5.509999999999998,32.38912213740457,0.57,0.29,0.05,0.05,1.0,1.3303849303849309,1.63937755937756,1.7166257166257173,1.7166257166257173,2.180114660114661,2.15,2.08,3.67,3.67,12,2009,0.22250000000000014,244.20000000000002,12.21
2010-03-31,120.03,6.81,0.03,0.0,39.84,7.86,13.19,1.18,112.18,8.03,191.35,64.93,0.92,634.62,51.22,779.84,0.0,105.94,0.0,161.78,0.31,162.08,250.02,617.76,-21.01,-14.8,0.0,5.33,9.8325,0.48,0.26,0.03,0.0,0.0,3.4799999999999995,3.9600000000000004,4.4,4.48,5.08,5.9,5.67,3.92,3.92,3,2010,0.0,227.0,6.81
2010-06-30,106.57,0.3600000000000003,0.0015062761506276165,0.05,32.53,-0.3100000000000005,4.880000000000001,1.35,106.88,-0.27999999999999936,42.22,69.99,1.01,619.72,47.98,754.84,0.0,99.38,0.0,148.92,0.31,149.23,250.02,605.62,-12.039999999999996,-124.42,-12.5,5.1899999999999995,224.06249999999977,0.56,0.25,0.03,0.05,1.67,0.19079497907949805,0.1948117154811717,0.23698744769874497,0.2410041841004186,0.2510460251046027,3.31,3.16,4.16,4.15,6,2010,11.950000000000001,239.0,7.17
2010-09-30,104.75000000000003,-11.129999999999999,-0.056212121212121206,-0.010353535353535358,22.709999999999994,-11.05,-6.5600000000000005,1.56,115.79000000000002,-9.07,194.16,51.81,1.04,592.52,48.25,730.18,0.0,90.7,0.0,135.45,0.24,135.68,250.02,594.49,-2.240000000000002,154.21,0.0,4.49,-6.93800539083558,0.66,0.23,-0.02,0.05,-2.5,-6.070909090909091,-5.171515151515152,-7.532424242424242,-7.42,-6.633030303030302,-1.25,-1.2,4.37,4.37,9,2010,-2.0500000000000007,198.0,-3.96
2010-12-31,91.35999999999996,-8.75,-0.03442171518489378,0.011054287962234462,17.049999999999997,-17.25,-12.09,1.37,108.60999999999996,-18.75,145.79,59.64,2.83,575.93,48.28,722.88,0.0,87.68,0.0,136.93,0.23,137.16,250.02,585.71,64.92,-109.78999999999999,0.0,5.160000000000002,-9.950114285714287,0.58,0.23,-0.05,0.05,-1.0,-4.846577498033044,-7.572777340676632,-5.97560975609756,-5.837922895357986,-9.74822974036192,-3.15,-3.01,4.21,4.19,12,2010,2.8100000000000005,254.20000000000002,-12.71
2011-03-31,88.14,-7.9,-0.029999999999999995,0.0,22.48,-8.0,-3.08,1.27,96.13,-8.44,201.25,39.2,4.44,558.36,45.22,706.87,0.0,85.94,0.0,126.52,6.34,132.86,250.02,574.02,1.02,54.45,0.0,4.92,-10.5825,0.55,0.23,-0.03,0.0,0.0,-4.48,-4.32,-5.52,-5.32,-5.52,-9.53,-8.96,4.41,4.38,3,2011,0.0,263.33333333333337,-7.9
2011-06-30,84.42,7.0200000000000005,-0.0,,20.749999999999996,9.17,13.7,1.29,75.27000000000001,7.6899999999999995,86.09,38.77,4.74,565.47,41.96,702.7,0.0,79.58,0.0,123.58,6.74,130.32,250.02,572.38,-15.08,-92.59,-7.5,4.529999999999999,-0.0,0.56,0.23,0.0,0.03,0.0,4.148181818181818,-5.105454545454546,4.786363636363636,4.786363636363636,-6.381818181818183,-0.55,-0.51,4.58,4.54,6,2011,-inf,-inf,-0.88
2011-09-30,66.43,-36.75,-0.14649216051023117,inf,0.46000000000000085,-30.689999999999998,-26.39,1.22,97.10999999999999,-31.53,52.28,77.91,4.39,519.74,39.0,650.66,0.0,83.36,0.0,109.3,7.12,116.42,250.02,534.24,-24.89,-8.920000000000002,0.0,4.300000000000001,-2.0811693877551023,0.57,0.22,-0.15,0.03,-0.2,-22.579325006643636,-16.71963858623439,-27.501461599787405,-26.05607228275312,-21.2901939941536,-17.06,-15.75,4.76,4.72,9,2011,inf,250.8666666666667,-37.63
2011-12-31,84.90999999999997,-46.029999999999994,-0.18156705713602675,0.0003134114272053489,16.980000000000004,-39.0,-34.709999999999994,1.13,123.90000000000003,-58.42999999999999,122.74,37.89,4.87,485.25,67.6,636.43,0.0,126.59,0.0,141.7,4.6,146.3,250.02,490.14,27.39,43.07,0.0,4.289999999999999,-1.5539713230501846,0.58,0.3,-0.33,0.03,-0.09,-28.940688501075783,-22.184193162801815,-37.56787473105426,-34.222639254123834,-30.48125747071479,-27.73,-25.83,3.42,3.39,12,2011,0.07945454545454389,253.5151515151515,-83.66
2012-03-31,70.81,-10.86,-0.04,0.0,8.75,-11.03,-6.61,1.13,81.84,-16.42,85.19,45.9,5.83,427.9,95.69,609.9,0.0,111.54,0.0,124.53,4.94,129.47,250.02,480.42,-44.94,7.39,0.0,4.42,-7.062499999999999,0.59,0.27,-0.04,0.0,0.0,-7.119999999999999,-6.72,-9.04,-8.24,-9.08,-16.6,-15.34,3.44,3.39,3,2012,0.0,271.5,-10.86
2012-06-30,76.07999999999998,-7.920000000000002,-0.03373801916932908,0.0,18.45,-9.549999999999999,-4.919999999999999,1.07,85.63,-14.739999999999998,69.07,73.47,6.43,418.16,116.72,608.93,0.0,116.49,0.0,131.33,5.28,136.61,250.02,472.32,-14.46,-1.6599999999999993,0.0,4.630000000000001,-7.9317045454545445,0.57,0.29,-0.08,0.0,0.0,-5.195654952076678,-5.2968690095846656,-6.7138658146964865,-6.072843450479234,-7.270543130990416,-13.78,-12.79,3.18,3.14,6,2012,0.0,234.75,-18.78
2012-09-30,80.27000000000001,-1.4599999999999973,-0.005770750988142282,0.0,14.510000000000002,-1.370000000000001,3.6799999999999997,1.52,81.64000000000001,-6.699999999999999,73.85,62.06,7.32,375.81,129.72,597.31,0.0,111.73,0.0,120.3,5.62,125.92,250.02,471.39,-8.199999999999996,12.98,0.0,5.049999999999999,-65.84931506849327,0.81,0.27,-0.08,0.0,0.0,-0.978142292490117,-1.0156521739130417,-1.2378260869565196,-1.1628063241106699,-1.3272727272727247,-9.58,-8.91,3.12,3.06,9,2012,0.0,252.99999999999997,-20.24
2012-12-31,104.11999999999998,18.34,0.09652631578947368,0.0,29.29,18.259999999999998,26.57,2.48,85.84999999999997,4.329999999999998,46.35,85.01,6.45,375.73,146.78,625.9,0.0,121.71,0.0,129.84,5.99,135.83,250.02,490.06,0.8299999999999983,-28.33,0.0,8.31,6.423118865866957,1.27,0.28,-0.01,0.0,0.0,11.583157894736841,22.394105263157893,15.058105263157897,15.058105263157897,28.57178947368421,-0.63,-0.57,2.89,2.84,12,2012,0.0,190.0,-1.9
2013-03-31,93.92,1.76,0.01,0.0,22.34,1.78,11.33,3.74,92.14,-3.62,42.97,123.77,5.05,226.44,234.84,675.47,0.0,165.74,0.0,177.95,6.18,184.13,250.02,491.35,-28.6,25.22,0.0,9.55,93.5,1.9,0.37,0.01,0.0,0.0,1.04,1.12,1.44,1.44,1.44,1.99,1.87,1.27,1.24,3,2013,0.0,176.0,1.76
2013-06-30,92.7,-3.5300000000000002,-0.01994350282485876,0.0,24.180000000000003,-3.74,6.5699999999999985,4.14,96.44000000000001,-6.2,16.38,105.55,6.98,189.11,291.54,678.0,0.0,176.44,0.0,185.35,5.81,191.16,250.02,486.84,27.900000000000002,-54.5,0.0,10.309999999999999,-51.89660056657223,2.13,0.39,-0.01,0.0,0.0,-2.074124293785311,-2.393220338983051,-2.871864406779661,-2.951638418079096,-3.1909604519774013,-0.99,-0.95,1.02,0.98,6,2013,0.0,177.0,-1.77
2013-09-30,92.5,-0.040000000000000036,-0.00022099447513812174,0.0,19.380000000000003,0.33000000000000007,10.970000000000002,4.06,92.16999999999999,-2.549999999999999,7.68,86.86,9.14,225.18,347.02,716.7,62.98,147.39,0.0,224.54,5.73,230.27,250.02,486.43,8.02,-79.69,62.98,10.64,-4592.874999999996,2.09,0.47,-0.01,0.0,0.0,-0.022099447513812175,-0.022099447513812175,-0.03270718232044202,-0.0335911602209945,-0.02917127071823207,-0.67,-0.65,1.0,0.96,9,2013,0.0,181.0,-1.81
2013-12-31,113.83999999999997,4.87,0.015915032679738563,0.0,28.25999999999999,6.8,18.19,3.4,107.04000000000002,3.4799999999999986,12.31,78.65,8.53,132.5,472.12,843.78,106.9,155.57,26.5,301.9,50.25,352.15,250.02,491.62,42.63,-78.03999999999999,40.04,11.39,53.408624229979466,1.73,0.72,0.01,0.0,0.0,2.291764705882353,4.4562091503267975,3.9469281045751634,3.9469281045751634,6.047712418300653,0.81,0.78,0.44,0.41,12,2013,0.0,306.0,3.06
2014-03-31,115.69,0.87,0.0,,22.58,4.51,15.56,3.76,111.18,-1.72,14.56,81.39,8.58,139.77,532.94,929.48,145.22,134.7,50.04,349.39,86.99,436.38,250.02,493.1,-8.35,-78.16,88.76,11.05,0.0,1.91,0.88,0.0,0.0,0.0,0.36,2.24,0.72,0.72,3.12,0.79,0.75,0.4,0.38,3,2014,,inf,0.87
2014-06-30,132.1,4.13,0.01652,,33.56,10.4,25.239999999999995,3.66,121.69999999999999,2.58,6.44,88.09,7.42,137.57,606.08,980.2,185.22,117.47,65.02,383.53,121.33,504.85,250.02,475.35,-8.180000000000001,-45.980000000000004,46.040000000000006,14.84,55.38740920096853,1.93,1.06,0.02,0.0,0.0,1.68504,5.9472,3.4692000000000003,3.43616,8.26,2.14,2.02,0.36,0.34,6,2014,,250.0,5.0
2014-09-30,133.42,3.9499999999999993,0.0176536312849162,0.0,29.409999999999997,11.059999999999999,30.269999999999996,3.78,122.36000000000001,4.9799999999999995,6.66,77.89,5.41,122.24,634.28,1014.13,206.14,117.74,70.62,410.4,124.46,534.86,250.02,479.27,25.12,-33.30999999999999,8.409999999999997,19.21,53.53006329113925,1.97,1.12,0.04,0.0,0.0,1.5535195530726256,5.29608938547486,3.3012290502793293,3.2659217877094973,7.591061452513965,2.48,2.35,0.3,0.28,9,2014,0.0,223.74999999999997,8.95
2014-12-31,131.87000000000006,-15.77,-0.06936950146627566,0.0,23.570000000000007,-8.11,11.16000000000001,3.5,139.98000000000002,-8.83,24.46,73.95,4.27,129.64,659.32,1055.62,242.0,130.99,73.61,466.15,126.13,592.28,250.02,463.34,50.480000000000004,-50.47,17.78,19.270000000000003,-12.613972733037414,1.89,1.28,-0.03,0.0,0.0,-6.012023460410557,17.388621700879764,-13.596422287390027,-13.226451612903224,28.02527859237536,-1.39,-1.33,0.28,0.27,12,2014,0.0,227.33333333333334,-6.82
2015-03-31,135.84,4.72,0.02,0.0,34.89,11.96,32.05,3.0,123.87,6.36,4.74,89.13,3.61,119.61,646.78,1039.07,241.89,115.34,76.15,459.94,111.08,571.02,250.02,468.05,0.42,-1.54,-18.6,20.09,37.5,1.6,1.22,0.02,0.0,0.0,1.8,4.880000000000001,4.04,3.92,8.28,3.62,3.47,0.26,0.25,3,2015,0.0,235.99999999999997,4.72
2015-06-30,134.89000000000001,1.54,0.007380191693290735,0.0,29.83,8.669999999999998,32.19,2.8,126.22999999999999,2.829999999999999,7.4,80.6,2.46,110.23,666.23,1040.88,243.62,110.14,85.2,457.08,114.25,571.33,250.02,469.54,19.479999999999997,1.23,-18.04,23.52,94.84509740259739,1.49,1.22,0.03,0.0,0.0,0.5904153354632588,2.00741214057508,1.3087539936102237,1.3087539936102237,3.473610223642172,2.41,2.31,0.24,0.24,6,2015,0.0,208.66666666666666,6.26
2015-09-30,175.04999999999995,14.44,0.05580676328502415,0.0,41.14,22.640000000000004,55.41000000000001,2.58,152.41,12.85,6.39,107.23,1.67,133.67,695.2,1100.22,238.34,118.79,104.96,479.39,137.09,616.48,250.02,483.73,26.18,-22.6,-4.609999999999999,32.769999999999996,11.557738919667589,1.33,1.27,0.08,0.0,0.0,5.24583574879227,11.41248309178744,11.942647342995171,11.998454106280192,19.448657004830917,4.88,4.64,0.28,0.28,9,2015,0.0,258.75,20.7
2015-12-31,194.57000000000005,18.41,0.0753157760163641,0.0,53.750000000000014,26.419999999999995,59.53,4.12,168.14999999999998,17.259999999999998,8.35,110.43,1.56,141.92,750.08,1183.95,264.44,123.68,116.31,528.03,154.17,682.19,250.02,501.76,42.760000000000005,-39.599999999999994,-1.1899999999999977,33.11,13.675753666485605,2.05,1.36,0.16,0.0,0.0,6.2135515213500385,11.711603170544617,14.66774737918691,15.25144464331373,19.996338532344666,6.41,6.11,0.27,0.27,12,2015,0.0,244.4375,39.11
2016-03-31,206.39,11.19,0.04,0.0,51.83,20.34,58.7,6.4,186.05,11.62,10.3,131.0,1.34,164.83,840.85,1328.07,322.1,127.13,131.76,601.03,213.57,814.6,250.02,513.47,17.18,-40.88,25.65,38.36,40.0,3.12,1.59,0.04,0.0,0.0,3.3599999999999994,6.88,8.72,9.12,11.2,5.66,5.42,0.27,0.27,3,2016,0.0,279.75,11.19
2016-06-30,214.91000000000003,5.840000000000002,0.02400469759248386,0.02,53.91,15.95,60.67,4.64,198.95999999999998,8.700000000000001,19.31,131.9,1.18,184.77,1003.73,1549.25,397.9,227.04,133.6,782.84,226.73,1009.57,250.02,539.68,28.29,-55.02,35.730000000000004,44.72,48.32699914383561,2.15,1.87,0.07,0.02,0.21,1.5088667058132712,3.840751614797417,4.334562536699942,4.622618907809748,6.501843805049914,4.2,4.04,0.24,0.23,6,2016,4.865714285714286,243.28571428571428,17.03
2016-09-30,275.33,55.31999999999999,0.1758617829993089,0.004531937999802546,57.730000000000004,66.16,112.79999999999998,4.08,209.16999999999996,15.920000000000002,473.63,170.31,1.03,683.74,1256.12,2303.85,267.31,259.82,121.31,678.51,280.95,959.46,500.04,1344.39,71.06,-141.38,524.64,46.64,5.800293745480839,1.52,0.71,0.23,0.02,0.07,9.603582584657913,18.411964063579816,16.454545957152728,24.223049067035245,19.26833448514167,11.48,10.39,1.01,1.01,9,2016,1.4255900621118007,314.5652173913043,72.35
2016-12-31,324.04999999999995,12.030000000000001,0.032790945721735014,0.0028513865844986964,33.02000000000001,27.58999999999999,79.49000000000004,4.7,296.46000000000004,-69.34,213.93,177.93,0.15,668.52,1611.55,2588.72,445.76,243.47,136.47,865.75,370.4,1236.15,500.04,1352.5,-31.540000000000006,-362.62,134.47000000000003,51.900000000000006,35.82467581047381,1.74,0.91,0.23,0.02,0.07,1.8591040530931502,3.929210713439204,3.5585304574543737,5.1895235837876275,4.305593742593032,9.84,8.27,0.77,0.77,12,2016,1.046086956521739,366.86956521739125,84.38
2017-03-31,314.68,53.05,0.11,0.0,67.6,70.86,120.99,4.02,243.82,12.32,62.91,165.23,0.2,547.7,1839.76,2703.93,395.18,247.25,137.89,847.11,450.38,1297.5,500.04,1406.37,70.88,-204.38,-17.52,50.13,9.1375,1.43,0.92,0.11,0.0,0.0,7.839999999999999,14.04,15.08,22.12,15.28,20.71,16.86,0.65,0.65,3,2017,0.0,482.27272727272725,53.05
2017-06-30,572.73,209.57,0.4149584951641154,0.08,27.650000000000006,273.12,328.3,4.12,299.60999999999996,-86.72999999999999,91.79,144.43,0.45,971.12,2056.02,3291.81,297.81,199.15,164.4,760.98,865.9,1626.88,500.04,1665.02,4.320000000000007,267.38,-242.81999999999996,55.18,2.4812120055351436,1.24,0.98,0.52,0.08,0.15,25.47206762622801,45.35815550986216,50.33765745183154,76.03316426776331,43.37912268677176,55.99,29.59,1.28,1.28,6,2017,40.403076923076924,505.03846153846155,262.62
2017-09-30,303.7400000000001,37.44,0.07486502699460107,-0.0007899958469844453,68.91,49.289999999999964,78.34999999999997,4.58,254.45000000000005,-3.430000000000007,86.02,179.51,0.05,1214.19,2283.14,3773.58,295.95,251.84,170.64,849.5,1167.99,2017.49,500.04,1752.0,-3.1200000000000045,-86.87,84.20999999999998,29.060000000000002,15.287512019230771,1.31,1.15,0.6,0.08,0.13,3.967846430713857,6.4583563287342525,8.549586082783442,9.672561487702458,6.712897420515897,41.67,25.19,1.43,1.43,9,2017,-0.3950769230769211,500.1,300.06
