,revenue,net_profit,eps,dps,gross_profit,ebit,ebitda,close_price,expense,operating_profit,cash,account_receivable,inventory,current_asset,property_plant_equipment,total_asset,short_term_loan,account_payable,current_portion_long_term_debt,current_liability,non_current_liability,total_liability,paid_in_capital,total_equity,cash_flow_operation,cash_flow_investment,cash_flow_financing,depreciation,P/E,P/BV,D/E,EPS,DPS,DPR%,ROA%,ROAA%,ROE%,ROAE%,ROCE%,NPM%,NPMA%,TIE,CurrentRatio,QuickRatio,month,year,dividend,number_of_shares,return_old
2000-03-31,2177.51,1086.05,3.9199999999999995,0.0,469.5,1335.46,1639.24,26.0,842.05,165.4,1501.13,1258.99,260.32,5247.01,1587.87,24474.38,174.94,381.51,1310.41,4595.96,4375.59,8971.56,2772.0,13624.04,336.78,-250.35,-168.84,303.78,1.6575,5.29,0.66,3.92,0.0,0.0,17.76,0.0,31.88,0.0,26.88,108.01,49.88,0.0,1.14,1.09,3,2000,0.0,277.05357142857144,1086.05
2000-06-30,2378.3999999999996,712.9000000000001,2.5322721587592762,0.0,429.55999999999995,986.77,1358.8799999999999,19.0,1391.6299999999999,-66.74000000000001,2352.3,1433.73,239.04,6616.32,2045.32,33669.96,98.39,649.85,2571.8,7499.62,6787.23,14286.85,2937.0,17425.08,1013.5,-819.61,180.68,372.11,1.8736433931827745,3.2,0.82,6.39,0.0,0.0,8.464684399232887,0.0,16.358715917618614,0.0,14.060252925317547,77.21,39.49,0.0,0.88,0.85,6,2000,0.0,281.52582159624416,1798.95
2000-09-30,3311.63,416.60000000000014,1.4572679470109007,0.0,652.26,724.3899999999999,1195.1099999999997,14.5,2587.2400000000002,-254.29,2085.89,1726.3,232.84,7274.86,2688.33,36799.08,2558.05,847.48,2366.6,10380.74,6610.52,16991.25,2937.0,17810.88,17.519999999999982,-2098.85,2089.27,470.7199999999999,2.486244899183869,2.39,0.95,7.75,0.0,0.0,4.527872537293224,0.0,9.35660039267902,0.0,8.672154544018417,47.52,28.16,0.0,0.7,0.68,9,2000,0.0,285.8774193548387,2215.55
2000-12-31,2814.04,168.5899999999997,0.5855047102938575,0.0,705.3799999999999,547.9700000000003,988.3700000000008,15.7,2266.0699999999997,-59.78999999999999,1052.11,1698.31,198.24,6470.45,3877.54,37879.1,4509.12,1751.22,2517.39,13009.19,4765.38,17774.57,2937.0,17981.54,6.100000000000136,276.1100000000001,-557.47,440.4000000000001,6.717281570674429,2.56,0.99,8.28,0.0,0.0,1.7791423322455864,0.0,3.75062437608529,0.0,4.087218871374996,34.71,22.32,0.0,0.5,0.48,12,2000,0.0,287.93961352657004,2384.14
2001-03-31,3281.61,980.94,3.3400000000000003,0.0,668.11,1314.56,1799.58,16.3,1967.06,130.65,1556.28,1603.63,180.51,6753.13,4257.62,39531.54,3602.66,1957.29,2301.49,12118.5,6139.56,18258.06,2937.0,18966.34,255.54,-144.25,312.16,485.02,1.22,2.52,0.96,3.34,0.0,0.0,9.92,16.44,20.68,24.08,19.2,46.79,29.89,0.0,0.56,0.54,3,2001,0.0,293.6946107784431,980.94
2001-06-30,3591.81,725.21,2.4695777627992843,0.0,631.6,1086.4500000000003,1574.2000000000003,17.0,2505.3399999999997,-78.11000000000001,995.32,1899.39,226.45,6954.65,4249.92,40416.45,1546.08,2451.28,2143.81,12406.06,5881.21,18287.27,2937.0,19695.82,1265.22,-327.6,-709.1700000000001,487.75,1.7233006646350713,2.54,0.93,5.81,0.0,0.0,7.17495226093837,11.017462239545177,14.723954165811916,15.625073762564838,14.570933856929344,37.72,24.82,0.0,0.56,0.54,6,2001,0.0,293.6574870912221,1706.15
2001-09-30,4334.049999999999,1879.5299999999997,0.63949560473885,0.0,688.19,2325.24,2772.7099999999996,16.0,2008.83,211.9,691.01,1632.96,116.41,5434.56,4219.43,37460.64,4835.39,606.67,1864.79,10351.33,2751.78,13103.11,2937.0,21569.87,-475.1500000000001,-7045.32,6514.030000000001,447.47,6.252662208105218,2.18,0.61,1.22,0.0,0.0,20.06548504049441,26.691078846969052,34.84726869101537,38.181032663260524,36.54560128064969,53.17,31.99,0.0,0.53,0.51,9,2001,0.0,2939.0819672131147,3585.68
2001-12-31,1184.3100000000013,-765.4899999999998,-0.2605747839684559,0.0,593.8199999999997,-453.85000000000036,-120.01000000000022,15.6,1638.1500000000005,261.52000000000004,1084.86,1877.88,112.71,4925.13,6070.43,41356.5,5990.1,1667.58,2285.25,13398.25,3999.49,17397.75,2937.0,20801.5,1033.99,-3526.17,1603.3799999999992,333.8399999999999,-14.966912533148706,2.2,0.84,0.96,0.0,0.0,-7.40466677777029,-11.704150713249813,-14.722475294217762,-15.786488995422289,-16.58992791265836,32.63,22.76,0.0,0.37,0.36,12,2001,0.0,2937.697916666667,2820.19
2002-03-31,3953.62,1703.16,0.58,0.0,561.76,2010.55,2396.49,17.0,1943.07,188.09,3657.21,2071.03,109.79,6568.08,6831.65,44236.5,6133.58,1289.18,2829.58,13881.25,3632.51,17513.76,2937.0,22496.65,520.05,-822.57,1907.71,385.94,7.3275,2.22,0.78,0.58,0.0,0.0,15.400000000000002,19.2,30.279999999999998,32.88,26.48,79.97,43.08,0.0,0.47,0.47,3,2002,0.0,2936.48275862069,1703.16
2002-06-30,3169.16,782.3,0.2675380010138968,0.0,601.71,1089.14,1479.7200000000003,14.0,2080.01,184.4,4343.93,2096.46,135.57,7354.3,7969.26,46085.32,5440.38,832.97,1581.08,11730.92,6212.1,17943.02,2937.0,23871.17,509.6400000000001,-1426.7799999999997,1412.6799999999998,390.58,13.081786462993737,1.72,0.75,0.85,0.0,0.0,6.786022708070135,9.027046904798306,13.106214543786663,14.36521690149912,11.356201266566348,56.57,34.89,0.0,0.63,0.62,6,2002,0.0,2924.070588235294,2485.46
2002-09-30,3587.71,1210.5,0.4126749207242502,0.0,545.5,1418.65,1822.4499999999998,10.2,2169.08,120.08999999999997,2403.48,2135.62,231.82,6053.78,8398.29,46267.2,5346.1,923.2,1081.42,10370.4,6435.5,16805.9,2937.0,25101.6,-576.53,-796.25,-569.9899999999998,403.79999999999995,6.182832713754647,1.19,0.67,1.26,0.0,0.0,10.467532116148442,14.135753633697332,19.284364549399886,20.751653156419444,16.493896037835906,55.32,34.51,0.0,0.58,0.56,9,2002,0.0,2933.3015873015875,3695.96
2002-12-31,4165.710000000001,1585.4700000000003,0.5403547902746038,0.0,540.4999999999998,1736.1399999999994,2152.4000000000005,10.1,2429.5599999999995,-59.639999999999986,2130.37,1873.67,439.39,5969.34,11905.42,51248.94,2631.6,1514.96,652.88,8337.45,11853.62,20191.07,2937.0,26690.58,662.78,-3242.2400000000002,2295.4999999999995,416.26,4.671930452799485,1.11,0.76,1.8,0.0,0.0,12.380128639402587,16.222651592466434,23.763602887854237,26.705534523793744,17.50749520489716,58.4,35.5,0.0,0.72,0.66,12,2002,0.0,2934.1277777777777,5281.43
2003-03-31,4239.26,1966.65,0.67,0.0,862.03,2201.55,2605.65,12.8,2037.71,498.98,2237.11,2116.55,562.79,6153.95,13654.02,55052.89,1037.12,1548.35,680.84,7068.62,14649.66,21718.28,2937.0,28647.9,345.95,-1620.84,1385.22,404.1,4.775,1.31,0.76,0.67,0.0,0.0,14.28,17.72,27.44,30.759999999999998,18.36,91.1,46.39,0.0,0.87,0.79,3,2003,0.0,2935.2985074626863,1966.65
2003-06-30,6487.48,3719.6299999999997,1.2690339202431113,0.5,1137.66,3981.26,4435.0,19.2,2506.21,551.0999999999999,3497.65,2091.34,702.77,7459.09,15794.01,57794.31,967.93,1924.09,772.3,6269.9,15934.34,22204.24,2937.0,30888.27,1286.86,72.58999999999992,-183.83999999999992,453.74,3.7835868083653486,1.83,0.72,1.94,0.5,0.26,25.746997474623125,31.137120929676346,48.17095767355811,54.34605056381325,31.398777408076985,117.16,53.01,0.0,1.19,1.08,6,2003,1465.5360824742268,2931.0721649484535,5686.28
2003-09-30,4821.130000000001,2095.7800000000007,0.7136692598103845,0.7509456855181403,980.31,2316.159999999999,2778.26,23.2,2504.99,496.5500000000002,3662.69,1917.37,694.57,7426.61,17078.21,58298.05,1340.14,888.87,759.72,5738.76,16941.02,22679.78,2937.44,30763.16,-520.8899999999999,1202.35,-510.9200000000001,462.1,8.12263512868717,2.22,0.74,2.65,1.25,0.47,14.381108858065863,17.515867418138647,27.25408645011733,30.01181219368651,17.418916122466296,104.44,50.05,0.0,1.29,1.17,9,2003,2205.246936393698,2936.62641509434,7782.06
2003-12-31,5022.620000000001,1940.79,0.660713155093414,0.0003363939119878333,1078.7199999999998,2264.6900000000005,944.75,38.75,2757.92,475.4599999999998,3579.24,2004.04,562.34,7189.57,17443.34,60158.99,1197.0,1024.46,2479.61,6708.09,15747.26,22455.34,2939.05,32690.42,706.46,-1330.06,535.4099999999999,-1319.94,14.666008880404373,3.48,0.69,3.31,1.25,0.38,12.902869590706429,15.425955476017835,23.74575133834215,26.149070488591306,16.080680294358135,93.68,47.27,0.0,1.07,0.99,12,2003,0.9881291683295785,2937.416918429003,9722.85
2004-03-31,5049.58,2149.76,0.73,0.0,1033.08,2432.22,2432.22,32.75,2617.36,364.11,4093.09,2102.55,604.48,7891.06,18234.25,63848.26,1607.0,1120.65,2572.16,8089.2,15653.78,23742.98,2947.77,34961.25,707.48,-709.59,515.96,0.0,11.215,2.76,0.68,0.73,0.0,0.0,13.48,16.36,24.6,27.04,17.440000000000005,77.1,42.57,0.0,0.98,0.9,3,2004,0.0,2944.8767123287676,2149.76
2004-06-30,4870.530000000001,2151.6799999999994,0.7303258443683973,0.9,836.28,2468.73,3370.4900000000002,36.5,2401.7999999999997,383.09000000000003,3668.18,1929.23,479.41,7301.08,25209.25,63084.28,978.0,1131.93,3233.78,7351.09,15893.05,23244.14,2949.05,34780.57,689.3799999999999,1355.3200000000002,-993.25,901.76,12.49442296252231,3.09,0.67,1.46,0.9,0.62,13.646088379705398,16.2272399940485,24.751042999553633,26.211694688290425,17.587847046570445,79.98,43.36,0.0,0.99,0.93,6,2004,2651.572602739726,2946.1917808219177,4301.44
2004-09-30,4637.66,2202.9300000000003,0.7484929824102873,0.9190710165542867,791.4000000000003,2408.3500000000004,2830.8599999999997,37.75,2229.3100000000004,246.12,3616.86,1664.56,531.17,7737.43,19483.84,63679.56,1123.0,1007.8,3312.19,7874.21,16328.74,24202.95,2951.72,34337.34,413.6700000000001,1666.2800000000002,-2137.9900000000002,422.51,12.607599832949749,3.25,0.7,2.21,1.82,0.82,13.831879367256171,16.229766387828494,25.658745858553562,27.067673825443514,17.747073429094595,84.7,44.68,0.0,0.98,0.92,9,2004,2704.967397260274,2943.153846153846,6504.37
2004-12-31,5267.369999999999,2195.38,0.7444318514899854,0.0036497600505761606,1066.2799999999997,2626.9700000000003,3051.800000000001,39.75,2640.4000000000005,425.44999999999993,3563.02,1931.2,363.21,7536.69,20019.47,66363.65,2112.1,1182.8,2790.97,8530.83,15991.43,24522.26,2953.63,36535.44,193.97000000000003,-523.1800000000003,268.07000000000016,424.8299999999999,13.34457275050333,3.21,0.67,2.95,1.82,0.62,13.233222471910112,15.857660185637519,24.033793063019054,25.366199902296046,17.34147689301417,81.83,43.88,0.0,0.88,0.84,12,2004,10.763389830508459,2949.0677966101694,8699.75
2005-03-31,5239.07,2392.5,0.81,1.08,1083.35,2723.2,3159.14,39.25,2515.87,510.46,4277.9,2043.01,458.75,12601.99,20562.31,70958.76,3197.62,1005.29,2882.56,12931.75,16020.68,28952.43,2995.01,36538.9,-494.59,-744.94,1970.3,435.94,12.115,3.22,0.79,0.81,1.08,1.33,13.48,16.16,26.2,26.76,18.76,83.62,45.67,0.0,0.97,0.94,3,2005,3190.0,2953.7037037037035,2392.5
2005-06-30,6485.4400000000005,2057.8599999999997,0.688980531912025,0.011974042549366846,1325.9900000000002,3017.17,3478.2900000000004,37.5,3468.2700000000004,580.48,4429.44,2387.87,493.35,12254.25,23457.65,75047.27,5218.6,1194.81,2001.53,11732.8,15500.54,27233.34,2998.66,39053.78,-723.24,291.68000000000006,570.53,461.11999999999995,13.608258239141634,2.88,0.7,1.49,1.08,0.72,10.968200145606197,15.370277101178331,21.085578694757274,22.287826602791682,16.775982347495482,70.13,37.96,0.0,1.04,1.0,6,2005,35.76429530201358,2986.8187919463085,4450.36
2005-09-30,4972.710000000001,1976.7800000000007,0.6612703317494252,1.2509207773754225,1200.98,2271.67,2802.3600000000006,41.0,2701.04,477.8599999999999,4496.95,2054.65,472.93,12529.47,24791.47,74888.48,4394.02,895.45,2825.7,11327.56,17362.52,28690.08,2998.84,37291.02,-1346.15,3002.9399999999996,-1603.42,530.69,15.500657609850357,3.3,0.77,2.15,2.33,1.08,10.555719900297802,14.221925646555082,21.209861431367614,22.08335340446918,15.513709550437678,68.6,38.49,0.0,1.11,1.06,9,2005,3739.4618442328715,2989.3674418604655,6427.14
2005-12-31,5498.699999999997,2146.12,0.7184390068655331,-0.0016916809317714554,1188.2099999999996,2221.5099999999993,2862.1399999999994,42.25,3277.1900000000005,118.88000000000011,2628.32,1955.79,661.63,11591.02,8747.28,78411.63,4348.93,995.81,2991.2,11934.78,17896.36,29831.14,2999.32,39466.62,-427.69000000000005,-2331.3599999999997,900.0300000000001,640.6300000000001,14.7007608148659,3.21,0.76,2.87,2.33,0.81,10.944304313644983,14.158505306032943,21.748425406438155,22.589524731549023,15.410141206495544,68.14,38.63,0.0,0.97,0.92,12,2005,-5.053386921644233,2987.198606271777,8573.26
2006-03-31,6105.44,2225.61,0.74,0.0,1114.46,2479.29,2479.29,38.0,3626.15,33.76,2650.28,2044.88,495.96,10920.19,10245.81,84991.14,3861.0,922.59,5071.62,13426.86,16505.98,29932.84,3023.28,45838.06,1477.56,-2297.59,841.29,0.0,12.8375,2.51,0.65,0.74,0.0,0.0,10.48,12.72,19.44,21.6,13.84,63.97,36.45,0.0,0.81,0.78,3,2006,0.0,3007.5810810810813,2225.61
2006-06-30,5390.070000000001,1599.2799999999997,0.5268367979209859,1.35,1058.3899999999999,1884.1800000000003,3629.05,29.0,3505.89,-31.45,5030.8,1776.08,528.93,13216.15,11095.95,85257.06,2403.0,1001.29,5348.78,12543.58,16837.72,29381.3,3195.0,46624.28,848.4299999999998,3030.94,-1498.69,1744.87,13.763844948977042,1.99,0.63,1.26,1.35,1.07,7.509514992588021,9.098387875206868,13.714481723657409,14.935405096617155,10.034986627066399,56.42,33.27,0.0,1.05,1.01,6,2006,4098.096428571429,3035.626984126984,3824.89
2006-09-30,5009.15,855.4299999999998,0.2759852531450841,1.3278413426554467,1029.6,474.2399999999998,1388.3000000000002,29.5,4534.910000000001,-159.9,4605.02,1902.97,531.14,13226.72,7045.84,82318.83,3049.71,1071.32,7802.83,15193.56,14989.03,30182.59,3195.47,43301.9,774.8200000000002,3192.4,-4392.83,914.06,26.727333855487885,2.18,0.7,1.51,2.65,1.75,4.159883683166963,4.496183594284151,7.90304791125393,8.48791732189252,5.271135563380281,46.84,28.36,0.0,0.87,0.84,9,2006,4115.710193945126,3099.549668874172,4680.32
2006-12-31,6945.439999999999,-1270.37,-0.4060773031862637,0.024433871891656272,1277.1999999999998,-1031.12,-173.82999999999993,26.0,7976.559999999998,-379.53,5571.78,2242.81,346.32,15802.52,7425.36,84779.92,4706.08,1076.77,8503.84,20109.63,14398.39,34508.02,3196.3,42020.85,1948.5499999999997,-1466.71,485.89999999999964,857.29,-16.004649728031993,1.98,0.82,1.09,2.65,2.43,-5.990571591958825,-6.9591963518526665,-12.085456619598528,-12.472906523556063,-8.777230516576488,24.29,14.54,0.0,0.79,0.77,12,2006,76.43879032748009,3128.3944954128438,3409.95
2007-03-31,5138.86,-1718.77,-0.54,0.0,978.29,-1430.37,-667.23,25.0,6569.23,-666.81,4755.74,1655.19,431.35,12327.54,7217.72,79311.3,4181.77,901.19,8134.34,19127.4,11859.0,30986.4,3196.31,40289.2,1766.06,401.29,-2985.27,763.14,-11.575,1.98,0.77,-0.54,0.0,0.0,-8.68,-6.959999999999999,-17.08,-15.959999999999999,-9.52,-56.09,-33.45,0.0,0.64,0.62,3,2007,0.0,3182.9074074074074,-1718.77
2007-06-30,5116.72,1194.69,0.3647351549381774,1.0,768.28,1621.2199999999998,2366.48,30.0,3495.5,-464.35000000000014,5682.73,1697.5,580.91,12400.57,7205.47,75848.23,3159.99,979.41,8444.07,18517.39,11081.72,29599.12,3196.71,38281.22,1155.83,4067.33,-4294.35,745.2600000000001,20.56286568063682,2.51,0.77,-0.16,1.0,-6.25,6.291681422683559,-2.188410929629064,12.492179056632576,11.215606014348953,-3.0090650282399634,-8.88,-5.11,0.0,0.67,0.64,6,2007,3275.5,3275.5,-524.08
2007-09-30,9151.58,753.72,0.2297526563316496,0.001545897927190207,494.78,5023.049999999999,5829.5,28.25,4128.530000000001,-1790.3700000000001,7178.28,1370.06,615.86,13152.09,4881.91,70447.64,2583.11,675.57,1781.54,11531.22,9831.21,21362.43,3196.75,39151.26,1356.2800000000002,8448.43,-8308.57,806.4499999999998,30.739470493021276,2.31,0.55,0.07,1.0,14.29,4.332478662253964,89.66917958543809,7.745946699181328,7.352085002612787,116.18920048771992,2.86,1.18,0.0,1.14,1.09,9,2007,5.071428571427987,3280.571428571428,229.64
2007-12-31,3422.1899999999987,730.36,0.2282375,-0.025178571428571245,478.6700000000001,768.7000000000007,1486.33,26.25,2653.49,-92.1899999999996,6446.71,1413.78,540.0,9075.73,4674.18,67266.87,344.83,865.7,1272.72,8631.89,8913.5,17545.39,3196.86,39872.48,894.5299999999997,1935.1000000000004,-3557.2800000000007,717.6300000000001,28.752943753765265,2.1,0.44,0.3,1.0,3.33,4.351728333333333,23.94972166666667,7.334031666666667,7.12101,31.0403,9.27,4.21,0.0,1.05,0.99,12,2007,-80.57142857142799,3200.0,960.0
2008-03-31,4794.73,1803.62,0.56,0.0,398.51,2155.52,2816.84,29.0,2639.2,-154.61,6932.66,1545.57,433.91,9559.71,4430.2,69249.71,266.35,970.44,1187.83,9039.59,8470.58,17510.17,3197.08,41762.36,746.92,-223.73,-45.44,661.32,12.9475,2.22,0.42,0.56,0.0,0.0,10.4,11.6,17.28,17.6,14.320000000000002,82.03,37.62,0.0,1.06,1.01,3,2008,0.0,3220.7499999999995,1803.62
2008-06-30,4652.040000000001,2683.79,0.8372994667302519,1.55,567.04,2513.82,3117.1399999999994,26.5,2138.2300000000005,166.42000000000002,4650.55,1347.86,500.68,7492.86,5103.86,66026.29,414.55,821.29,1463.94,7781.47,8754.95,16536.42,3201.07,39575.22,-875.06,4016.61,-5400.9400000000005,603.32,7.912939471791757,2.14,0.42,1.4,1.55,1.11,16.267532496473468,15.741229974528737,27.128502722060162,27.583036718285157,19.186119209076058,105.11,47.5,0.0,0.96,0.9,6,2008,4968.203928571429,3205.2928571428574,4487.41
2008-09-30,3967.6800000000003,1503.7600000000002,0.46936261197729334,1.1492943204034318,456.8700000000001,1412.46,2068.3200000000006,19.0,2555.2199999999993,8.13,4567.53,1301.62,464.77,7028.88,5074.31,63197.28,284.16,663.14,934.52,6975.02,8997.03,15972.05,3201.07,37395.91,1546.3400000000001,2537.3499999999995,-4179.099999999999,655.8599999999999,10.119681199127518,1.63,0.43,1.87,2.7,1.44,9.51777018512244,9.136256190360148,16.083826831820833,15.712352679025967,10.86310900875789,92.18,44.66,0.0,1.01,0.94,9,2008,3682.1484778456834,3203.83422459893,5991.17
2008-12-31,2461.84,-341.8100000000004,-0.10648738972202175,0.005071683289059842,456.5999999999999,-660.0799999999999,114.76999999999953,15.6,3121.91,-179.77,2728.76,1487.44,545.08,6381.74,5608.17,63254.79,296.2,960.82,1293.74,7890.9,8803.45,16694.35,3201.07,37064.64,238.68000000000006,-1715.4599999999991,-357.3600000000006,774.8499999999999,-36.60902957783559,1.35,0.45,1.76,2.7,1.53,-2.161209977767396,-2.0111595649772744,-3.688335953099117,-3.555226715946589,-2.3693444213149837,63.35,35.58,0.0,0.81,0.74,12,2008,16.27941176470631,3209.863636363636,5649.36
2009-03-31,4139.64,1746.61,0.5,0.0,394.43,1643.9,2415.93,19.0,2495.73,-28.46,2525.4,1108.49,511.81,6071.39,5715.68,65150.13,322.77,688.28,1274.69,7977.54,8971.64,16949.18,3201.07,38822.1,841.65,-1041.32,-8.95,772.03,9.5,1.57,0.44,0.5,0.0,0.0,10.72,9.8,18.0,17.32,11.52,84.28,42.19,0.0,0.76,0.7,3,2009,0.0,3493.22,1746.61
2009-06-30,4315.69,1833.59,0.573605049997207,1.25,506.3,2159.7999999999997,2809.02,20.1,2155.9,107.88,2335.19,1041.81,450.92,5517.93,6222.61,62445.35,17.0,678.31,2056.14,8329.63,8001.47,16331.1,3201.07,36648.54,462.5400000000001,4132.24,-4782.05,649.22,8.762126484110405,1.76,0.45,1.12,1.25,1.12,11.738417630299983,12.127649628512374,20.014719065973967,19.236255069549188,14.401583933858445,85.95,42.34,0.0,0.66,0.61,6,2009,3995.7589285714275,3196.607142857142,3580.2
2009-09-30,4014.8999999999996,1578.9400000000005,0.49273588233697885,1.153053440108235,-11.930000000000064,1720.0700000000006,2421.08,27.0,2294.83,-295.69,2500.14,1102.66,406.26,6634.1,6118.16,60319.46,21.88,570.04,2195.73,8607.26,7624.86,16232.12,3201.07,34582.47,503.8899999999999,3460.3999999999996,-3802.6000000000004,701.0100000000002,13.698870413061922,2.5,0.47,1.61,2.4,1.49,10.46681191051222,10.944245436254882,18.26489283097571,17.554863484999444,13.074333474183685,81.96,41.37,0.0,0.77,0.72,9,2009,3694.884549689441,3204.4347826086955,5159.14
2009-12-31,4098.260000000002,1336.7399999999998,0.41773896685283585,-0.0033704841945296935,838.0900000000001,1684.04,2866.7300000000005,27.5,2414.2200000000003,496.87,1791.39,1381.07,432.65,6023.57,6114.12,61540.16,81.34,676.58,637.38,7253.49,9104.38,16357.87,3201.07,35970.03,526.6700000000001,-301.0599999999995,-928.0,1182.6899999999996,16.461535900773526,2.45,0.45,2.03,2.4,1.18,8.692263034415658,9.507162693892127,14.86574530317678,14.643499941501378,10.931179270553024,76.13,39.21,0.0,0.83,0.77,12,2009,-10.785350182050024,3199.9408866995077,6495.88
2010-03-31,4181.85,1851.6,0.58,0.0,390.03,1859.73,2504.42,29.0,2322.12,-22.33,3005.08,1222.64,369.36,6460.67,5843.16,63636.51,8.02,562.73,802.57,8446.94,8312.52,16759.47,3201.07,37800.54,1001.36,262.38,-53.18,644.69,12.5,2.46,0.44,0.58,0.0,0.0,11.64,11.56,19.6,19.32,13.48,92.38,44.28,0.0,0.76,0.72,3,2010,0.0,3192.4137931034484,1851.6
2010-06-30,4198.219999999999,1935.2200000000003,0.6030282928684226,3.25,353.98,1943.4099999999999,2598.21,25.75,2254.8199999999997,-14.090000000000003,2552.56,1298.03,443.64,6469.51,5820.25,54930.6,0.0,754.95,832.04,8509.54,8112.31,16621.84,3201.07,29329.42,0.17999999999994998,10062.92,-10513.14,654.8,10.674291863457384,2.81,0.57,1.18,3.25,2.75,14.084287924960787,13.246180806058913,26.390153426885888,23.466999329252516,16.74170074099112,95.43,45.19,0.0,0.76,0.71,6,2010,10429.800847457627,3209.169491525424,3786.82
2010-09-30,4135.59,1844.4999999999995,0.5764758529083767,1.1402936626713764,-40.559999999999945,1740.1600000000003,2398.45,28.5,2395.42,-544.22,1851.59,1199.17,449.11,5747.69,5457.02,52269.28,0.0,676.47,843.61,8053.35,7925.7,15979.06,3201.07,27526.58,14405.560000000001,-11042.96,-4063.3999999999996,658.29,12.357152453239364,3.31,0.58,1.76,4.4,2.5,14.11055667232549,12.905198070789794,26.806127160239512,23.753425484611064,16.42956180788873,95.65,44.99,15.9,0.71,0.66,9,2010,3648.499152542372,3199.613636363636,5631.32
2010-12-31,4826.8499999999985,2400.6000000000004,0.7501949720614748,2.370487430153687,742.44,2389.0299999999997,3056.620000000001,29.25,2437.8100000000004,291.71,2489.67,1389.7,416.53,6522.51,5317.83,47257.8,0.0,786.55,856.34,8433.22,7794.4,16227.62,3201.08,22374.54,8175.359999999999,291.28,-7824.300000000001,667.5899999999999,9.744633424977089,4.18,0.73,2.51,6.77,2.7,20.324007211227205,17.430825008217216,42.91952111076804,32.91293638382853,24.424674548551284,100.82,46.31,17.04,0.77,0.72,12,2010,7585.484223107571,3199.96812749004,8031.92
2011-03-31,4659.48,2579.5,0.81,0.0,415.58,2548.94,3186.9,30.5,2110.54,-2.66,2750.48,1246.19,416.52,11710.41,5268.01,49834.93,0.0,610.9,1141.42,8707.2,7920.9,16628.09,3201.08,24749.04,613.4,-244.72,-108.63,637.96,9.4125,3.94,0.67,0.81,0.0,0.0,20.72,17.96,41.68,33.0,24.8,141.85,55.36,23.88,1.34,1.3,3,2011,0.0,3184.5679012345677,2579.5
2011-06-30,5015.210000000001,2663.05,0.8330682587672029,1.5299999999999998,609.7,2740.77,3397.1299999999997,32.75,2274.4399999999996,163.4,3389.01,1313.12,342.29,6944.47,5969.46,48344.76,398.46,686.46,1264.14,9407.02,7854.64,17261.66,3202.03,22638.45,5843.490000000001,-507.12,-4698.36,656.3599999999999,9.828366299919264,4.63,0.76,1.64,1.53,0.93,22.0255120122841,20.80638773116136,47.05819725133762,41.00321332176136,27.61316496742997,132.16,54.19,24.18,0.74,0.7,6,2011,4890.915548780488,3196.676829268293,5242.55
2011-09-30,4935.219999999999,2533.0999999999995,0.7916293814665012,1.6315200936852112,711.6700000000001,2655.6899999999996,3317.9399999999996,36.25,2279.540000000001,275.26,3487.13,1361.9,301.45,7420.08,6462.68,46329.98,1032.2,633.41,1301.42,10081.08,7840.61,17921.7,3206.42,20033.86,5674.8,-912.4599999999999,-4657.77,662.25,11.449676088587108,5.8,0.89,2.43,3.16,1.3,21.865911145692,21.005869348543207,50.57306385961302,42.61116176782648,28.56381241439622,125.68,53.22,23.53,0.74,0.71,9,2011,5220.629307186588,3199.8559670781888,7775.65
2011-12-31,11615.560000000001,8783.660000000002,2.742355943574944,0.0030636961715325476,782.4999999999998,9092.910000000002,9782.539999999999,43.0,2522.6399999999994,317.64,11436.56,1987.56,242.73,16265.95,6668.28,55527.04,0.0,1757.32,4627.16,19868.83,6332.6,26201.43,3206.42,21158.91,1131.7399999999998,6394.91,423.3199999999997,689.6299999999999,3.9212998681642954,6.52,1.24,5.17,3.16,0.61,63.27044815273101,70.33586037099373,166.04779585622833,161.42239086048875,101.37699573231012,191.46,63.14,38.01,0.82,0.81,12,2011,9.812900319191613,3202.9613152804645,16559.31
2012-03-31,5873.45,3539.16,1.1,2.34,703.24,3691.98,4351.17,59.0,2181.48,272.61,3969.28,1727.83,209.7,14243.81,6690.86,51626.25,0.0,1789.16,4641.24,17660.24,6217.79,23878.03,3206.42,19621.4,1170.62,-1044.24,-7606.66,659.19,13.41,9.64,1.22,1.1,2.34,2.13,27.44,29.120000000000005,72.16,63.8,43.48,166.94,60.26,32.46,0.81,0.79,3,2012,7528.758545454544,3217.4181818181814,3539.16
2012-06-30,5900.929999999999,3469.7,1.084148206698379,1.5675516397038243,808.0999999999999,3654.6699999999996,4305.73,60.75,2246.2499999999995,435.13,5076.53,1948.21,293.17,9901.64,7359.26,51176.73,0.0,2277.32,4913.58,13198.92,6690.81,19889.73,3206.42,23112.83,6123.45,-139.49,-4864.299999999999,651.06,14.008831916304002,8.43,0.86,2.19,3.92,1.79,27.128457409621536,29.227447544964516,60.039038588301096,60.672695987649924,38.296669073144564,158.18,59.53,35.52,0.75,0.73,6,2012,5016.780815276048,3200.3926940639267,7008.86
2012-09-30,6019.370000000001,3466.8499999999995,1.0821795849636922,2.203901357560582,247.9000000000001,3560.6800000000003,4216.52,68.5,2458.6900000000005,-197.26,4527.42,1625.62,334.63,11521.39,5679.18,47250.04,0.0,1770.61,3415.91,12873.2,6742.82,19616.02,3206.42,19548.17,7580.8099999999995,-1184.1999999999998,-6916.75,655.8399999999999,15.826047023955464,11.24,1.0,3.27,6.12,1.87,29.347916083969487,30.857010551074815,70.9406776247147,70.06699135428528,42.00312933443174,156.47,58.87,33.13,0.89,0.87,9,2012,7060.37660257216,3203.5810397553514,10475.71
2012-12-31,5340.6500000000015,3311.0300000000007,1.0326900340472078,0.005034559134223654,1119.34,4064.58,4695.800000000001,69.0,1276.0699999999997,639.6099999999999,2532.46,1644.65,342.32,9556.6,5707.07,48055.58,0.0,1797.56,116.33,9695.99,7813.17,17509.16,3206.42,22543.19,898.8400000000001,-466.4100000000003,-2442.9300000000003,631.22,16.707578683974468,9.81,0.78,4.3,6.12,1.42,27.56081588540874,27.772157101678868,58.752858123095095,60.60689697491939,37.493853050104676,161.35,59.59,36.14,0.99,0.95,12,2012,16.14189716236433,3206.218604651163,13786.74
2013-03-31,6308.72,4024.87,1.26,0.0,718.02,4390.68,4913.57,81.0,1918.03,285.2,3169.74,1692.23,294.56,14498.47,5722.5,50520.44,30.0,1655.82,151.97,14382.81,7724.76,22107.57,3206.42,20545.81,820.13,-189.82,24.72,522.89,16.0725,12.64,1.08,1.26,0.0,0.0,31.880000000000003,34.4,78.36,80.16,48.6,195.34,63.8,49.98,1.01,0.99,3,2013,0.0,3194.34126984127,4024.87
2013-06-30,5837.21,3675.8100000000004,1.1456058426009132,1.88,800.25,3853.1800000000003,4398.610000000001,87.0,1984.03,384.09999999999997,3751.48,1962.21,285.58,9326.19,5942.05,48963.34,45.0,1938.32,348.25,8895.34,7841.68,16737.02,3206.42,24250.31,7169.38,-408.62000000000006,-6219.8,545.43,18.985587530367457,11.5,0.69,2.4,1.88,0.78,30.03396650685394,31.427786948685057,60.62164250429832,62.091836668969506,39.27518697050131,181.93,63.4,69.08,1.05,1.02,6,2013,6032.199333333333,3208.616666666667,7700.68
2013-09-30,6110.669999999998,3388.42,1.054192765869187,2.373284333264196,870.0100000000002,3721.459999999999,4248.65,82.5,2389.22,418.6700000000001,4555.84,2117.65,292.02,10030.96,6402.77,45401.75,15.0,2104.96,609.4,8870.08,8356.69,17226.77,3206.42,20069.06,8161.709999999999,-421.9799999999999,-6898.18,527.19,19.56224294804068,13.18,0.86,3.45,4.25,1.23,29.847405614522373,31.57078161437808,67.52944963973631,68.42169395171835,40.02876879097492,162.49,60.74,59.78,1.13,1.1,9,2013,7628.286173913043,3214.231884057971,11089.1
2013-12-31,6325.16,3478.879999999999,1.0841664527271453,-0.0071862538868500015,915.6799999999998,3729.9500000000007,4256.230000000001,67.75,2595.21,334.49,2827.55,2089.57,251.99,9349.67,8171.83,50809.5,0.0,2333.99,4344.54,13562.26,4835.58,18397.84,3206.42,23816.19,931.6100000000024,-2421.46,-48.469999999999345,526.28,15.61955727130571,9.12,0.77,4.54,4.25,0.94,27.385949074614324,30.328004294349657,58.43036291922421,60.03512031180712,40.25266459728802,154.41,59.26,68.82,0.69,0.67,12,2013,-23.059295792632838,3208.806167400881,14567.98
2014-03-31,6640.54,3826.76,1.19,0.0,889.09,4197.99,4822.05,77.25,2442.55,361.9,2936.66,1718.0,232.69,16680.04,3179.05,54077.38,0.0,1567.86,4375.93,20412.17,4486.7,24898.87,3206.42,20717.24,861.08,-352.68,-400.5,624.06,16.23,11.96,1.2,1.19,0.0,0.0,28.32,32.12,73.88,74.2,49.88,144.17,57.63,35.98,0.82,0.81,3,2014,0.0,3215.764705882353,3826.76
2014-06-30,6102.000000000001,3504.2,1.0946203498586815,2.16,1113.8000000000002,3958.41,4646.329999999999,73.25,2143.59,607.75,2643.91,1865.8,244.32,10643.77,5171.1,52673.66,1460.32,1739.77,4331.76,15110.04,4532.15,19642.2,3206.42,24284.63,8472.69,-2904.79,-5855.26,687.9200000000001,16.73116620055933,9.67,0.81,2.29,2.16,0.94,26.61504850660759,30.687609808265222,57.72329844931632,57.76153846153846,41.50953326713009,139.54,57.53,46.3,0.7,0.69,6,2014,6914.791965065503,3201.292576419214,7330.96
2014-09-30,6527.3499999999985,3782.05,1.1809323936539247,2.2308794630098148,1097.2699999999998,4135.84,4832.1,72.5,2391.5099999999993,555.2400000000001,3298.77,1825.43,248.66,10975.29,5566.8,49055.62,1850.62,1676.15,4319.68,14536.36,4596.04,19132.4,3206.42,20982.36,7965.299999999999,-175.61000000000013,-7149.32,696.26,15.345565163072937,11.08,0.91,3.47,4.39,1.27,30.833566243528978,35.434778336382315,72.0947314903883,73.70107180682822,48.476083617309804,138.08,57.67,41.76,0.76,0.74,9,2014,7144.606853378299,3202.5965417867433,11113.01
2014-12-31,6000.080000000002,3648.25,1.136891430677327,0.008718553508203853,1085.08,4123.730000000001,4824.260000000002,78.75,1876.3500000000004,533.2099999999998,2970.11,1718.72,225.27,9976.09,9188.36,54699.3,641.1,1708.71,580.34,10273.04,10554.1,20827.14,3206.42,24678.29,1746.2799999999988,-2951.0,991.4799999999996,700.53,17.317396779277736,10.23,0.84,4.6,4.39,0.95,26.682347577374827,30.765270715372534,59.12824040766168,60.18604373881363,36.528815968284555,143.12,58.41,48.48,0.97,0.95,12,2014,27.97757286054548,3208.9695652173914,14761.26
2015-03-31,7317.58,4100.96,1.28,0.0,1224.81,4653.57,5361.29,77.25,2664.01,609.9,3411.77,2309.67,230.41,17707.47,8340.58,58849.43,615.81,1600.14,632.07,17744.16,10363.68,28107.83,3206.42,21521.9,723.22,-134.8,-580.99,707.72,15.0875,11.51,1.31,1.28,0.0,0.0,27.88,32.96,76.2,77.68,45.28,131.53,56.04,87.77,1.0,0.98,3,2015,0.0,3203.875,4100.96
2015-06-30,7279.49,4085.01,1.2725157189679415,2.23,1192.63,4623.34,5337.2699999999995,78.0,2656.1499999999996,616.2300000000001,4096.23,2237.78,235.43,11025.97,8690.54,56368.25,529.5,1890.52,653.47,10749.03,10555.09,21304.12,3206.42,25569.09,9225.78,-745.0799999999999,-7795.469999999999,713.9300000000001,15.324859810624698,9.78,0.83,2.55,2.23,0.87,28.983416846140408,33.973674567583316,63.91522089624077,65.55202542887405,40.600736821659495,134.01,56.08,68.44,1.03,1.0,6,2015,7158.711019607844,3210.1843137254905,8185.97
2015-09-30,6839.720000000001,3471.1799999999994,1.0838923064385375,2.394658762101152,1323.13,3779.3199999999997,4496.4400000000005,72.75,3060.3999999999996,757.8399999999999,3020.76,2357.67,216.39,10095.82,8835.73,52626.92,1475.5,1802.83,694.09,11143.64,10552.84,21696.48,3206.42,21355.03,8481.490000000002,-2335.19,-7211.050000000001,717.1199999999999,16.782940419396287,10.92,1.02,3.64,4.63,1.27,26.382653392981986,30.5872026696062,65.0216274818459,65.59335089623106,37.48361635562723,125.13,54.38,67.67,0.91,0.89,9,2015,7668.927579293254,3202.513736263736,11657.15
2015-12-31,7831.450000000001,4420.640000000001,1.3775155913841395,0.009559667062792957,1383.0300000000002,5036.700000000001,5742.560000000001,52.0,2794.75,756.0899999999999,3620.62,2631.89,229.8,11149.57,9145.63,57826.76,1650.52,2251.52,69.06,11320.76,11165.62,22486.38,3206.42,25483.72,1390.5900000000001,-1160.3200000000002,361.47999999999956,705.8600000000001,9.437969400358318,6.54,0.88,5.01,4.63,0.92,30.574797158067128,35.369981172785565,69.38719254325379,70.49800351914038,42.78271976434573,126.94,54.93,69.82,0.98,0.96,12,2015,30.678307286527343,3209.1397205588823,16077.79
2016-03-31,6724.47,3457.62,1.08,0.0,1416.96,4187.35,4878.95,63.75,2537.12,761.38,4135.26,2597.43,226.27,19769.47,9220.81,61275.18,1616.42,1643.56,393.96,19791.08,10676.33,30467.41,3206.42,21013.07,1085.63,-503.94,-68.27,691.6,14.7575,9.73,1.45,1.08,0.0,0.0,22.56,27.88,65.8,65.04,40.36,106.69,51.42,84.2,1.0,0.99,3,2016,0.0,3201.4999999999995,3457.62
2016-06-30,6928.509999999999,7716.839999999999,2.410118394982845,2.47,1171.06,8488.789999999999,9181.36,54.25,-1560.2799999999997,654.36,4377.76,2565.62,205.09,12472.87,9772.0,57798.22,1463.6,2187.69,392.93,8068.94,10621.65,18690.59,3206.42,28737.62,9914.07,-991.23,-8671.91,692.57,5.625719478439361,6.05,0.65,3.49,2.47,0.71,53.39551699142508,61.350979429878485,107.39874291912093,113.66919421609634,70.41136720700597,181.0,81.85,98.1,1.55,1.52,6,2016,7908.571977077363,3201.851002865329,11174.46
2016-09-30,9448.25,2662.0300000000007,0.8311334449705094,2.1308021802513344,1037.27,3173.5,3963.0700000000015,54.0,6274.74,477.55999999999995,3298.81,2330.68,201.3,11143.53,9599.89,51361.35,334.63,1937.12,708.14,6027.04,10206.56,16233.61,3206.42,24570.02,7218.809999999998,-182.1099999999999,-8122.779999999999,789.5699999999997,16.242879024654112,7.05,0.66,4.32,4.6,1.06,20.732162043986595,23.45643278027882,43.33437433915684,46.37416795733601,26.904097440897228,153.79,59.9,71.57,1.85,1.82,9,2016,6824.727559959672,3202.8912037037035,13836.49
2016-12-31,5505.91,2561.120000000001,0.798123824142665,0.008650368300059306,552.1300000000001,2573.91,3373.2299999999996,49.75,2932.01,-164.6199999999999,3065.1,2477.26,323.88,12158.69,9440.73,54606.86,230.0,2395.46,728.87,6607.51,10324.26,16931.77,3206.42,27156.79,1158.7400000000016,-1107.5200000000002,-285.0300000000025,799.3200000000002,15.590124769632032,5.87,0.62,5.11,4.6,0.9,18.76137646888785,20.47320369248934,37.7226743653496,38.92220293079297,23.978076219644212,140.8,57.32,56.14,1.84,1.79,12,2016,27.75838859896976,3208.9256360078275,16397.61
2017-03-31,6047.23,3119.26,0.97,0.0,867.66,3504.0,4270.69,55.75,2543.24,266.61,3551.11,2529.58,198.52,17277.46,9271.83,56844.92,230.0,1751.22,702.96,11902.9,9731.42,21634.32,3206.42,25078.04,608.0,310.75,-432.76,766.69,14.3675,7.13,0.86,0.97,0.0,0.0,21.96,23.72,49.76,54.16,31.2,112.7,51.58,35.13,1.45,1.43,3,2017,0.0,3215.7319587628867,3119.26
2017-06-30,5531.060000000001,2870.8899999999994,0.8962320309174227,1.61,531.6999999999999,3211.4700000000003,3990.4000000000005,57.0,2319.58,41.56999999999999,4049.89,2251.19,166.66,12460.25,9108.3,54210.95,230.0,1713.18,694.4,6361.19,9634.88,15996.07,3206.42,27935.22,6598.41,-286.11,-5813.5199999999995,778.9299999999998,15.899230900522141,6.54,0.57,1.87,1.61,0.86,21.1836661853209,22.98571561647037,41.10206362111132,40.52694146223383,26.896546296837304,117.76,51.74,32.82,1.96,1.93,6,2017,5157.294919786096,3203.2887700534757,5990.15
2017-09-30,5496.27,2928.42,0.9128153504429521,1.2524239113439317,618.4300000000001,3193.55,3973.5499999999993,57.5,2302.7200000000003,87.09999999999997,2879.2,2397.87,155.11,11304.62,8957.13,50806.78,250.0,1914.05,683.04,5803.2,7889.01,13692.21,3206.42,26846.87,4470.41,203.12,-5844.2300000000005,780.0,15.745353091428141,6.87,0.51,2.78,2.86,1.03,23.05022935291196,25.48002560948672,43.631260347791184,45.56196331923167,28.921142470149366,119.93,52.23,29.72,1.95,1.92,9,2017,4017.9245766167805,3208.1187050359713,8918.57
