,revenue,net_profit,eps,dps,gross_profit,ebit,ebitda,close_price,allowance_doubtful_accounts,expense,operating_profit,cash,account_receivable,inventory,current_asset,property_plant_equipment,total_asset,short_term_loan,account_payable,current_portion_long_term_debt,current_liability,non_current_liability,total_liability,paid_in_capital,total_equity,cash_flow_operation,cash_flow_investment,cash_flow_financing,depreciation,P/E,P/BV,D/E,EPS,DPS,DPR%,ROA%,ROAA%,ROE%,ROAE%,ROCE%,NPM%,NPMA%,TIE,CurrentRatio,QuickRatio,month,year,dividend,number_of_shares,return_old
2000-03-31,18069.99,-737.26,-0.38,0.0,3759.04,1952.46,2703.41,4.17,0.0,16117.53,2112.4,1154.48,5859.87,8962.48,27506.19,130452.08,175908.08,50033.58,4796.56,14191.9,139523.98,1976.62,141500.6,19500.0,34407.43,1247.25,-1330.14,-177.3,750.95,-2.745,2.36,4.11,-0.38,0.0,0.0,-1.68,0.0,-8.56,0.0,21.48,-4.06,-4.08,0.0,0.2,0.13,3,2000,0.0,1940.157894736842,-737.26
2000-06-30,16362.679999999997,-4444.04,-2.2815020168683535,0.0,3002.0299999999997,-1414.73,-681.8499999999999,2.38,0.0,17777.410000000003,1176.27,2030.6,5999.72,9711.86,29645.12,129934.94,176467.19,69234.03,5818.46,11944.86,145784.85,1610.53,147395.38,19500.0,29071.76,3943.1499999999996,-721.8999999999999,-2378.89,732.8799999999999,-0.25941243778183815,1.59,5.07,-2.66,0.0,0.0,-10.08664049562851,0.0,-61.13739239187076,0.0,6.003952675969351,-14.86,-15.05,0.0,0.2,0.14,6,2000,0.0,1947.857142857143,-5181.3
2000-09-30,16599.04,-8160.5199999999995,-4.183683845232509,0.0,3441.91,-4000.03,-3259.18,1.94,0.0,20599.07,1634.2399999999998,1723.02,3894.83,12316.44,30297.79,129446.77,175054.94,74677.57,4487.86,0.0,154793.8,28.03,154821.84,19500.0,20233.06,-601.5299999999997,-943.4499999999998,1236.53,740.8499999999999,-0.1144445942170352,1.87,7.65,-6.84,0.0,0.0,-18.64308239805364,0.0,-161.3287209091413,0.0,-41.81237246492607,-25.39,-26.14,0.0,0.2,0.12,9,2000,0.0,1950.5584795321638,-13341.82
2000-12-31,18890.379999999997,-25934.370000000003,-13.305199804257999,0.0,414.130000000001,-22319.31,-19712.04,1.75,0.0,41209.689999999995,-11304.83,1126.02,4774.14,13459.43,22969.17,108382.44,137706.24,3803.11,3346.14,0.0,161266.46,0.0,161266.46,19500.0,-23560.26,-2046.92,-2467.3200000000006,4050.8900000000003,2607.27,-0.03407502380046247,-1.45,-6.84,-20.15,0.0,0.0,-75.32790043026067,0.0,440.31957506061565,0.0,289.02987882480454,-54.52,-56.17,0.0,0.14,0.06,12,2000,0.0,1949.1905707196033,-39276.19
2001-03-31,19347.0,-6080.01,-3.12,0.0,2752.74,-3165.83,-2169.45,1.07,0.0,22512.84,411.75,2297.0,4109.91,12871.82,22955.76,106261.06,134760.97,75869.2,4938.29,0.0,164604.37,0.0,164604.37,19500.0,-29843.44,3109.67,-439.0,-1468.19,996.38,-0.085,-0.7,-5.52,-3.12,0.0,0.0,-18.04,-8.16,81.48,-1065.72,42.44,-31.68,-31.43,0.0,0.14,0.06,3,2001,0.0,1948.7211538461538,-6080.01
2001-06-30,20100.86,15835.64,4.09054185121822,0.0,2587.0700000000006,988.8499999999999,2077.04,1.6,0.0,19111.999999999996,255.66999999999996,986.54,4594.83,12705.79,22037.5,109056.73,137528.62,2332.27,4176.85,66.95,13488.66,115610.57,129099.23,78489.11,8429.35,16147.929999999998,124.66000000000003,-17583.350000000002,1088.19,0.09856884849617698,14.9,15.32,2.52,0.0,0.0,46.034828135138376,-9.025163766973531,751.4260451452137,337.82681352203804,-11.427545489117568,25.64,24.73,0.0,1.63,0.69,6,2001,0.0,3871.2817460317456,9755.63
2001-09-30,19193.940000000002,-1012.869999999999,-0.19463208414733998,0.0,2154.3599999999997,1249.56,2339.6499999999996,1.12,0.0,17944.390000000007,20.170000000000073,1313.37,5626.84,12648.41,22287.54,107792.05,136432.27,3711.59,4125.07,66.07,14688.02,114687.89,129375.91,78489.11,7056.32,-34680.38,1016.52,33990.68,1090.0899999999997,-1.4242256163179892,12.41,18.33,1.68,0.0,0.0,-2.970456331867737,0.2780458344962,-57.416464823465304,-29.69066102695255,0.3521913903618534,15.31,14.91,0.0,1.52,0.66,9,2001,0.0,5204.02380952381,8742.76
2001-12-31,17806.459999999992,201.97999999999956,0.03432292050970731,0.0,978.0300000000007,2030.98,3041.54,1.28,0.0,15775.469999999994,-1408.65,2605.36,3419.8,12310.22,22928.31,103326.0,132626.7,4419.55,3929.22,67.33,13413.94,114328.94,127742.88,78489.11,4883.78,1512.880000000001,-887.39,666.5,1010.5600000000004,9.299907911674442,20.58,26.16,1.52,0.0,0.0,0.6087802216721769,0.07406524952094735,16.54274445092867,-8.652085672697009,0.08400083177375736,12.4,11.7,0.0,1.71,0.79,12,2001,0.0,5884.6973684210525,8944.74
2002-03-31,17699.0,-456.89,-0.06,0.0,2310.63,1377.12,2443.4,1.5,0.0,16321.89,-59.28,1293.87,3377.77,11804.44,21135.78,102395.03,130272.66,2951.68,3676.1,71.39,12235.25,113202.97,125438.22,78489.11,4834.4,587.78,-346.17,-1553.11,1066.28,-6.265,24.41,25.95,-0.06,0.0,0.0,-1.4,4.16,-37.8,14.6,4.68,-2.81,-2.58,0.0,1.73,0.76,3,2002,0.0,7614.833333333333,-456.89
2002-06-30,22020.300000000003,1454.26,0.18955232260846025,0.0,3154.91,3325.1800000000003,4414.8099999999995,2.14,0.0,18695.11,577.4499999999999,1964.14,3940.92,14009.27,24779.33,101402.75,134831.78,4818.36,4669.16,72.66,15528.57,111041.3,126569.87,78489.11,8261.86,-1220.4499999999998,-201.25999999999993,2101.85,1089.6299999999999,2.827319616162171,20.37,15.32,0.13,0.0,0.0,4.31596057631571,20.121708092282702,70.39681642720355,69.69693092834154,22.979573879302567,2.81,2.51,0.0,1.6,0.69,6,2002,0.0,7672.076923076923,997.37
2002-09-30,17707.949999999997,-4134.29,-0.527178251278324,0.0,2861.750000000001,-2270.6200000000003,-1188.38,1.31,0.0,19978.559999999998,282.6700000000001,2503.07,3619.24,15765.38,27049.5,100341.67,134210.55,5528.25,5667.06,76.77,18420.97,113458.5,131879.47,78489.11,2331.04,299.86999999999995,-155.5300000000001,394.36,1082.2400000000002,-0.6202835553384015,44.1,56.58,-0.4,0.0,0.0,-12.33597107991278,9.489208523009832,-709.4237727452404,-352.31322532930386,11.070743276844803,-5.62,-5.46,0.0,1.47,0.61,9,2002,0.0,7842.3,-3136.92
2002-12-31,20876.979999999996,-1078.6099999999997,-0.13816753765244225,0.0,3266.1799999999985,769.94,1850.0299999999997,1.41,0.0,20107.050000000003,520.2799999999999,3231.75,4225.67,13986.68,26724.43,99317.51,132315.82,4525.21,5642.47,78.08,17991.28,113360.19,131351.47,78489.11,964.31,1604.61,0.7800000000000864,-876.72,1080.0899999999997,-2.5501648649650948,114.5,136.21,-0.54,0.0,0.0,-3.2648477415651165,2.4767810453252608,-447.41719081586416,-147.5526955803896,2.8656970772358386,-5.52,-5.38,0.0,1.49,0.71,12,2002,0.0,7806.5370370370365,-4215.53
2003-03-31,22406.69,322.53,0.04,0.0,3859.99,2196.86,3280.88,1.48,0.0,20209.82,1626.06,2669.7,4020.14,15174.71,27688.63,98300.14,132931.56,3110.88,5971.65,81.24,17943.46,112974.03,130917.48,78489.11,2014.03,920.09,85.86,-1568.22,1084.02,9.2775,57.84,65.0,0.04,0.0,0.0,0.96,6.68,64.04,37.68,7.639999999999999,1.48,1.44,0.0,1.54,0.7,3,2003,0.0,8063.249999999999,322.53
2003-06-30,20981.63,-261.80999999999995,-0.04311758893280632,0.0,2675.2300000000005,1428.2999999999997,2510.33,4.0,0.0,19553.340000000004,339.97,1467.0,3218.86,13350.7,25752.44,97288.78,130825.24,2956.79,3221.72,111633.74,128517.15,269.85,128787.0,78489.11,2038.19,-961.12,-70.59,-146.31999999999994,1082.0300000000002,-23.202248195256107,154.1,63.19,0.01,0.0,0.0,-0.8623517786561264,-47.08440711462449,-51.39616600790513,-20.351501976284577,-2708.819407114624,0.15,0.14,0.0,0.2,0.1,6,2003,0.0,6072.0,60.72
2003-09-30,28726.29,2725.3500000000004,0.34237205095349366,0.0,4412.749999999999,4273.110000000001,5366.29,5.0,0.0,24453.179999999993,1079.49,1382.23,3527.69,17302.68,28131.41,96250.31,134620.85,2900.69,6330.16,103.48,21512.52,105925.64,127438.16,78489.11,7182.65,3273.13,-7.0,-3350.8900000000003,1093.1799999999998,3.6469828554130657,54.6,17.74,0.35,0.0,0.0,8.099544519699792,23.007401824074773,151.77842121698308,229.17406884966996,27.311507607490125,4.16,3.86,0.0,1.31,0.5,9,2003,0.0,7960.200000000001,2786.07
2003-12-31,24019.979999999996,-239.97000000000025,-0.03016000942618125,0.0,3837.2000000000007,1150.2600000000002,2245.09,6.65,0.0,22869.72,652.6300000000001,2357.71,3748.37,18868.48,29753.75,95263.92,140972.18,3502.74,6780.65,85.34,22573.49,105660.17,128233.66,78489.11,12738.47,567.5100000000002,-137.18,545.1400000000003,1094.8300000000004,-55.09282097762214,40.95,10.07,0.32,0.0,0.0,-0.6823702132673509,-2.4957407800164986,-7.536232355367039,-14.009324378461189,-2.8802809002003094,2.82,2.65,0.0,1.32,0.48,12,2003,0.0,7956.5625,2546.1
2004-03-31,32536.0,2446.7,0.31,0.0,6459.28,3962.56,5055.29,2.91,0.0,28573.43,3502.99,4042.36,4818.83,20325.69,34189.1,94296.21,140052.26,1476.96,9420.99,68.86,23810.73,105410.15,129220.88,78489.11,10831.33,3840.75,-139.99,-2016.12,1092.73,2.3475,21.09,11.93,0.31,0.0,0.0,6.999999999999999,11.6,90.36,152.36,13.64,7.66,7.52,0.0,1.44,0.58,3,2004,0.0,7892.58064516129,2446.7
2004-06-30,36380.2,57.960000000000036,0.007405076936590201,0.0,7416.31,1601.6399999999999,2678.5200000000004,4.54,0.0,34778.57,3720.3200000000006,5053.21,4510.7,21595.1,37555.5,93316.52,143131.59,1004.58,8823.16,69.89,24075.57,107362.11,131437.68,78489.11,11693.87,1421.63,-102.01999999999998,-308.7600000000002,1076.88,153.084162353347,30.44,11.24,0.32,0.0,0.0,0.16198605798791066,0.37580765453195264,1.9827093497720265,3.376715083085131,0.43227136617345296,3.65,3.63,0.0,1.56,0.66,6,2004,0.0,7827.062499999999,2504.66
2004-09-30,41151.17,3178.66,0.40269335529232914,0.0,9154.169999999998,4836.2,5921.329999999999,3.81,0.0,36314.96000000001,5573.94,3824.72,5627.27,22687.27,40527.63,92389.26,143866.31,360.96,7379.56,30.51,22225.74,108046.33,130272.07,78489.11,13594.2,-332.8699999999999,-236.78000000000003,-658.8299999999999,1085.1299999999997,2.3645783757935734,21.98,9.58,0.72,0.0,0.0,8.836881963359446,16.71177424463166,93.53671769317934,122.39640815579627,19.127934376385635,5.18,5.16,0.0,1.82,0.8,9,2004,0.0,7893.5,5683.32
2004-12-31,46079.350000000006,6600.8099999999995,0.8436309042642824,0.0,9056.120000000003,7727.180000000002,8813.75,3.54,0.0,38352.18000000001,4865.189999999999,6288.46,6088.67,23493.63,44015.68,91646.4,146723.11,293.88,5707.61,36398.26,57623.89,68730.92,126354.8,78489.11,20368.26,2946.7299999999996,-345.68,-137.30999999999995,1086.5700000000006,1.051466933603603,13.64,6.2,1.57,0.0,0.0,17.99029469730457,27.082164060458492,129.62899321319458,159.50534880370037,43.73984433574051,7.95,7.87,0.0,0.76,0.36,12,2004,0.0,7824.286624203821,12284.13
2005-03-31,40660.59,2171.91,0.28,0.0,6419.41,2860.22,3928.03,4.1,0.0,37800.37,2656.5,11337.02,6187.38,24932.82,51616.13,90695.53,153427.83,163.21,10670.73,36335.14,62138.78,68660.6,130799.38,78489.11,22628.4,5222.95,-103.42,-70.96,1067.81,3.66,14.22,5.78,0.28,0.0,0.0,5.68,7.8,38.4,51.92,12.52,5.38,5.34,0.0,0.83,0.43,3,2005,0.0,7756.8214285714275,2171.91
2005-06-30,45381.32000000001,139.97000000000025,0.017557701956849,0.0,7439.98,908.0400000000004,1981.02,6.31,0.0,44473.27999999999,3698.4399999999996,6568.51,6930.32,31742.56,54655.83,89753.22,155299.47,156.36,9436.68,39589.78,64527.26,68196.72,132723.98,7848.91,22575.44,-2814.81,-2014.62,60.91,1072.98,89.76972065442578,2.19,5.88,0.29,0.0,0.0,0.36084104711317255,0.612703254494179,2.4798740419052936,3.2669434399709387,1.0050270775299774,2.7,2.69,0.0,0.85,0.36,6,2005,0.0,7972.000000000001,2311.88
2005-09-30,50092.78,3728.55,0.47529455684446303,0.0,6853.299999999999,4535.67,5614.11,6.84,0.0,45557.11,3882.2300000000005,8665.96,8286.26,30108.09,56807.05,88820.75,156167.9,174.14,7361.06,39397.97,62302.74,67875.32,130178.05,7848.91,25989.8,1652.9700000000003,324.1299999999999,120.35,1078.44,3.5965065776240097,2.07,5.01,0.77,0.0,0.0,9.555272389548426,13.678606986588704,57.38101558994972,75.35579155788578,21.851204301680507,4.46,4.44,0.0,0.91,0.43,9,2005,0.0,7844.714285714286,6040.43
2005-12-31,70157.18,54729.49,6.475325837190506,0.0,5686.870000000003,20049.54,21127.170000000002,8.1,0.0,50107.64,1481.289999999999,13352.39,7939.77,30391.45,60990.92,87924.15,152676.57,174.62,9224.62,4503.24,18259.9,33706.28,51966.18,19500.0,100710.35,8181.549999999999,5404.14,-8899.259999999998,1077.6299999999997,0.31367919562195806,1.57,0.52,7.19,0.0,0.0,143.37578209745874,68.22958072678063,217.36921336082065,361.6095730387665,75.97475488531168,32.47,29.46,0.0,3.34,1.68,12,2005,0.0,8452.005563282335,60769.92
2006-03-31,52916.68,2480.06,0.13,0.0,6792.24,3060.71,4125.11,7.4,0.0,49855.97,1850.28,12401.8,6917.51,34313.87,64432.34,87066.43,155378.13,144.36,10630.86,4376.87,19278.15,32767.56,52045.71,19500.0,103332.38,-98.4,-290.88,-561.3,1064.4,14.23,1.4,0.5,0.13,0.0,0.0,6.4,7.92,9.6,15.76,9.0,4.81,4.69,0.0,3.34,1.56,3,2006,0.0,19077.384615384613,2480.06
2006-06-30,57712.64000000001,3994.5499999999997,0.2035955061385937,0.0,7612.719999999999,4560.91,5519.72,6.9,0.0,53151.740000000005,3450.3500000000004,17136.38,9273.76,37803.43,73842.58,86238.98,163995.41,162.94,17265.84,4350.96,26211.69,30523.37,56735.06,19500.0,107260.31,8218.07,-984.88,-2498.62,958.81,8.47305047502222,1.25,0.53,0.33,0.0,0.0,9.747906051484183,11.771521991285962,14.905658873661888,24.604208438809444,13.647068472077855,5.99,5.85,0.0,2.82,1.37,6,2006,0.0,19620.0303030303,6474.61
2006-09-30,55607.20999999999,2630.5199999999995,0.1357854747817988,0.0,6695.549999999999,3321.4299999999994,4491.83,6.85,0.0,52285.770000000004,2259.5599999999995,7769.95,9580.09,36979.9,68940.6,85234.61,157655.96,30549.31,13529.2,0.0,47663.46,297.66,47961.12,19500.0,109657.93,931.6800000000003,-4207.4,-6090.700000000001,1170.4,12.60793912420358,1.22,0.44,0.47,0.0,0.0,6.67948973820253,8.054678801950109,9.591654814373875,15.508434651674385,11.49842956662892,5.6,5.48,0.0,1.45,0.67,9,2006,0.0,19372.617021276594,9105.13
2006-12-31,43215.22,-2282.5599999999995,-0.11709605031535035,0.0,1383.2700000000004,-1997.7199999999993,-2255.129999999999,6.1,0.0,45212.94,-2543.0699999999997,9973.89,6704.92,30697.4,63312.1,61387.86,128098.24,29803.74,9126.55,0.0,44839.95,304.86,45144.81,19500.0,82913.86,2792.67,-1751.38,1162.6500000000005,-257.4100000000003,-13.024563987365067,1.43,0.54,0.35,0.0,0.0,-7.132822264923628,-8.524592462957505,-11.013719932518097,-9.943127472492035,-14.372703775849862,3.32,3.26,0.0,1.41,0.73,12,2006,0.0,19493.057142857142,6822.57
2007-03-31,51835.5,3524.02,0.18,0.0,3521.77,3799.76,4564.97,6.0,0.0,48035.74,2514.65,9265.02,8035.76,27230.69,64829.14,0.0,128538.94,29492.54,9061.53,0.0,42368.05,39.43,42407.48,19500.0,86087.04,2885.86,-3909.72,314.99,765.21,8.3325,1.36,0.49,0.18,0.0,0.0,10.96,10.72,16.36,14.88,17.64,6.97,6.8,0.0,1.53,0.89,3,2007,0.0,19577.88888888889,3524.02
2007-06-30,56450.630000000005,4498.41,0.22989893336557626,0.12,4648.99,4777.43,5542.7,6.05,0.0,51673.200000000004,3603.0499999999997,3164.28,8371.13,30748.88,52946.58,60403.98,115588.46,217.25,14656.24,15.11,18931.39,8710.36,27641.76,19500.0,87896.87,7221.019999999999,10545.41,-23867.16,765.27,6.580717786951389,1.34,0.31,0.41,0.12,0.29,15.565839976166822,13.771506837703786,20.47782694270938,18.436772997707678,19.894668672708892,7.58,7.41,0.0,2.8,1.17,6,2007,2348.028292682927,19566.90243902439,8022.43
2007-09-30,56860.72,3484.59,0.17866555372285786,0.09960943035790965,3748.4699999999993,3795.1499999999996,4567.75,6.9,0.0,53065.56,2575.2200000000003,9461.04,9606.7,33738.63,65850.73,59971.35,127511.19,156.57,14768.97,20.56,19740.0,18669.42,38409.42,19500.0,89054.65,-462.1399999999994,-1319.21,8078.0999999999985,772.5999999999999,9.650853027185407,1.51,0.43,0.59,0.22,0.37,10.925852844611375,10.514013602131568,15.649891214232703,14.026760082106401,13.905630893141753,7.13,6.97,0.0,3.34,1.63,9,2007,1942.724927656057,19503.423728813563,11507.02
2007-12-31,67160.09,1478.9699999999993,0.07630607292936462,-0.0013773965348132249,2888.1400000000012,1765.7000000000007,2540.800000000001,6.35,0.0,65394.41,722.2700000000004,11143.93,13314.64,36002.57,66043.07,62310.72,130814.02,34.7,17062.44,20.91,21858.74,18540.14,40398.88,19500.0,90366.63,1242.1399999999994,1947.0200000000004,-1506.2799999999988,775.0999999999999,20.809615002332716,1.37,0.45,0.67,0.22,0.33,4.523697338439347,4.974700396350219,6.546377719372951,6.82882407887269,5.913151203720315,5.71,5.59,0.0,3.02,1.37,12,2007,-26.696802428536103,19382.07462686567,12985.99
2008-03-31,62389.73,1628.13,0.08,0.2,2011.78,1955.44,2772.31,5.75,0.0,60434.29,823.5,5925.15,12146.15,44041.98,68274.12,61779.1,133422.19,34.7,18764.31,21.27,21323.79,17693.53,39017.32,19500.0,94351.34,-3362.88,-1227.65,-628.24,816.87,17.97,1.19,0.41,0.08,0.2,2.5,4.88,5.96,6.92,7.199999999999999,6.960000000000001,2.66,2.61,0.0,3.2,1.14,3,2008,4070.3250000000003,20351.625,1628.13
2008-06-30,73633.88999999998,5125.73,0.265626693476027,-0.010933266309932398,6819.090000000001,5414.0599999999995,6233.970000000001,4.06,16.14,68219.82999999999,5611.74,3737.5,20179.98,53976.82,83453.5,61554.97,148994.02,10519.48,21286.06,23.89,35149.68,18201.45,53351.13,19500.0,95585.62,-7742.19,-1074.33,6628.86,819.91,3.821152109065441,0.83,0.56,0.35,0.2,0.57,13.751873387958886,16.90903637327395,21.462636832862984,22.34299958838353,19.64119664902737,5.0,4.97,0.0,2.37,0.84,6,2008,-210.97642857142864,19296.742857142857,6753.86
2008-09-30,69414.62,-4430.36,-0.22881136216914136,0.10067922161763349,-3245.930000000001,-4013.25,-3209.7700000000004,4.06,0.0,73427.87,-4692.88,6287.63,13415.16,49040.86,73230.68,61594.41,139015.61,9617.74,18282.64,18.72,31018.54,18332.48,49351.02,19643.86,89617.62,6466.98,-1045.3600000000001,-2871.49,803.4800000000002,-4.435531480511742,0.89,0.55,0.12,0.3,2.5,-12.737165827415534,-19.220154422207873,-19.754047600602537,-19.830318054658918,-23.72011121153432,1.14,1.13,0.0,2.36,0.78,9,2008,1949.4014285714284,19362.5,2323.5
2008-12-31,40212.03,-20585.37,-1.048326053136946,0.004184867157634988,-18656.92,-20166.79,-19382.9,2.16,0.0,60378.82000000001,-19382.93,8550.09,6037.94,19731.09,37919.39,64275.94,104112.17,8250.0,4448.19,27.03,16370.07,18547.59,34917.66,19705.57,69146.13,5296.83,-1170.5100000000002,-1863.8500000000001,783.8899999999999,-0.5145345747975383,0.62,0.5,-0.93,0.3,-0.32,-79.08661923450336,-64.52277772210623,-119.08082177783545,-103.25448007241316,-86.39108463700595,-7.46,-7.43,0.0,2.32,1.11,12,2008,82.17580645161252,19636.41935483871,-18261.87
2009-03-31,26393.43,1621.26,0.08,0.0,2266.19,1828.82,2628.83,1.89,0.0,24564.61,1527.86,10746.97,4936.5,21739.83,40842.27,64526.96,107249.18,6250.0,8007.39,27.03,17305.53,19123.7,36429.23,19705.57,70768.57,4970.85,-914.77,-1859.2,800.01,5.907500000000001,0.53,0.51,0.08,0.0,0.0,6.04,6.08,9.16,7.840000000000001,8.12,6.22,6.14,0.0,2.36,1.1,3,2009,0.0,20265.75,1621.26
2009-06-30,40403.35999999999,2422.8599999999997,0.1258124388000356,0.08,3449.8300000000004,2761.7200000000003,3592.26,3.24,0.0,37641.64,2673.3900000000003,6153.12,8028.53,27408.15,45445.73,64178.15,111480.93,4500.0,13270.06,24.7,21096.59,18706.09,39802.68,19705.57,71633.72,-714.46,-357.94000000000005,-3521.46,830.54,6.43875126916124,0.89,0.56,0.21,0.08,0.38,8.699031482745319,8.435424468116672,13.539814842289545,11.598708643660425,12.173851221032015,6.09,6.05,6.29,2.15,0.85,6,2009,1540.6171428571429,19257.714285714286,4044.12
2009-09-30,48199.82000000001,2299.6099999999997,0.11600039724263168,0.08228586561624066,3118.67,2557.2200000000003,3411.74,4.34,0.0,45642.600000000006,2245.8100000000004,6582.76,8490.98,32364.09,51840.41,63752.92,117434.82,8000.0,14736.39,25.96,26390.06,18588.3,44978.36,19719.03,72409.88,-992.3600000000001,-357.28,1779.29,854.5200000000002,9.351692113010468,1.18,0.62,0.32,0.16,0.5,7.83002681387764,8.076527658018232,12.70204349806817,11.353538880122576,11.382538979433233,5.55,5.52,7.05,1.96,0.74,9,2009,1631.2478571428574,19824.15625,6343.73
2009-12-31,52110.40000000001,-928.2299999999996,-0.04627866309666696,0.0018606684516664803,1180.92,-681.3100000000004,169.77000000000044,4.38,0.0,52791.69999999998,-70.34000000000015,5162.81,8027.65,30634.79,48154.73,64279.96,114194.31,5500.0,9010.57,25.46,19812.51,22481.14,42293.65,19829.15,71853.0,-1239.4,-1424.7900000000002,1244.2399999999998,851.0799999999999,-23.657770703381715,1.21,0.59,0.27,0.16,0.59,-3.2497905641215015,-4.058810156033606,-5.169498070353613,-5.265483445665217,-4.696427292032127,3.26,3.24,4.69,2.43,0.88,12,2009,37.32018518518453,20057.407407407405,5415.5
2010-03-31,55938.96,2416.98,0.12,0.0,2653.05,2512.63,3348.97,4.66,0.0,53426.33,1708.89,8310.36,10663.24,33261.97,54462.9,64476.85,120673.42,7300.0,12781.28,25.28,23908.73,22240.92,46149.65,19900.26,74476.61,2115.48,-799.58,1831.64,836.34,9.7075,1.25,0.62,0.12,0.0,0.0,8.0,8.8,12.999999999999998,13.32,10.4,4.39,4.32,8.05,2.28,0.89,3,2010,0.0,20141.5,2416.98
2010-06-30,57327.6,1185.7800000000002,0.05924357992205976,0.1,2412.3499999999995,1574.4099999999999,2423.9600000000005,4.14,0.0,55753.17999999999,1358.2099999999998,10722.46,10301.44,32742.27,56414.85,65075.48,123185.81,7550.0,15150.73,26.96,26964.35,22248.96,49213.31,19989.06,73924.59,5543.92,-1398.9500000000003,-1732.8600000000001,849.5500000000001,17.47024743207003,1.12,0.67,0.18,0.1,0.56,3.8442500749425443,4.5815035139726215,6.411471871565134,6.516793791426574,5.5952269926389775,3.21,3.18,6.01,2.09,0.88,6,2010,2001.5333333333338,20015.333333333336,3602.76
2010-09-30,53676.630000000005,329.28999999999996,0.016749024045981102,0.07819390224776725,689.4300000000003,214.96000000000004,1060.5499999999993,4.16,0.0,53461.68000000001,-279.8699999999999,7610.54,9710.43,30889.21,51273.96,66718.04,119686.18,8000.0,12634.7,24.77,24837.15,21761.02,46598.17,20122.74,73045.3,700.0300000000007,-2464.6699999999996,-1347.29,845.5899999999999,62.093170153967634,1.15,0.64,0.2,0.18,0.9,1.1020857822255565,1.2159791457382279,1.8021949873475664,1.8122444017751551,1.520811383375084,2.38,2.36,4.34,2.06,0.82,9,2010,1537.311666666666,19660.25,3932.05
2010-12-31,56858.649999999994,2250.6399999999994,0.11284706171585505,0.0025623555442695553,3590.5300000000007,2547.38,3399.460000000001,6.5,30.78,54311.26999999999,2332.4900000000002,4770.2,11056.28,30101.45,49307.12,66166.12,120458.2,6000.0,6973.78,24.75,18104.5,26774.9,44879.4,20169.81,75534.9,-2033.5100000000002,-1424.8500000000004,618.02,852.0799999999999,14.401571253065796,1.74,0.59,0.31,0.18,0.58,7.469747440030147,8.50357213445927,11.925386263907777,12.216604487690631,9.74124958553639,2.79,2.76,5.12,2.72,1.06,12,2010,51.10403225806431,19944.16129032258,6182.69
2011-03-31,60718.37,3498.59,0.17,0.0,5768.91,3819.52,4650.45,5.75,8.9,56898.85,4772.31,7978.81,10926.39,37605.75,61478.89,64435.74,133108.67,6372.35,15308.86,25.41,26919.12,27688.0,54607.12,20264.94,78455.79,3644.06,-865.79,430.34,830.93,8.455,1.49,0.7,0.17,0.0,0.0,10.52,12.04,17.84,18.32,14.4,5.79,5.76,10.89,2.28,0.89,3,2011,0.0,20579.941176470587,3498.59
2011-06-30,67894.84,2980.51,0.1472061243073884,0.1,3672.59,3443.1299999999997,4310.009999999999,5.35,18.93,64451.72000000001,2622.5999999999995,5018.46,10621.71,44521.43,64017.53,64851.46,136081.93,4843.45,19945.47,793.6,29285.32,27076.12,56361.44,20361.88,79675.64,2289.81,-1476.9299999999998,-3773.2200000000003,866.88,9.086578471469647,1.37,0.71,0.32,0.1,0.31,8.758764396289608,10.304428701517185,14.959822382738343,15.530246114429472,12.512520566128012,5.06,5.04,9.64,2.19,0.67,6,2011,2024.71875,20247.1875,6479.1
2011-09-30,67998.24,-177.03999999999996,-0.008708644474981195,0.08040354860156838,1144.7299999999996,418.6100000000006,1371.1000000000004,3.5,29.06,67579.62,-12.920000000000073,2906.81,13056.38,44445.12,64580.04,65449.49,137244.67,9869.69,17390.58,792.32,31898.02,27231.02,59129.03,20432.74,78066.25,-3863.3199999999997,-1224.71,2976.36,952.4900000000002,-100.47200830320834,0.92,0.76,0.31,0.18,0.58,-0.5157764921311443,-0.6719702446501619,-0.9068227214593322,-0.9371625151141053,-0.8191744286788762,3.22,3.21,6.66,2.02,0.63,9,2011,1634.5418951612905,20329.225806451614,6302.06
2011-12-31,51724.94999999998,-2195.29,-0.10691078390072976,0.0017937383802214275,810.5900000000001,-1688.42,-744.2699999999986,4.08,32.95,53413.369999999995,-525.1599999999999,2955.62,9923.94,38810.33,55447.41,70077.16,132176.44,1340.34,17407.96,2043.84,27642.25,28603.63,56245.88,20434.42,75877.74,10788.849999999999,-4211.83,-6528.209999999999,944.1499999999996,-9.540665242405332,1.1,0.74,0.2,0.18,0.9,-6.649850758625391,-10.135142313789181,-11.56774681805896,-11.589128974839106,-12.251975835023632,1.66,1.65,3.69,2.01,0.6,12,2011,36.83235483870976,20533.850000000002,4106.77
2012-03-31,76036.28,943.88,0.05,0.04,2704.58,1151.83,2217.66,4.68,13.41,74884.45,1646.99,3307.13,17259.62,47530.32,72246.34,70415.36,149360.59,7555.36,24797.82,2043.24,38093.78,34394.0,72487.78,20434.42,76814.51,-8620.42,-2829.89,11801.83,1065.83,23.4,1.24,0.94,0.05,0.04,0.8,2.52,3.28,4.92,4.88,4.16,1.25,1.24,2.31,1.9,0.65,3,2012,755.1039999999999,18877.6,943.88
2012-06-30,74934.44,-4060.34,-0.19543039217573785,0.00365568625940972,-2905.24,-3244.18,-2165.7599999999998,3.58,23.62,78178.62000000001,-4018.9399999999996,3665.88,15376.37,30578.63,53852.91,71209.16,131847.74,5231.76,15632.73,2015.66,26137.37,33725.33,59862.7,20434.42,71933.73,6841.3,-1776.7900000000004,-4705.7699999999995,1078.42,-4.580275309456844,1.02,0.83,-0.15,0.04,-0.27,-12.29908601425977,-8.129904314510695,-22.565695949891868,-21.419170982460873,-10.31872470687896,-2.08,-2.06,-2.06,2.06,0.89,6,2012,75.95200000000011,20776.4,-3116.46
2012-09-30,74558.04000000001,2141.7200000000003,0.10986109116277162,-0.00262962431007243,2842.73,2229.87,3359.5099999999998,4.26,32.44,72328.18,1820.1999999999998,9100.18,19156.06,31864.3,63211.93,71946.33,147646.73,262.11,21848.59,2004.06,26983.39,46524.01,73507.4,20434.42,74083.26,5088.68,-7373.889999999999,7719.5199999999995,1129.6399999999999,9.694059914461272,1.18,0.99,-0.05,0.04,-0.8,5.800665613394342,-0.878888729302173,11.601331226788684,11.249775735067816,-0.9667776022323903,-0.44,-0.43,0.09,2.34,1.16,9,2012,-51.26400000000001,19494.8,-974.74
2012-12-31,70258.33999999997,15.860000000000014,0.0008270065075921916,-0.0006616052060737581,18.730000000000018,181.59,1395.0699999999997,4.12,43.18,70076.73999999999,-1356.31,6524.03,14140.5,31252.98,54971.23,73148.14,141976.76,237.54,15527.7,2004.11,22351.86,45463.39,67815.25,20434.42,74099.59,129.90999999999985,-1448.33,-1257.75,1213.48,1245.455737704917,1.14,0.92,-0.05,0.04,-0.8,0.04498915401301523,-0.015216919739696326,0.08534707158351418,0.08468546637744041,-0.017863340563991338,-0.33,-0.32,0.16,2.46,1.06,12,2012,-12.688000000000102,19177.6,-958.88
2013-03-31,71890.81,153.08,0.01,0.08,616.75,69.16,1238.12,3.94,10.86,71821.66,-493.04,4108.65,17105.52,32089.74,55432.72,74322.1,145897.79,395.94,18713.32,2004.16,24319.15,44960.1,69279.26,20434.42,76550.45,383.22,-2339.34,-459.26,1168.96,98.5,1.05,0.91,0.01,0.08,8.0,0.4,0.2,0.8,0.8,0.24,0.21,0.21,0.11,2.28,0.96,3,2013,1224.64,15308.000000000002,153.08
2013-06-30,70981.42000000001,-1158.72,-0.05761107354520505,0.01911141163835964,814.06,0.2400000000000091,1203.73,3.3,27.55,70981.16999999998,-523.28,5408.25,14829.78,33168.84,55734.19,80079.13,151783.7,66.17,25480.22,2004.22,33245.99,44766.47,78012.46,20434.42,73713.01,9236.880000000001,-4537.96,-3399.33,1203.4899999999998,-14.320163628831816,0.91,1.06,-0.05,0.08,-1.6,-3.041864683186827,0.2304442941808202,-6.2680848017183095,-6.360262519390637,0.2765331530169842,-0.71,-0.7,0.07,1.68,0.68,6,2013,384.3839999999998,20112.8,-1005.64
2013-09-30,74441.32999999999,1047.32,0.0,,2465.41,1436.01,2673.69,3.14,0.0,73005.32,999.4100000000001,7580.46,16562.32,31949.18,58301.86,82157.38,156248.66,359.96,29171.91,9004.27,43551.99,37931.28,81483.27,20434.42,74701.91,6026.3099999999995,-3763.0600000000004,-91.02999999999975,1237.6800000000003,0.0,0.86,1.09,0.0,0.08,0.0,3.01531669865643,99.50545105566218,6.03063339731286,6.03063339731286,134.68414587332055,0.02,0.02,0.92,1.34,0.61,9,2013,inf,inf,41.68
2013-12-31,79240.46000000002,784.59,0.0379822576155494,-inf,1001.0500000000006,1819.86,3142.080000000001,3.26,30.86,77420.6,-438.92999999999995,5124.2,20766.92,34798.37,63771.74,83141.31,162607.68,147.58,36337.36,9003.95,49530.46,37550.62,87081.08,20434.42,75458.42,1470.25,-2283.34,-1643.1599999999999,1322.2200000000003,21.457386979186584,0.88,1.15,0.04,0.08,2.0,1.9370951383930195,8.280132160189769,4.178048337710434,4.178048337710434,11.166783738971523,0.28,0.28,1.62,1.29,0.58,12,2013,-inf,20656.75,826.27
2014-03-31,74550.04,343.68,0.02,0.1,873.18,624.79,1897.5,3.44,0.0,73925.25,-401.62,2974.6,15589.83,35978.58,58641.04,89363.87,163657.94,5619.52,28759.25,9002.89,50399.23,37579.12,87978.35,20434.42,75605.74,-3784.73,-3259.04,4894.16,1272.71,43.0,0.93,1.16,0.02,0.1,5.0,0.8400000000000001,1.6,1.7999999999999998,1.7999999999999998,2.2,0.47,0.46,0.97,1.16,0.45,3,2014,1718.4,17184.0,343.68
2014-06-30,74879.44000000002,178.19,0.010243355624964071,0.001216778124820362,696.4399999999999,670.9100000000001,1960.0900000000001,3.38,0.0,74208.53,-684.18,16143.59,19490.71,38263.89,76984.27,93583.9,186369.69,176.68,43998.66,9001.81,60973.52,51604.39,112577.91,20434.42,73732.42,12412.279999999999,-5280.86,6037.58,1289.1799999999998,82.49493925023852,0.94,1.53,0.03,0.1,3.33,0.38241860999865873,1.0516511774963113,0.9697043324965987,0.9697043324965987,1.4067541724950658,0.35,0.35,1.18,1.26,0.64,6,2014,21.166666666666742,17395.666666666668,521.87
2014-09-30,72851.09999999998,22.100000000000023,0.0012188172141846068,0.004062724047282023,-1585.25,-828.82,490.34999999999945,3.44,3.85,73679.92000000001,-2868.6899999999996,3188.02,15827.29,37464.65,60698.06,97799.96,175135.2,4641.88,32266.35,7695.88,52534.21,48794.72,101328.93,20434.42,73740.89,-8473.449999999999,-4439.26,-42.86999999999898,1319.17,705.6226233031667,0.95,1.37,0.03,0.1,3.33,0.05037777818629709,0.04550250932955866,0.12025663179954789,0.11863154218063508,0.06175340551868675,0.25,0.24,0.28,1.16,0.44,9,2014,73.66666666666674,18132.333333333336,543.97
2014-12-31,65115.05000000002,-5778.610000000001,-0.2870185151223389,0.009938282925537055,-6325.15,-6584.41,-5255.54,3.06,3.72,71699.45999999996,-7731.139999999999,2008.63,11192.22,25344.15,44141.9,100871.79,162798.39,8846.59,25815.28,7701.13,46829.15,48065.32,94894.46,20434.42,67833.7,4442.0,-8060.68,2439.2999999999993,1328.8700000000003,-2.6655074836336072,0.92,1.4,-0.26,0.1,-0.38,-14.218455672214327,-16.60291718246145,-34.088968257607014,-32.278543777604575,-23.31473476686076,-1.86,-1.82,-2.53,0.94,0.4,12,2014,200.08974358974342,20133.23076923077,-5234.64
2015-03-31,56880.96,3831.58,0.19,0.08,3703.82,5165.88,6478.09,4.3,0.0,51715.08,2232.21,1963.57,10432.64,23808.14,40036.05,108336.99,166220.96,4751.33,29637.06,8394.06,47099.17,47246.61,94345.78,20434.42,71797.13,10978.38,-6215.0,-4808.45,1312.21,5.6575,1.22,1.31,0.19,0.08,0.42,9.24,12.52,21.36,20.8,17.36,7.11,6.74,10.25,0.85,0.34,3,2015,1613.2968421052633,20166.21052631579,3831.58
2015-06-30,60331.579999999994,4235.65,0.20476712576683695,0.002007210849194489,6831.49,6114.820000000001,7479.629999999999,4.48,0.0,54216.759999999995,5285.9,1511.96,11736.34,29827.57,45316.46,109345.64,169193.0,887.76,33381.49,8468.53,46970.71,47713.49,94684.2,20434.42,74443.91,5401.0,394.1099999999997,-6246.71,1364.81,5.470970966675718,1.23,1.27,0.39,0.08,0.21,10.01783784520833,13.336115370455532,22.765904033974486,22.87091281641902,19.384621239260564,7.13,6.88,9.03,0.96,0.33,6,2015,41.519568151146814,20685.205128205125,8067.23
2015-09-30,52866.31999999999,887.4300000000003,0.043605139670294585,-0.0013117662214780232,2731.3100000000013,2369.6099999999988,3756.58,3.76,0.0,50496.70999999999,1355.6099999999997,2495.72,10200.37,25464.56,40161.66,112759.44,167158.71,280.86,29282.14,3870.69,37133.06,54665.79,91798.84,20434.42,75290.79,6054.730000000001,-5278.909999999999,207.9300000000003,1386.9699999999998,21.568558365166826,1.02,1.22,0.44,0.08,0.18,2.124759533025264,3.163354677899553,4.713319187998206,4.764852534881281,4.162308786709938,5.42,5.27,7.79,1.08,0.4,9,2015,-26.69641025640999,20351.5,8954.66
2015-12-31,48440.5,447.10000000000036,0.021875265907659862,0.00034095743775632286,2991.67,599.460000000001,1991.8100000000013,4.3,0.0,47841.04000000001,1212.2700000000004,3575.85,8942.4,21306.09,35984.32,114806.89,163173.67,203.94,25741.19,4265.08,36209.96,51085.76,87295.73,20434.42,75804.42,5405.939999999999,-171.5500000000011,-4154.25,1392.3500000000004,49.15368821292772,1.16,1.15,0.46,0.08,0.17,1.0956654924184417,1.6625202089821494,2.3587243239563676,2.4899759194023265,2.134265073773423,4.39,4.3,4.34,0.99,0.41,12,2015,6.968695652173665,20438.608695652172,9401.76
2016-03-31,42575.45,3014.38,0.15,0.22,4574.21,2345.58,3713.75,5.05,0.0,40229.88,3192.94,3916.49,7586.44,21661.21,34730.62,116196.9,163781.27,121.97,23764.3,4448.15,32975.58,51849.99,84825.58,20434.42,78872.88,2244.43,-2705.39,801.6,1368.17,8.4175,1.31,1.08,0.15,0.22,1.47,7.359999999999999,5.68,15.28,15.999999999999998,7.16,7.08,7.08,5.67,1.05,0.4,3,2016,4421.090666666667,20095.86666666667,3014.38
2016-06-30,45056.94,3705.58,0.18197152959243804,0.002891576735575794,6939.509999999999,4771.1900000000005,6151.700000000001,4.76,0.0,40285.74,5377.33,1346.44,8968.59,26726.4,39249.21,117741.38,169012.22,783.25,25998.37,16604.65,48777.61,42198.04,90975.65,20434.42,77963.88,1623.8200000000002,-2018.7100000000005,-2175.16,1380.5099999999998,6.537561137527729,1.25,1.17,0.33,0.22,0.67,8.778747730641253,9.286062297989869,19.01326769802201,19.454410800064284,13.057835820451311,7.67,7.67,5.75,0.8,0.26,6,2016,58.88266666666641,20363.515151515152,6719.96
2016-09-30,46184.240000000005,1306.96,0.06350062041231258,0.0023337469415416804,3473.120000000001,1416.4899999999998,3118.7699999999986,4.88,0.0,44767.75,1976.7299999999996,2020.2,9280.98,23143.46,36048.68,118646.78,167014.39,8673.51,15846.46,19423.88,49079.66,38467.76,87547.41,20434.42,79386.04,-3134.27,-2910.0299999999997,6718.049999999999,1702.2800000000002,19.20808004835649,1.26,1.1,0.39,0.22,0.56,3.1326972736740863,3.3280837980196645,6.584525870445949,6.760373742356969,4.715328120873262,6.02,6.0,5.03,0.73,0.26,9,2016,48.03282051281985,20581.846153846152,8026.92
2016-12-31,52251.94999999998,1693.9099999999999,0.08364273421096757,-0.003586149932274656,5153.579999999998,2899.619999999999,4697.24,4.8,0.0,49352.330000000016,3644.9400000000005,2042.21,9966.75,25783.37,39848.17,120171.04,172377.85,6141.33,19792.26,19704.59,52428.57,38944.31,91372.88,20434.42,80919.87,6489.959999999999,-3052.2200000000003,-3415.72,1797.62,14.34673329751876,1.21,1.13,0.48,0.22,0.46,3.931208507915476,4.74672516647241,8.37124364894767,8.650052762984231,6.642627141921008,5.25,5.22,4.44,0.76,0.27,12,2016,-72.62573717948635,20251.729166666668,9720.83
2017-03-31,40912.09,2365.46,0.12,0.23000000000000004,4185.84,3351.09,4441.15,5.15,0.0,37561.0,2667.56,1908.58,5729.12,27132.97,36589.95,124932.58,173689.38,9150.66,13068.26,21252.6,55024.71,35167.06,90191.77,20434.42,83332.64,-2251.74,-4433.96,6552.08,1090.06,10.73,1.26,1.08,0.12,0.23,1.92,5.440000000000001,7.96,11.36,11.68,11.28,5.92,5.78,7.09,0.66,0.17,3,2017,4533.798333333334,19712.166666666668,2365.46
2017-06-30,54962.350000000006,1228.12,0.061515703003689914,0.0029050974237389386,3647.37,1964.38,3883.2299999999996,5.35,0.0,52997.97,2026.4,2181.44,11339.6,23172.84,38756.4,125550.22,176419.52,10476.48,19660.68,8224.09,43725.17,52647.99,96373.16,20434.42,79910.73,9130.9,-3290.8500000000004,-5567.2,1918.85,21.740790313650134,1.37,1.21,0.18,0.23,1.28,2.7887118695006095,4.210408116696998,6.1515703003689906,6.219921081484202,5.481732645439922,3.8,3.75,3.62,0.89,0.36,6,2017,57.998333333332084,19964.333333333332,3593.58
2017-09-30,57067.47,3247.7300000000005,0.15665872471792686,0.008508370472906531,6528.839999999999,4574.53,6603.68,6.3,0.0,52492.92999999999,4886.849999999999,3759.28,13126.53,25173.31,44396.2,127034.66,182519.9,10503.17,25018.68,10525.58,52462.67,46665.68,99128.35,20434.42,83255.14,7753.299999999999,-1707.96,-4467.51,2029.1500000000005,10.053222396874123,1.55,1.19,0.33,0.23,0.7,7.120851123542129,10.747737962466253,15.608905662804348,15.969695453063816,14.431591610378714,4.52,4.47,4.71,0.85,0.37,9,2017,176.38909090909146,20731.242424242424,6841.31
