,revenue,net_profit,eps,dps,gross_profit,ebit,ebitda,close_price,expense,operating_profit,cash,account_receivable,inventory,current_asset,property_plant_equipment,total_asset,short_term_loan,account_payable,current_portion_long_term_debt,current_liability,non_current_liability,total_liability,paid_in_capital,total_equity,cash_flow_operation,cash_flow_investment,cash_flow_financing,depreciation,P/E,P/BV,D/E,EPS,DPS,DPR%,ROA%,ROAA%,ROE%,ROAE%,ROCE%,NPM%,NPMA%,CurrentRatio,QuickRatio,month,year,dividend,number_of_shares,return_old
2015-09-30,,,,,,,,,,,18.36,235.13,7.62,261.11,68.34,434.48,118.56,184.6,3.51,308.8,15.35,324.15,75.0,110.33,,,,,,0.0,2.94,0.48,0.0,0.0,,,,,,6.62,6.61,0.85,0.82,9,2015,,89.77083333333334,43.09
2015-12-31,302.09000000000003,10.449999999999996,0.09563877474785204,0.0,53.5,15.169999999999995,20.040000000000006,6.5,286.90999999999997,14.280000000000001,170.87,251.67,2.23,474.78,85.98,650.43,0.0,235.9,1.48,238.86,10.53,249.39,100.0,401.04,52.18,-54.169999999999995,154.5,4.869999999999999,16.99702870813398,1.62,0.62,0.49,0.0,0.0,6.425364213672018,0.0,10.422674635786324,0.0,13.904706761299956,5.62,5.61,1.99,1.98,12,2015,0.0,109.26530612244898,53.54
2016-03-31,326.72,14.05,0.07,0.08,53.56,18.49,23.86,5.45,308.22,17.98,79.14,149.11,5.23,483.8,112.88,676.22,0.0,247.32,1.02,250.42,10.63,261.05,100.0,415.18,-58.43,-32.53,-0.77,5.37,19.465,1.31,0.63,0.07,0.08,1.14,8.32,0.0,13.52,0.0,17.36,4.31,4.3,1.93,1.91,3,2016,16.057142857142857,200.7142857142857,14.05
2016-06-30,314.8299999999999,14.149999999999999,0.07024822695035461,0.00028368794326241037,53.41,17.919999999999998,21.21,4.88,296.91999999999996,17.419999999999998,27.18,411.63,5.14,493.95,99.01,690.36,0.0,262.5,1.2,265.33,11.7,277.03,100.0,413.33,-33.50000000000001,-2.0799999999999983,-16.38,3.29,17.368409893992933,1.18,0.67,0.14,0.08,0.57,8.188936170212767,0.0,13.68836879432624,0.0,17.20078014184397,4.4,4.4,1.86,1.84,6,2016,0.05714285714285694,201.42857142857142,28.2
2016-09-30,210.33000000000004,6.830000000000002,0.031196117613474173,0.016397781493413807,46.120000000000005,9.240000000000002,12.649999999999999,5.05,201.10000000000002,8.160000000000004,38.15,340.18,8.63,436.96,98.31,623.58,0.0,187.19,1.54,191.09,12.3,203.4,100.0,420.18,12.580000000000013,-1.6000000000000014,-0.010000000000001563,3.41,40.46657393850658,1.2,0.48,0.16,0.09,0.53,4.383054524693121,6.730562375107053,6.5043905224093646,10.302517841849847,8.235775049957182,4.12,4.11,2.29,2.24,9,2016,3.590089285714285,218.9375,35.03
2016-12-31,330.2500000000001,26.36,0.12022805017103765,0.0001282782212086627,69.1,33.39000000000001,38.92,4.8,296.8499999999999,32.599999999999994,172.6,335.51,3.52,561.63,96.09,730.68,0.0,269.45,1.61,272.82,13.59,286.41,110.0,444.26,120.57999999999998,15.3,-1.4299999999999997,5.530000000000001,9.979368361153263,1.19,0.64,0.28,0.09,0.31,14.427366020524515,19.66587392083401,23.736452190910573,24.955908128359663,29.644802085030133,5.21,5.19,2.06,2.05,12,2016,0.02812499999999929,219.24999999999997,61.39
2017-03-31,264.41,-20.45,-0.09,0.0,5.34,-20.52,-15.14,6.95,284.93,-21.58,115.42,145.38,4.78,491.33,106.67,665.27,0.0,197.42,1.66,227.56,13.76,241.32,110.0,423.95,-102.62,45.87,-0.42,5.38,-19.305,1.8,0.57,-0.09,0.0,0.0,-12.28,-12.24,-19.28,-19.48,-18.76,-7.77,-7.73,2.16,2.14,3,2017,0.0,227.22222222222223,-20.45
2017-06-30,137.13,-39.78,-0.17832641540760422,0.09,-12.55,-39.86,-36.44,5.5,176.99,-40.29,140.46,196.64,6.94,344.04,109.85,525.47,0.0,139.74,2.55,144.56,16.48,161.05,110.0,364.42,57.96000000000001,-12.739999999999995,-20.189999999999998,3.420000000000001,-7.710439291101055,1.66,0.44,-0.27,0.09,-0.33,-30.275862526979914,-26.233797111074217,-43.67015772870663,-40.9226099950191,-41.873684210526314,-15.06,-15.0,2.38,2.33,6,2017,20.076666666666664,223.07407407407405,-60.23
2017-09-30,261.90000000000003,-23.770000000000003,-0.1075309523809524,-0.0008230158730158604,1.37,-23.57,-20.049999999999997,4.94,285.46999999999997,-23.96,56.96,323.85,13.59,394.4,118.41,589.64,43.18,182.06,2.56,231.36,17.57,248.93,110.0,340.71,-115.00999999999999,-11.270000000000003,42.769999999999996,3.5199999999999996,-11.485065208245686,1.59,0.73,-0.38,0.09,-0.24,-16.12964285714286,-15.665561904761905,-27.90145238095238,-24.992457142857145,-26.520528571428574,-12.7,-12.66,1.7,1.65,9,2017,-0.18192982456140072,221.05263157894737,-84.0
