,revenue,net_profit,eps,dps,gross_profit,ebit,ebitda,close_price,expense,operating_profit,cash,account_receivable,inventory,current_asset,property_plant_equipment,total_asset,short_term_loan,account_payable,current_portion_long_term_debt,current_liability,non_current_liability,total_liability,paid_in_capital,total_equity,cash_flow_operation,cash_flow_investment,cash_flow_financing,depreciation,P/E,P/BV,D/E,EPS,DPS,DPR%,ROA%,ROAA%,ROE%,ROAE%,ROCE%,NPM%,NPMA%,TIE,CurrentRatio,QuickRatio,month,year,dividend,number_of_shares,return_old
2000-03-31,865.35,119.62,4.29,0.0,259.01,152.53,193.44,9.86,712.82,132.06,191.56,795.57,629.17,1697.08,1235.73,3220.98,351.66,416.4,206.8,1251.2,467.5,1718.7,300.0,1463.71,176.21,-192.02,100.23,40.91,0.575,2.02,1.17,4.29,0.0,0.0,14.84,0.0,32.68,0.0,30.96,14.22,13.82,0.0,1.36,0.85,3,2000,0.0,27.883449883449885,119.62
2000-06-30,915.83,136.1,4.699526826216173,0.0,252.39,154.17,198.45999999999998,8.0,761.66,105.85999999999999,187.5,881.48,656.66,1812.51,1705.54,3591.53,573.86,482.77,196.3,1504.09,458.57,1962.66,300.0,1588.11,49.42999999999998,-230.78,177.28999999999996,44.290000000000006,0.42745260837619403,1.51,1.24,8.83,0.0,0.0,15.157703738463946,0.0,34.275144689504145,0.0,31.2734084154544,15.02,14.36,0.0,1.21,0.77,6,2000,0.0,28.960362400906003,255.72
2000-09-30,1016.4599999999998,124.4,4.244628012206672,0.0,279.34000000000003,159.36,203.64,6.6,857.0999999999999,132.04,342.81,1009.96,757.34,2168.4,2394.03,4641.73,1127.0,573.46,214.64,2420.87,487.1,2907.97,300.9,1693.78,77.86000000000001,-297.84,375.28999999999996,44.27999999999999,0.38959244372990354,1.17,1.72,12.97,0.0,0.0,10.721203830369358,0.0,29.375313059033992,0.0,27.477175628748817,14.14,13.59,0.0,0.9,0.58,9,2000,0.0,29.30763299922899,380.12
2000-12-31,1092.8900000000003,140.35000000000002,4.756804426768114,0.0,306.44000000000005,191.82,247.0300000000001,5.63,901.0700000000002,169.58999999999997,249.86,971.95,825.3,2082.17,2930.68,5095.37,1651.04,564.26,231.49,2712.08,518.03,3230.12,300.9,1822.83,131.76999999999998,-196.16999999999996,-28.549999999999955,55.21000000000001,0.29666975418596364,0.93,1.77,17.64,0.0,0.0,11.012919092358832,0.0,30.795185121140513,0.0,29.770476684535137,13.86,13.38,0.0,0.77,0.46,12,2000,0.0,29.505102040816325,520.47
2001-03-31,1096.84,127.08,4.22,0.0,363.29,165.7,228.76,3.59,931.13,152.25,171.48,1122.05,956.89,2310.33,3038.96,5431.63,981.88,683.58,260.82,2170.62,1273.36,3443.98,300.9,1943.02,-3.55,-791.66,716.84,63.06,0.2125,0.56,1.77,4.22,0.0,0.0,9.36,15.32,26.16,29.84,20.32,11.77,11.59,0.0,1.06,0.62,3,2001,0.0,30.113744075829384,127.08
2001-06-30,990.5899999999999,25.549999999999997,0.8487092969927275,0.0,199.90000000000003,64.72,138.09000000000003,4.74,925.87,64.5,164.91,1090.92,978.66,2321.12,3039.28,5445.91,1223.42,581.21,272.98,2411.48,1199.04,3610.52,300.9,1795.18,-57.620000000000005,478.26,-427.23,73.37,1.38890313111546,0.79,2.01,5.07,0.0,0.0,1.874860774421804,3.4149249819825718,5.69154163663762,6.039730066173098,5.082211884950533,7.41,7.31,0.0,0.96,0.56,6,2001,0.0,30.104536489151872,152.63
2001-09-30,824.44,-26.379999999999995,-0.8755025742574256,0.0,19.899999999999977,14.240000000000009,78.40999999999997,3.18,810.2199999999998,-17.25999999999999,202.4,884.33,691.95,1848.8,3006.6,4937.55,811.35,344.48,292.49,1673.73,1450.09,3123.82,302.3,1772.3,293.52,-113.11000000000001,-142.0,64.16999999999999,-0.9093062926459441,0.54,1.76,4.19,0.0,0.0,-2.1396530693069304,-4.270948118811881,-5.9509100990099,-6.084638415841583,-6.268514851485147,4.42,4.34,0.0,1.1,0.69,9,2001,0.0,30.131264916467778,126.25
2001-12-31,664.6500000000001,-123.81,-4.059344262295082,0.0,58.360000000000014,-70.57999999999998,5.78000000000003,3.18,735.2200000000003,-84.07000000000001,329.96,661.8,611.8,1651.03,3033.38,4761.26,824.97,315.56,265.87,1569.32,1502.33,3071.65,302.3,1648.5,252.27,-175.76,50.139999999999986,76.35999999999999,-0.19604151522494143,0.58,1.86,0.08,0.0,0.0,-10.148360655737706,-716.474262295082,-30.445081967213113,-28.415409836065578,-1106.17131147541,0.07,0.07,0.0,1.05,0.66,12,2001,0.0,30.5,2.44
2002-03-31,855.3,-15.04,-0.5,0.0,131.67,27.7,102.47,5.78,827.6,15.07,273.14,823.14,646.82,1814.2,2999.64,4881.85,652.59,553.04,259.6,1608.7,1593.55,3202.25,303.18,1635.65,87.27,-65.32,-78.44,74.77,-2.8925,1.07,1.96,-0.5,0.0,0.0,-1.24,2.16,-3.68,-3.36,3.4,-1.8,-1.76,0.0,1.13,0.73,3,2002,0.0,30.08,-15.04
2002-06-30,948.54,51.98,1.7167190037899296,0.0,200.09,93.39999999999999,169.08,4.15,855.14,61.02,280.15,971.82,676.18,1965.73,3078.92,5111.14,837.26,562.28,233.71,1875.7,1496.27,3371.97,307.42,1695.96,-38.269999999999996,-53.96000000000001,99.24,75.67999999999999,0.6040592535590612,0.75,1.99,1.22,0.0,0.0,4.052582566323768,12.889463995668653,12.270319436924744,11.932604223064429,21.050914997292907,2.11,2.05,0.0,1.05,0.69,6,2002,0.0,30.278688524590162,36.94
2002-09-30,963.6700000000003,54.82000000000001,1.780335658238884,0.0,212.60000000000002,98.75,176.87,3.88,864.9199999999998,78.31,323.71,1024.0,623.0,2000.29,3348.15,5410.42,1050.49,577.81,299.89,2262.54,1364.93,3627.47,308.14,1738.2,167.13,-238.28,114.7,78.12,0.5439985406785844,0.69,2.09,2.98,0.0,0.0,4.062510897994769,10.156277244986923,12.617680906713167,12.498195292066262,16.68019180470794,3.41,3.32,0.0,0.88,0.61,9,2002,0.0,30.791946308724835,91.76
2002-12-31,967.8799999999997,56.27999999999999,1.8438124831126717,0.0,224.71000000000004,101.02000000000001,175.58999999999997,3.75,866.8600000000001,66.73999999999998,369.66,1043.19,678.46,2125.72,3599.99,5783.22,945.32,599.65,421.0,2312.28,1635.79,3948.06,308.27,1793.71,125.72000000000003,-350.23999999999995,270.48,74.57,0.5063557213930349,0.64,2.2,4.85,0.0,0.0,3.8929154282626315,9.2608808430154,12.545528235611995,13.077762766819776,14.050991623885434,4.09,3.96,0.0,0.92,0.63,12,2002,0.0,30.523711340206187,148.04
2003-03-31,1219.19,89.67,2.95,0.0,287.03,142.33,223.36,4.43,1076.85,100.51,268.8,1210.03,738.7,2262.71,3936.56,6258.04,1155.71,742.33,515.38,2765.97,1565.29,4331.27,308.27,1883.39,131.86,-462.37,229.65,81.03,0.375,0.72,2.3,2.95,0.0,0.0,5.720000000000001,10.24,19.04,20.4,16.32,7.62,7.35,0.0,0.82,0.55,3,2003,0.0,30.396610169491524,89.67
2003-06-30,1204.69,42.92,1.4113522890112378,2.0,232.0,89.83999999999997,171.37,5.86,1114.8600000000001,46.55999999999999,233.8,1307.19,725.65,2303.81,4026.42,6384.85,1240.57,662.39,587.7,2745.18,1722.33,4467.51,311.56,1872.92,-65.70000000000002,-251.13,281.83000000000004,81.53,1.0348939888164026,0.98,2.39,4.36,2.0,0.46,2.6932227166452973,5.231067199637982,9.167315785504186,9.620502300324308,8.260942755863942,5.67,5.47,0.0,0.84,0.57,6,2003,60.82110091743119,30.410550458715594,132.59
2003-09-30,1356.5099999999998,92.69999999999999,3.0366461005814727,0.007635825954804103,320.62,131.35999999999999,220.60000000000002,5.74,1225.15,106.23000000000002,210.24,1380.79,809.06,2424.19,4191.92,6673.55,1177.99,835.56,575.11,2885.95,1778.04,4663.99,311.56,1963.94,164.6,-211.86,23.699999999999932,89.24000000000001,0.473911003236246,0.91,2.37,7.38,2.0,0.27,5.563069821119445,9.908189444715697,18.87822806160948,20.03034311332061,15.800434994895465,6.14,5.96,0.0,0.84,0.56,9,2003,0.23309962457422984,30.52710027100271,225.29
2003-12-31,1343.69,73.85,0.24193688573911878,1.7999828958642599,246.7600000000001,88.69000000000005,191.62,9.86,1254.9999999999995,61.43000000000001,203.14,1473.61,791.24,2518.58,4419.31,6991.33,1479.99,859.85,568.8,3257.79,1648.8,4906.6,312.17,2039.09,86.46000000000004,-26.08000000000004,-67.47999999999996,102.93,10.187367637102234,1.51,2.41,0.98,2.0,2.04,4.226489269238484,6.991482249114127,14.486588219562746,15.414835862806711,11.958594637962157,6.02,5.84,0.0,0.77,0.53,12,2003,549.4355953763619,305.2448979591837,299.14
2004-03-31,1305.43,43.21,0.14,0.0,253.87,91.54,184.46,9.63,1213.89,65.98,312.54,1426.55,936.18,2747.12,4624.77,7424.8,1741.64,906.9,670.58,3661.78,1649.45,5311.23,312.17,2081.97,100.89,-50.33,58.84,92.92,17.19,1.44,2.55,0.14,0.0,0.0,2.32,5.36,8.32,8.72,9.72,3.39,3.31,0.0,0.75,0.49,3,2004,0.0,308.6428571428571,43.21
2004-06-30,1478.51,55.029999999999994,0.17925081433224754,0.15,280.39,84.92999999999999,194.53,8.93,1393.5799999999997,65.77,282.36,1595.98,1174.02,3132.33,4861.94,8049.68,2176.04,1145.26,720.37,4372.25,1529.95,5902.2,314.48,2097.07,30.029999999999987,-244.29000000000002,184.07999999999998,109.60000000000001,12.451826276576414,1.34,2.81,0.32,0.15,0.47,2.733574918566775,5.489556188925082,10.48617263843648,11.091144136807817,10.755048859934853,3.6,3.53,0.0,0.72,0.45,6,2004,46.05,307.0,98.24
2004-09-30,1575.1299999999997,97.19000000000001,0.3133075781609784,0.0015504272629586042,336.08000000000004,145.08,264.80999999999995,6.64,1430.0400000000004,119.81,119.81,1781.35,1343.11,3309.42,5188.65,8558.29,2263.98,1094.32,724.8,4462.81,1845.29,6308.1,314.48,2194.89,-142.04,-622.87,602.36,119.72999999999999,5.298467434921287,0.95,2.87,0.63,0.15,0.24,4.535500179092258,8.394653840249706,17.704364734175922,18.698991966432995,15.615647546436064,4.57,4.48,0.0,0.74,0.44,9,2004,0.480952380952381,310.2063492063492,195.43
2004-12-31,1580.4400000000005,45.48999999999998,0.14727793458409424,-0.0006481108133108804,199.89,92.70999999999998,197.36,5.86,1487.7399999999998,-45.360000000000014,147.51,1709.02,1304.94,3212.56,5433.38,8689.93,2281.24,859.49,734.72,4268.48,2024.92,6293.4,314.93,2238.68,-21.700000000000003,-112.53999999999996,161.94000000000005,104.64999999999998,9.943444713123768,0.82,2.81,0.78,0.15,0.19,2.092101942553544,3.987833305661629,8.126720903204381,8.504356632907186,7.076893574630579,4.22,4.06,0.0,0.75,0.45,12,2004,-0.20018315018315036,308.87179487179486,240.92
2005-03-31,1417.24,-137.43,-0.44,0.0,121.09,-90.39,33.37,4.15,1507.64,-102.58,168.02,1610.28,1357.99,3195.31,5413.1,8654.04,2336.08,999.2,717.83,4372.85,2024.09,6396.94,314.93,2100.79,191.7,-127.28,-43.9,123.76,-2.36,0.62,3.05,-0.44,0.0,0.0,-6.36,-4.48,-26.16,-26.28,-8.44,-9.86,-9.7,0.0,0.73,0.42,3,2005,0.0,312.3409090909091,-137.43
2005-06-30,1662.47,-58.19999999999999,-0.18742524152737308,0.1,219.92999999999998,-0.37999999999999545,125.28999999999999,3.8,1662.84,-16.159999999999997,146.73,1817.34,1301.51,3340.05,5371.45,8760.64,2731.32,1046.67,680.18,4767.56,1815.36,6582.92,314.93,2013.73,-44.91999999999999,-114.16999999999999,137.8,125.67,-5.075623711340207,0.59,3.27,-0.63,0.1,-0.16,-2.6537034197209013,-1.285201656187701,-11.554914890354238,-11.328814598987883,-2.7013034810611862,-6.46,-6.35,0.0,0.7,0.43,6,2005,31.052380952380954,310.5238095238095,-195.63
2005-09-30,1897.5900000000001,103.83,0.33931372549019606,-0.0014783691254279495,407.06000000000006,170.72,306.33000000000004,4.15,1726.8700000000003,145.45,79.76,2123.08,1200.18,3468.81,5320.21,8845.76,2964.55,925.3,693.5,4925.23,1627.87,6553.1,314.93,2116.42,-91.80000000000001,-81.35000000000002,106.16,135.61,3.059115862467495,0.62,3.1,-0.3,0.1,-0.33,4.705150326797385,-4.162248366013072,19.634954248366014,19.27301960784314,-9.229333333333333,-1.87,-1.84,0.0,0.7,0.46,9,2005,-0.45238095238095255,306.0,-91.8
2005-12-31,1800.0900000000001,93.13,0.0,,372.6,181.56,323.53,4.93,1618.5199999999995,134.19,172.81,2011.86,1288.38,3534.84,5274.33,8873.11,2800.63,1082.3,736.74,4942.25,1530.84,6473.09,314.93,2209.95,418.33,-126.18,-199.09,141.96999999999997,0.0,0.7,2.93,0.0,0.1,0.0,2.8009022556390977,834.6688721804511,16.805413533834585,16.805413533834585,1862.6,0.02,0.02,0.0,0.72,0.45,12,2005,inf,inf,1.33
2006-03-31,1747.64,-65.8,-0.21,0.0,257.62,11.86,145.52,3.77,1735.78,-3.55,200.69,1926.18,1479.02,3662.9,5241.26,8963.66,2984.89,1171.25,767.76,5301.28,1322.17,6623.45,314.93,2140.41,114.07,-87.08,0.9,133.66,-4.4925,0.56,3.09,-0.21,0.0,0.0,-2.92,0.52,-12.28,-12.4,1.28,-3.84,-3.77,0.0,0.69,0.41,3,2006,0.0,313.3333333333333,-65.8
2006-06-30,1808.91,-90.57000000000001,-0.2896015859819659,0.0,213.99,-3.4499999999999993,129.64000000000001,2.86,1812.3500000000001,-53.440000000000005,203.68,1824.74,1556.91,3626.89,5276.59,8979.15,3094.16,1278.97,762.02,5535.83,1179.45,6715.27,314.93,2052.8,155.22000000000003,-62.42,-89.83000000000001,133.09,-2.464592856354201,0.44,3.27,-0.5,0.0,0.0,-4.031254076868965,0.20851314190701542,-17.65411268146064,-17.81628956961054,0.5560350450853745,-4.48,-4.4,0.0,0.66,0.37,6,2006,0.0,312.74,-156.37
2006-09-30,2095.8199999999997,-14.319999999999993,-0.045303181205694515,0.0,284.25,78.45,211.65999999999997,2.67,2017.3900000000003,22.910000000000004,163.52,2167.99,1504.25,3900.36,5297.49,9282.96,3325.74,1376.87,820.5,5882.82,1156.92,7039.74,314.93,2044.32,-47.900000000000034,-294.72,302.47,133.20999999999998,-14.75061976256984,0.41,3.44,-0.54,0.0,0.0,-0.617465580877614,0.32215595524049434,-2.802085652352216,-2.7517487843458883,0.855726756107563,-3.09,-3.02,0.0,0.66,0.41,9,2006,0.0,316.09259259259255,-170.69
2006-12-31,2063.71,54.34,0.17280446927374304,0.0,374.17999999999995,139.36,279.02000000000004,2.87,1924.3399999999992,110.53999999999999,147.6,2011.55,1370.56,3569.14,5469.7,9115.57,3420.51,1219.66,696.81,5803.24,1029.05,6832.3,314.93,2080.04,265.19,-20.129999999999995,-260.98,139.66000000000003,4.153827751196172,0.43,3.28,-0.37,0.0,0.0,2.3912402234636874,-4.707754189944135,10.442994413407822,10.125407821229052,-12.75950837988827,-1.54,-1.51,0.0,0.62,0.38,12,2006,0.0,314.4594594594594,-116.35
2007-03-31,2113.24,54.08,0.17,0.0,375.04,138.71,270.37,2.33,1974.53,105.66,200.71,2068.3,1283.9,3601.18,5512.97,9186.14,3486.16,1300.18,645.39,5909.82,932.29,6842.11,314.93,2134.95,356.39,-159.7,-143.58,131.66,3.425,0.34,3.2,0.17,0.0,0.0,2.36,6.12,10.12,10.12,16.92,2.61,2.56,0.0,0.61,0.39,3,2007,0.0,318.1176470588235,54.08
2007-06-30,2071.63,60.91,0.19069136446647533,0.0,389.72999999999996,142.30999999999997,272.67999999999995,3.78,1929.32,95.43,206.62,2018.25,1614.46,3914.34,5511.68,9504.56,3268.29,1667.79,578.84,5951.94,992.46,6944.4,462.5,2345.0,216.02999999999997,-180.32,-29.789999999999992,130.36999999999998,4.955651781316697,0.75,2.96,0.36,0.0,0.0,2.563739455604835,6.441130533089834,10.382085398730325,11.081287068440735,16.759652143664667,2.8,2.75,0.0,0.66,0.39,6,2007,0.0,319.4166666666667,114.99
2007-09-30,2204.33,65.64,0.17806344461052984,0.0,329.79999999999995,143.05,284.99,3.86,2061.28,54.639999999999986,164.7,2073.97,1679.27,4025.51,5558.55,9667.6,3635.32,1479.56,591.8,6126.31,895.39,7021.7,462.5,2423.02,-116.05999999999995,-125.94,200.08,141.94000000000005,5.421101462522851,0.74,2.9,0.49,0.0,0.0,2.718192991197476,6.51203454575652,10.829164590599568,11.759455239993356,17.413878093339978,2.9,2.83,0.0,0.66,0.38,9,2007,0.0,368.63265306122446,180.63
2007-12-31,2195.2599999999993,76.80000000000001,0.19690012819018765,0.0,376.6200000000001,152.72999999999996,296.5,3.62,2042.5299999999997,102.02000000000001,190.16,1998.12,1711.32,4009.39,5774.6,9876.96,3724.09,1421.31,596.63,6280.38,886.49,7166.87,462.5,2484.24,174.73000000000002,-239.98000000000008,90.69999999999999,143.76999999999998,4.59217578125,0.67,2.88,0.66,0.0,0.0,3.1146020277356956,7.243538049178419,12.362941382123298,13.460808763547373,19.141079128306725,3.08,3.0,0.0,0.64,0.37,12,2007,0.0,390.04545454545456,257.43
2008-03-31,2351.43,110.6,0.24,0.0,328.87,190.25,330.03,3.48,2161.18,12.56,229.75,1991.57,1651.91,4071.31,5865.32,10056.55,3904.42,1397.45,589.88,6334.12,879.06,7213.19,462.5,2611.5,240.11,-346.34,145.81,139.78,3.6249999999999996,0.62,2.76,0.24,0.0,0.0,4.4,7.92,16.96,18.64,20.44,5.09,4.7,0.0,0.64,0.38,3,2008,0.0,460.8333333333333,110.6
2008-06-30,1977.3400000000006,-101.3,-0.21784946236559138,0.08,320.34000000000003,-31.72,102.35000000000002,3.06,2009.06,12.610000000000001,195.39,2056.56,1786.08,4140.37,5976.06,10261.72,4065.27,1611.85,530.35,6759.22,793.86,7553.08,462.5,2471.92,208.71999999999997,-25.090000000000032,-217.99,134.07000000000002,-3.511599210266535,0.57,3.06,0.02,0.08,4.0,-3.9212903225806444,-69.71182795698924,-16.556559139784945,-16.992258064516125,-197.37161290322578,0.22,0.21,0.0,0.61,0.35,6,2008,37.2,465.0,9.3
2008-09-30,2158.5999999999995,10.329999999999998,0.021049414161996943,0.004197656647987764,286.28,84.71000000000001,427.74,2.48,2073.8900000000003,12.96,259.03,1911.86,1804.37,4218.52,6184.66,10546.67,4440.33,1614.89,489.36,7097.92,716.54,7814.46,462.5,2490.5,159.65000000000003,-280.12999999999994,184.13,343.03,29.45450145208132,0.46,3.14,0.04,0.08,2.0,0.3999388690779419,5.072908813041264,1.6629037187977584,1.6839531329597555,14.839836984207842,0.31,0.3,0.0,0.59,0.34,9,2008,2.059999999999995,490.74999999999994,19.63
2008-12-31,1411.1000000000004,-418.8,-0.9022922564320965,-0.004584512864193184,129.69000000000005,-348.86,-418.68,0.91,1759.9499999999998,-56.34,117.59,1352.66,1375.08,3041.25,6186.89,9384.64,4460.73,866.38,466.59,6322.52,751.88,7074.4,462.5,2076.21,-5.600000000000023,-143.57000000000005,7.719999999999999,-69.82000000000005,-0.25257891595033427,0.2,3.41,-0.86,0.08,-0.09,-17.83600972016935,-4.616378986396774,-80.7026980985545,-73.48436004709774,-14.478643184608062,-5.21,-5.05,0.0,0.48,0.26,12,2008,-2.1279069767441783,464.1511627906977,-399.17
2009-03-31,1138.85,-119.38,-0.26,0.0,107.97,-50.95,90.77,0.84,1189.8,-53.36,195.04,1151.62,1231.86,2739.01,6066.52,8978.6,4393.0,676.26,456.65,6006.26,780.57,6786.83,462.5,1958.27,198.03,-24.4,-96.19,141.72,-0.8075,0.2,3.47,-0.26,0.0,0.0,-5.32,-2.16,-24.4,-20.88,-6.84,-10.82,-10.48,0.0,0.46,0.25,3,2009,0.0,459.15384615384613,-119.38
2009-06-30,1358.7400000000002,4.939999999999998,0.010791681230339037,0.0,203.84,82.85,225.99,1.44,1275.8799999999999,18.259999999999998,179.26,1242.77,1258.35,2753.64,5866.69,8821.39,3507.45,896.83,248.81,4957.59,1675.89,6633.48,462.5,1958.64,155.22,50.98,-221.97000000000003,143.14000000000001,33.35902834008099,0.34,3.39,-0.25,0.0,0.0,0.224466969591052,-0.05698007689619012,1.0083746941628797,0.8926878713736451,-0.1433135267389024,-4.78,-4.58,0.0,0.56,0.3,6,2009,0.0,457.76,-114.44
2009-09-30,1676.6099999999997,123.56,0.2709649122807018,0.0,340.98999999999995,192.29999999999998,338.22,3.14,1484.3200000000002,154.15,120.03,1490.62,1304.57,2985.02,5728.05,8949.4,3333.9,1086.44,351.69,5028.95,1606.07,6635.02,462.5,2081.14,132.57,-126.03999999999999,-65.76999999999998,145.91999999999996,2.897054062803496,0.7,3.19,0.02,0.0,0.0,5.419298245614036,124.64385964912282,23.844912280701756,21.677192982456145,309.98385964912285,0.23,0.22,0.0,0.59,0.33,9,2009,0.0,455.99999999999994,9.12
2009-12-31,1764.6100000000006,162.43,0.35979830953074904,0.0,426.3900000000001,225.13,383.3499999999999,4.16,1539.4700000000003,201.93,157.08,1560.39,1160.26,2941.93,5618.88,8807.77,3264.81,873.89,455.4,4872.33,1456.88,6329.21,462.5,2245.37,210.33999999999997,-60.239999999999995,-113.04000000000002,158.22000000000003,2.8912031336575756,0.86,2.82,0.38,0.0,0.0,7.385333721946954,18.709512095598953,28.935358787525498,30.071563975517343,43.25154415622268,2.98,2.89,0.0,0.6,0.37,12,2009,0.0,451.44736842105266,171.55
2010-03-31,1897.64,180.98,0.4,0.15,453.44,240.55,389.02,6.85,1657.09,224.86,107.72,1856.28,1257.3,3320.38,5533.7,9103.5,3195.88,1064.96,546.22,5123.37,1308.8,6432.17,463.06,2435.46,118.34,-48.63,-119.08,148.47,4.2825,1.3,2.64,0.4,0.15,0.38,7.96,10.64,29.72,32.96,24.16,9.74,9.54,0.0,0.65,0.4,3,2010,67.86749999999999,452.44999999999993,180.98
2010-06-30,1959.26,161.07000000000002,0.3484630901914925,0.003173658821809678,405.17,222.82,371.6,7.3,1736.4400000000003,181.64999999999998,123.73,1832.11,1482.2,3607.45,5433.38,9284.6,3283.94,1461.39,530.28,5585.9,1128.23,6714.13,464.54,2541.65,416.78999999999996,-272.32,-128.45,148.78,5.234700751226174,1.33,2.64,0.74,0.15,0.2,6.931590118403744,9.643951469083468,25.35304429177021,28.630480923841546,23.60131091945622,9.12,8.87,0.0,0.65,0.38,6,2010,1.46695945945946,462.22972972972974,342.05
2010-09-30,2054.8299999999995,165.13,0.35814306557829567,0.14962359437397885,362.2399999999999,210.72000000000003,360.92999999999995,8.4,1844.1100000000001,127.08000000000004,94.46,1887.08,1441.56,3586.74,5345.75,9175.43,3402.29,1208.26,492.9,5430.11,1127.75,6557.86,471.07,2626.23,53.389999999999986,-78.5,-4.150000000000006,150.20999999999998,5.866370738206262,1.51,2.5,1.1,0.3,0.27,7.201931464174455,9.689397846918254,25.14815489569778,28.065392957135533,23.44209156512481,8.86,8.58,0.0,0.66,0.4,9,2010,68.98735872235872,461.07272727272726,507.18
2010-12-31,1594.17,27.439999999999998,0.05902510194156596,0.0024613914386089723,209.42000000000007,70.49000000000001,220.8900000000001,7.7,1523.6799999999994,8.839999999999918,143.18,1530.97,1332.16,3189.19,5308.17,8752.91,3169.04,894.95,503.26,4862.93,1245.2,6108.13,471.07,2653.02,287.53999999999996,-73.09000000000003,-165.74,150.40000000000003,32.63442055393586,1.37,2.3,1.15,0.3,0.26,1.2544117316972803,1.740983876398189,4.136889753469753,4.481801653510905,3.929532004040253,7.38,7.12,5.22,0.66,0.38,12,2010,1.1442687747035905,464.8869565217392,534.62
2011-03-31,1984.53,152.17,0.33,0.0,339.06,197.69,343.26,7.85,1786.84,72.84,168.47,1808.36,1606.84,3794.47,5206.38,9261.97,3207.48,1328.89,481.09,5354.56,1198.34,6552.9,471.78,2719.31,224.63,-77.93,-121.4,145.57,5.9475,1.36,2.41,0.33,0.0,0.0,6.56,8.6,22.4,23.6,20.24,8.18,7.67,0.0,0.71,0.41,3,2011,0.0,461.12121212121207,152.17
2011-06-30,1990.1000000000001,27.650000000000006,0.059968301634968316,0.3,328.09,60.39999999999998,200.40999999999997,7.1,1929.6900000000003,84.07,222.29,1949.88,1682.98,4063.31,5113.02,9440.22,3423.18,1438.54,482.58,5611.02,1227.38,6838.4,472.22,2612.05,53.0,-104.94999999999999,105.77000000000001,140.01,29.60689150090415,1.28,2.62,0.39,0.3,0.77,1.1686130575019467,1.6975642308975645,4.231609387164943,4.293115337559783,4.145501056612169,4.67,4.52,0.0,0.72,0.42,6,2011,138.3230769230769,461.07692307692304,179.82
2011-09-30,2133.58,52.47,0.1129407206509105,0.10226209280839271,352.35,87.73000000000002,227.14,4.98,2045.8600000000001,131.32000000000002,207.86,2215.65,1584.72,4183.44,5085.31,9535.56,3377.19,1256.54,574.61,5623.31,1303.2,6926.51,472.22,2619.16,-8.029999999999973,-23.170000000000016,16.75,139.41000000000003,11.023481989708406,0.9,2.64,0.5,0.4,0.8,2.204602867105773,3.343045331266951,8.014273537388608,8.005238279736536,7.9871677644323915,3.89,3.8,0.0,0.74,0.46,9,2011,47.50892307692308,464.58,232.29
2011-12-31,1285.96,-100.26999999999998,-0.212661717921527,0.0058706256627784285,224.55999999999995,-61.06999999999999,66.31000000000006,4.78,1347.0299999999997,-196.23000000000002,535.54,1546.42,1079.74,4871.54,4235.13,9358.21,3551.07,1466.68,404.08,5423.98,1426.04,6850.02,472.22,2520.18,381.81999999999994,-88.07999999999998,33.95,127.38,-5.6187827864765145,0.9,2.72,0.28,0.4,1.43,-4.283614603847901,-9.539397061051353,-15.919248598697163,-15.493925162854108,-21.99529768216936,1.83,1.79,0.0,0.9,0.7,12,2011,2.768000000000029,471.5,132.02
2012-03-31,1639.19,179.28,0.39,0.1,256.11,222.33,335.85,5.5,1416.87,-68.37,440.51,1562.62,1104.63,4739.23,5069.76,9994.09,3601.02,1774.84,440.47,5817.38,1478.12,7295.5,464.05,2708.81,368.84,-260.77,-203.1,113.52,3.525,0.94,2.69,0.39,0.1,0.26,7.16,9.24,26.48,26.44,21.28,13.33,10.94,6.63,0.81,0.62,3,2012,45.96923076923077,459.6923076923077,179.28
2012-06-30,1602.5299999999997,77.86999999999998,0.16655065137079525,0.0016796541976398004,291.25,121.75999999999996,237.82999999999993,6.05,1480.7600000000002,28.720000000000006,348.09,1880.05,1212.6,4681.05,5055.61,9922.51,3870.83,1483.33,524.46,5892.58,1300.33,7192.91,464.05,2743.54,487.17,-242.29000000000002,-337.29999999999995,116.07000000000001,9.081321433157829,1.02,2.62,0.55,0.1,0.18,3.1372086330935245,4.300034999027804,11.34966984250437,11.628263659342794,10.344309546957025,9.01,7.93,4.75,0.79,0.59,6,2012,0.7853146853146811,467.54545454545445,257.15
2012-09-30,1977.1200000000003,242.59000000000003,0.524267018849802,0.19895763979087308,315.94999999999993,288.29,408.63,9.75,1688.83,67.74,535.66,2095.06,1287.79,5090.88,5101.54,10369.41,4125.29,1700.54,595.17,6436.9,1091.49,7528.39,469.29,2853.45,224.17000000000007,-222.46999999999997,185.85999999999996,120.34,4.650492806793354,1.6,2.64,1.08,0.3,0.28,9.359137151318688,12.329983591467563,33.99968703725938,35.455984311842165,31.223013567054867,10.84,9.58,5.74,0.79,0.59,9,2012,92.06212121212121,462.72222222222223,499.74
2012-12-31,1986.8000000000002,212.59000000000003,0.46258686283042977,-0.0020592047693250614,382.26,263.21000000000004,400.95000000000005,10.4,1723.6000000000004,142.35999999999999,397.18,2214.83,1240.2,4695.13,5237.04,10255.57,2811.81,1566.48,1392.72,5784.43,1393.9,7178.34,472.6,3063.82,567.8,-426.3800000000001,-279.88999999999993,137.74,5.620836234065571,1.6,2.34,1.55,0.3,0.19,8.29671921721674,10.899143374559547,27.755211769825785,30.453137731107777,23.91126416127357,11.0,9.89,5.67,0.81,0.6,12,2012,-0.9463440860214973,459.56774193548387,712.33
2013-03-31,2136.28,271.85,0.59,0.0,444.68,313.96,440.94,16.0,1822.33,177.27,369.27,2540.32,1419.76,5150.0,5367.46,10880.03,3249.78,1822.64,1224.51,6313.26,1194.87,7508.14,475.0,3357.8,48.27,-182.81,106.63,126.98,6.78,2.26,2.24,0.59,0.0,0.0,10.0,12.04,32.4,35.84,27.48,13.6,12.73,9.33,0.82,0.59,3,2013,0.0,460.76271186440687,271.85
2013-06-30,2237.2599999999998,197.46999999999997,0.42917284581948345,0.35,563.3299999999999,236.52000000000004,375.07,15.5,2000.73,260.95000000000005,286.03,3009.34,1371.29,5502.5,5459.3,11362.9,3697.83,1890.96,1242.24,6841.92,1108.06,7949.97,461.0,3397.91,141.38,-330.99999999999994,106.38,138.54999999999995,9.031326277409228,2.1,2.34,1.02,0.35,0.34,6.950917071507712,8.701269070144038,23.24265490496889,25.71671013381062,20.499314753260034,11.01,10.73,7.45,0.8,0.6,6,2013,161.04117647058823,460.11764705882354,469.32
2013-09-30,2572.37,327.47999999999996,0.711019578313253,0.2503498553035672,723.5999999999999,395.72,536.75,16.2,2176.6600000000003,362.98,252.1,3421.25,1459.82,5939.07,5497.07,11841.52,4083.64,1939.53,1159.78,7200.36,969.07,8169.43,469.27,3655.45,207.61999999999998,-123.59000000000003,-117.96,141.03000000000003,5.69351410773177,2.08,2.23,1.73,0.6,0.35,11.063957831325302,14.00667469879518,35.83867469879518,40.244530120481926,33.52066867469879,11.72,11.47,8.12,0.82,0.62,9,2013,115.3056443386603,460.5780346820809,796.8
2013-12-31,2539.84,376.70000000000005,0.812144013634427,0.004211796636217499,719.47,422.23,544.49,23.5,2117.5999999999995,375.3699999999999,402.09,3216.21,1345.26,5468.18,5342.75,11284.24,3219.74,2172.8,849.23,6275.43,898.39,7173.82,480.5,4090.69,1733.44,-979.07,-604.38,122.26000000000005,7.235077647995751,2.76,1.75,2.53,0.6,0.24,13.353830421815086,16.319921602045167,36.83859565402642,42.115926714955265,35.07948530038347,12.63,12.37,8.48,0.87,0.66,12,2013,1.9535744476684727,463.8339920948617,1173.5
2014-03-31,2817.8,439.43,0.89,0.5,872.28,482.01,619.62,30.75,2335.8,429.32,618.54,3298.52,1463.33,5816.54,5351.16,11778.88,2934.3,2240.84,742.9,5962.8,915.09,6877.89,549.04,4872.14,781.38,-382.1,-182.84,137.61,8.6375,3.47,1.41,0.89,0.5,0.56,14.92,17.0,36.08,42.72,33.16,15.89,15.59,14.01,0.98,0.73,3,2014,246.87078651685394,493.7415730337079,439.43
2014-06-30,2880.45,478.91,0.9178317398784764,0.026871763976672083,886.1800000000001,531.1800000000001,673.3000000000001,35.25,2349.26,469.34,325.29,3446.79,1552.53,5762.77,5742.89,12182.22,2879.65,2352.48,629.22,5886.48,1093.36,6979.84,557.93,5179.6,469.58000000000004,-686.35,-76.47,142.12,9.602195715270092,3.8,1.35,1.76,0.5,0.28,15.728298451553892,17.960298364440185,36.984447154648606,44.66085806999586,33.563437942374286,16.45,16.12,15.98,0.98,0.72,6,2014,14.0212589376915,521.7840909090909,918.34
2014-09-30,3161.4500000000007,611.14,1.1427808143944345,0.41215364045296454,952.3800000000001,674.22,820.0,40.0,2487.2299999999996,511.7700000000001,462.76,3735.68,1546.69,5822.94,7805.24,14210.33,2648.11,3580.42,435.77,6679.63,1742.76,8422.38,564.6,5764.83,1073.06,-988.1600000000001,52.56999999999999,145.77999999999997,8.75307834538731,3.92,1.46,2.86,0.9,0.31,17.19765253550226,20.697918246724374,42.40276224599211,51.896633627115094,35.81778748332766,17.82,17.26,16.12,0.87,0.64,9,2014,220.41284965034976,534.7832167832169,1529.48
2014-12-31,2828.9799999999996,580.29,1.0699403726472554,0.012568648735150107,855.8799999999997,601.1400000000001,750.5699999999997,34.25,2227.8399999999992,473.77,463.02,3631.68,1469.52,5622.33,8843.03,15159.73,2651.72,2668.82,409.65,5765.0,3006.8,8771.79,565.63,6361.94,646.5300000000002,-1870.94,1224.67,149.43000000000006,7.998576573782076,3.05,1.38,3.89,0.9,0.23,15.314724922621895,19.044388535243176,36.482491266820546,44.41490266711536,26.800768614588318,18.7,18.05,16.16,0.98,0.72,12,2014,6.816698725438982,542.357326478149,2109.77
2015-03-31,2947.64,511.14,0.9,0.7,831.82,552.84,696.42,53.0,2394.81,487.5,449.08,3624.47,1570.83,5730.43,9153.99,15551.38,2165.02,2916.49,332.43,5468.52,3143.29,8611.81,568.71,6910.57,910.34,-512.97,-410.28,143.58,14.7225,4.36,1.25,0.9,0.7,0.78,13.16,16.2,29.6,34.72,21.92,17.73,17.34,30.31,1.05,0.76,3,2015,397.5533333333333,567.9333333333333,511.14
2015-06-30,3049.28,490.14,0.8615436241610739,0.0012005965697240938,937.2999999999998,568.5299999999999,729.3000000000001,55.5,2480.7400000000002,566.4200000000001,352.34,4329.53,1757.72,6515.92,9158.79,16341.16,2907.76,2658.71,410.45,6028.04,3230.83,9258.87,570.16,7058.87,-51.39999999999998,-432.17999999999995,382.86999999999995,160.77,16.10272493573265,4.48,1.31,1.76,0.7,0.4,12.002869127516778,15.39030201342282,27.76520134228188,32.03375838926174,21.28404362416107,16.89,16.7,12.74,1.08,0.79,6,2015,0.6830303030303071,568.9090909090909,1001.28
2015-09-30,3290.8600000000006,573.4300000000001,1.008694362771558,0.49948071246596043,1057.52,641.7900000000002,845.7699999999998,56.0,2649.0699999999997,651.81,466.29,4785.34,1672.74,6988.44,9273.93,16937.8,2944.13,2549.36,525.85,6059.5,3464.04,9523.54,572.86,7389.96,674.26,-456.7600000000001,-113.71000000000001,203.97999999999996,13.881657830947105,4.34,1.29,2.77,1.2,0.43,13.546364727473632,16.488693410215216,31.04011100456592,34.870964685561155,23.611459379822318,17.06,16.95,13.0,1.15,0.88,9,2015,283.94847390876265,568.4873646209386,1574.71
2015-12-31,3264.5599999999995,665.4000000000001,1.167363209842374,0.003189838198862406,1087.06,733.72,941.3800000000001,70.0,2530.8499999999995,687.56,673.48,4539.77,1683.94,6935.89,9216.12,16830.07,2139.36,2215.3,619.0,5025.8,3704.06,8729.86,574.76,8073.33,1056.89,-405.99,-442.76,207.66000000000003,14.98961493086865,4.98,1.08,3.93,1.2,0.31,15.8143555450402,18.547114204213187,32.97132730089148,36.88036033944762,25.12949810500377,17.99,17.85,13.67,1.38,1.04,12,2015,1.8182158899882097,570.0025445292621,2240.11
2016-03-31,3567.35,751.04,1.31,1.0,1198.01,813.14,1024.28,79.0,2754.2,775.0,789.88,4809.8,1709.73,7362.36,9142.77,17166.76,1627.84,2520.79,646.69,4856.73,3432.46,8289.19,576.26,8844.98,1028.52,-186.32,-721.4,211.14,15.0775,5.15,0.94,1.31,1.0,0.76,17.48,19.88,33.96,38.12,26.44,21.28,21.05,17.32,1.52,1.16,3,2016,573.3129770992366,573.3129770992366,751.04
2016-06-30,3646.19,811.8,1.4076796089170995,0.0058622968832822584,1270.03,883.2199999999999,1102.28,83.25,2762.99,815.6600000000001,813.62,4895.05,1749.28,7548.13,9101.75,17303.8,1645.73,2384.74,712.19,4792.5,3387.34,8179.84,586.01,9089.36,758.1400000000001,-152.57999999999998,-581.1999999999999,219.06,14.785182557280118,5.37,0.9,2.71,1.0,0.37,18.762135599293593,20.943779273630057,35.71662358270841,40.22535384300376,28.1743697371452,21.99,21.67,18.75,1.57,1.21,6,2016,3.3807498380327843,576.6937269372694,1562.84
2016-09-30,3567.2200000000003,786.03,1.3552991438436355,1.0056454405327067,1264.12,879.2300000000002,1103.7400000000002,106.0,2687.9800000000005,827.1699999999998,816.52,4493.19,1981.65,7363.75,9055.74,17152.06,1400.92,2561.86,678.47,4667.1,3161.48,7828.59,586.1,9290.79,1316.74,-183.99,-1126.96,224.51000000000005,19.55075757286618,6.69,0.84,4.05,2.0,0.49,18.3249829918216,20.225748210841807,33.838975166782326,37.694048287048666,27.614638358018965,22.11,21.79,19.65,1.58,1.15,9,2016,583.2420755318664,579.9679012345679,2348.87
2016-12-31,3225.8199999999997,689.8800000000001,1.1873541423282603,0.0036316752238321004,1080.3500000000004,751.1099999999997,978.3800000000001,122.0,2474.709999999999,699.7800000000002,891.81,4079.69,2265.17,7295.68,9137.33,17327.69,1808.27,2520.14,565.13,4944.02,2356.16,7300.18,586.1,9990.23,1270.1799999999998,-509.44999999999993,-692.4900000000002,227.26999999999998,25.69071342117469,7.16,0.73,5.23,2.0,0.38,15.928253656931307,17.689987527766355,27.624713582887708,30.557909666803788,24.39184111888112,22.02,21.7,20.06,1.48,1.02,12,2016,2.1100866322026377,581.0229445506692,3038.75
2017-03-31,3602.81,662.2,1.13,1.1,922.65,706.77,932.18,104.5,2896.04,640.38,988.29,4024.63,2365.05,7436.45,9233.02,17558.0,1357.71,2843.58,505.58,4765.54,2098.59,6864.13,586.4,10652.41,1011.77,-172.4,-733.66,225.41,23.12,5.75,0.64,1.13,1.1,0.97,15.08,16.28,24.88,27.16,22.08,18.73,18.38,24.9,1.56,1.06,3,2017,644.6194690265488,586.0176991150444,662.2
2017-06-30,3743.77,672.29,1.148619472607513,-0.0013438762227751377,957.6,730.9300000000001,959.42,108.5,3012.84,650.66,747.94,4256.88,2373.04,7436.11,9225.41,17543.67,1652.02,2570.74,513.52,4778.37,2050.13,6828.5,586.4,10674.73,477.5899999999999,-314.1,-401.41999999999996,228.48999999999998,23.61643751208556,5.96,0.64,2.28,1.1,0.48,15.335077520251183,16.624755524582422,25.18902352209458,27.204145403862146,22.690272388702798,18.53,18.16,23.62,1.56,1.06,6,2017,-0.7865742897066639,585.3026315789474,1334.49
2017-09-30,3674.120000000001,612.4000000000001,1.0443158062345588,1.1020821872184277,908.6500000000001,669.9999999999998,900.4300000000003,100.0,3004.1099999999997,597.8900000000001,994.25,4054.21,2268.35,7392.71,9310.19,17586.58,1688.09,2518.37,551.73,4783.76,2125.45,6909.21,586.4,10636.52,1051.93,-317.17999999999995,-484.72,230.43000000000006,23.938735630306986,5.51,0.65,3.32,2.2,0.66,13.928404789176586,15.262109312801444,23.02527620974991,24.585458860028044,20.710166470627517,18.02,17.67,23.96,1.55,1.07,9,2017,646.2749365884594,586.4126506024097,1946.89
