,revenue,net_profit,eps,dps,gross_profit,ebit,ebitda,close_price,allowance_doubtful_accounts,expense,operating_profit,cash,account_receivable,inventory,current_asset,property_plant_equipment,total_asset,short_term_loan,account_payable,current_portion_long_term_debt,current_liability,non_current_liability,total_liability,paid_in_capital,total_equity,cash_flow_operation,cash_flow_investment,cash_flow_financing,depreciation,P/E,P/BV,D/E,EPS,DPS,DPR%,ROA%,ROAA%,ROE%,ROAE%,ROCE%,NPM%,NPMA%,CurrentRatio,QuickRatio,month,year,dividend,number_of_shares,return_old
2000-03-31,61.29,1.52,0.12,0.0,18.02,3.39,10.84,7.4,0.0,57.9,2.89,2.39,9.22,6.47,23.38,262.77,292.59,16.62,10.82,18.78,54.64,16.51,71.15,125.0,221.44,7.99,-1.43,-7.38,7.45,15.4175,4.18,0.32,0.12,0.0,0.0,2.08,0.0,2.76,0.0,5.68,2.5,2.48,0.43,0.31,3,2000,0.0,12.666666666666668,1.52
2000-06-30,57.87,-2.13,-0.17459016393442622,0.5,14.639999999999997,-1.6900000000000002,5.510000000000002,7.4,0.0,59.550000000000004,-1.96,1.85,8.12,5.8,21.13,256.03,285.6,26.93,11.71,13.06,59.23,13.3,72.54,125.0,213.06,6.720000000000001,-2.4800000000000004,-4.79,7.2,-10.5962441314554,4.34,0.34,-0.05,0.5,-10.0,-2.9331147540983604,0.0,-4.050491803278688,0.0,10.475409836065573,-0.52,-0.51,0.36,0.26,6,2000,6.1,12.2,-0.61
2000-09-30,59.47,0.030000000000000027,0.0025862068965517267,-0.025862068965517307,16.28,1.4400000000000002,8.619999999999997,5.8,0.0,58.040000000000006,0.92,7.56,8.92,6.03,28.03,249.33,303.79,2.29,12.15,20.83,43.3,47.4,90.7,125.0,213.09,6.91,-18.48,17.28,7.179999999999998,560.6666666666662,3.4,0.43,-0.05,0.5,-10.0,0.03931034482758625,-0.0,0.0558620689655173,-0.0,-0.25034482758620713,-0.33,-0.32,0.65,0.51,9,2000,-0.3000000000000007,11.599999999999998,-0.58
2000-12-31,62.95000000000002,2.11,0.16549019607843135,0.04509803921568636,19.200000000000003,4.359999999999999,11.410000000000004,7.0,0.0,58.59,3.7899999999999996,4.42,10.16,6.59,26.11,242.99,315.58,14.78,11.82,20.83,55.77,43.35,99.12,125.0,216.46,8.119999999999997,-20.92,9.669999999999998,7.050000000000001,10.57404028436019,4.04,0.46,0.12,0.5,4.17,2.6478431372549016,0.0,3.916601307189542,0.0,15.94222222222222,0.64,0.63,0.47,0.35,12,2000,0.5750000000000011,12.75,1.53
2001-03-31,56.95,-4.06,-0.32,0.0,14.11,-4.54,1.98,6.5,0.0,61.48,-5.04,11.05,11.35,5.96,34.62,348.83,393.2,34.12,23.0,20.83,85.95,35.68,121.63,125.0,211.76,13.64,-13.6,1.69,6.52,-5.0775,3.84,0.57,-0.32,0.0,0.0,-4.12,-5.28,-7.68,-7.48,-5.92,-7.22,-7.13,0.4,0.33,3,2001,0.0,12.687499999999998,-4.06
2001-06-30,61.2,-1.12,-0.08864864864864866,0.10000000000000002,17.05,-0.7400000000000002,5.66,7.1,0.0,61.95000000000001,-1.0,4.25,9.61,6.73,32.41,352.6,394.78,35.37,17.95,19.31,81.36,31.22,112.59,125.0,209.39,-9.24,1.4399999999999995,4.02,6.4,-20.026249999999997,4.24,0.54,-0.41,0.1,-0.24,-1.1329729729729734,-1.3405405405405406,-2.1362162162162166,-2.1189189189189195,-1.4529729729729732,-4.43,-4.38,0.4,0.32,6,2001,1.2634146341463417,12.634146341463415,-5.18
2001-09-30,62.0,-1.4500000000000002,-0.11591251885369534,-0.0009969466210499353,16.900000000000002,-2.8600000000000003,3.5300000000000002,4.0,0.0,64.87,-3.5200000000000005,21.55,10.02,6.03,49.7,371.72,431.95,34.16,17.01,19.0,80.53,68.01,148.54,125.0,207.94,-7.36,-12.86,37.39,6.389999999999999,-8.630431034482758,2.4,0.71,-0.53,0.1,-0.19,-1.3384615384615386,-1.9333333333333336,-2.7906485671191557,-2.7556561085972855,-2.029562594268477,-3.72,-3.68,0.62,0.54,9,2001,-0.012471237919926548,12.50943396226415,-6.63
2001-12-31,81.58000000000001,10.39,0.8289893617021277,0.00019068647129666974,35.31999999999999,12.620000000000001,24.54,5.0,0.0,68.95999999999998,11.81,6.74,25.45,7.04,48.16,419.89,477.16,28.04,11.48,14.91,84.28,99.51,183.79,125.0,219.08,16.05,-79.88000000000001,47.050000000000004,11.920000000000002,1.5081616939364773,2.85,0.84,0.3,0.1,0.33,8.732021276595745,12.490106382978725,19.01148936170213,19.122021276595746,12.60063829787234,1.45,1.44,0.57,0.49,12,2001,0.0023899371069182607,12.533333333333333,3.76
2002-03-31,83.29,10.38,0.83,0.0,35.32,11.08,20.41,7.3,0.0,72.21,9.99,9.28,8.38,6.82,58.64,420.81,488.58,28.37,12.48,19.71,90.53,92.42,182.95,125.0,229.46,-1.01,-9.97,13.53,9.33,2.2,3.98,0.8,0.83,0.0,0.0,8.48,10.04,18.08,18.84,11.12,12.64,12.46,0.65,0.57,3,2002,0.0,12.506024096385543,10.38
2002-06-30,90.59999999999998,13.729999999999999,1.0990833678971381,0.0,39.11000000000001,15.930000000000001,25.529999999999998,12.0,0.0,74.67,15.069999999999999,20.04,8.92,6.74,60.88,421.62,491.62,3.99,12.94,27.11,66.82,97.79,164.61,125.0,243.18,25.92,-10.549999999999999,-4.609999999999999,9.6,2.7305935906773486,6.17,0.68,1.93,0.0,0.0,11.16167565325591,13.872368311903774,22.573919535462462,24.25956034840315,14.487399419328082,14.05,13.87,0.91,0.81,6,2002,0.0,12.492227979274611,24.11
2002-09-30,93.19,8.399999999999999,0.6717932943709627,0.0,35.41,10.190000000000001,20.340000000000003,16.0,0.0,82.99000000000001,9.02,19.16,9.42,7.73,58.73,391.35,485.47,1.14,16.2,22.71,54.97,99.3,154.28,125.0,251.59,10.540000000000003,-6.18,-5.24,10.149999999999999,5.950491071428572,7.95,0.61,2.6,0.0,0.0,6.924638572746846,8.381913257459242,13.353183635804367,14.624423254383265,8.929683174407874,12.34,12.17,1.07,0.93,9,2002,0.0,12.503846153846153,32.51
2002-12-31,95.37,5.710000000000001,0.4571585557299844,0.0,11.22999999999999,5.68,16.64,17.5,0.0,89.70999999999998,4.859999999999999,23.24,9.92,8.3,68.76,383.38,490.18,0.0,14.61,27.08,65.46,92.98,158.45,125.0,257.3,12.739999999999995,-5.680000000000003,-2.99,10.96,9.57173380035026,8.5,0.62,3.06,0.0,0.0,4.661224489795919,5.3006488749345895,8.874254317111461,9.591365777080066,6.035688121402408,10.68,10.54,1.05,0.92,12,2002,0.0,12.490196078431373,38.22
2003-03-31,89.37,4.66,0.37,0.0,26.3,4.79,14.95,25.25,0.0,84.58,4.11,41.68,9.16,8.02,75.42,375.25,485.21,1.77,13.78,29.12,68.38,84.83,153.21,125.0,261.96,21.3,1.46,-4.26,10.16,17.06,12.05,0.58,0.37,0.0,0.0,3.8400000000000003,3.9200000000000004,7.12,7.6,4.6,5.27,5.21,1.1,0.99,3,2003,0.0,12.594594594594595,4.66
2003-06-30,105.74000000000001,14.82,1.0803080082135523,3.0,40.16,17.16,27.459999999999997,19.3,0.0,88.58,18.11,54.4,9.09,8.16,97.33,368.69,499.96,4.15,14.27,37.9,91.11,67.59,158.7,150.0,276.78,18.31,-3.26,-2.4000000000000004,10.3,4.465809716599191,10.46,0.57,1.42,3.0,2.11,11.86817248459959,13.481026694045173,21.423572895277207,22.79297741273101,16.341560574948666,10.1,9.98,1.07,0.98,6,2003,41.15492957746479,13.71830985915493,19.48
2003-09-30,103.33999999999997,7.719999999999999,0.5477794117647058,1.0798156586578291,29.970000000000013,9.850000000000001,20.450000000000003,25.25,0.0,93.48999999999998,8.48,26.96,10.27,8.63,74.42,617.26,725.45,3.7,19.28,34.8,81.93,56.11,138.04,150.0,518.28,23.0,-9.87,-40.489999999999995,10.599999999999998,11.521243523316064,7.31,0.27,1.93,4.0,2.07,4.25735294117647,5.9602941176470585,5.9602941176470585,8.026529411764706,5.60835294117647,9.23,9.11,0.91,0.8,9,2003,15.218127417353863,14.093264248704664,27.2
2003-12-31,100.62,1.1799999999999997,0.08232558139534882,0.06699602361730288,27.239999999999995,4.559999999999999,15.450000000000003,27.75,0.0,96.06,3.09,22.06,10.1,9.85,64.5,629.45,732.71,2.79,11.69,23.48,71.33,59.48,130.8,150.0,529.14,14.780000000000001,-11.290000000000001,-8.39,10.890000000000004,84.29822033898306,7.87,0.25,1.98,4.0,2.02,0.6436363636363636,0.9895701198026778,0.8914446793516559,1.2007892882311484,0.9147286821705425,7.21,7.11,0.9,0.77,12,2003,0.9602763385146744,14.333333333333332,28.38
2004-03-31,103.06,8.76,0.58,0.0,31.49,9.81,20.75,26.0,0.0,93.25,8.23,38.16,10.18,9.58,82.04,620.92,741.26,1.19,11.45,22.28,80.52,53.38,133.9,150.0,537.9,26.22,-1.92,-8.2,10.94,11.2075,7.25,0.25,0.58,0.0,0.0,4.72,6.4,6.52,8.76,5.92,8.65,8.5,1.02,0.9,3,2004,0.0,15.10344827586207,8.76
2004-06-30,98.96000000000001,3.84,0.256,1.0,25.73,2.719999999999999,13.520000000000003,27.0,0.0,96.24000000000001,3.1500000000000004,27.73,10.15,9.18,69.29,613.21,720.23,2.14,13.7,25.1,73.89,54.87,128.76,150.0,526.74,8.780000000000001,-2.5999999999999996,-16.62,10.799999999999999,26.364843750000002,7.69,0.24,0.84,1.0,1.19,2.1333333333333333,2.4990476190476185,2.91352380952381,3.827809523809524,2.364952380952381,6.35,6.24,0.94,0.81,6,2004,15.0,15.0,12.6
2004-09-30,112.17999999999998,15.92,1.0605890603085553,0.5007012622720898,37.760000000000005,18.43,29.15,24.0,0.0,93.75,15.299999999999999,25.26,10.05,9.34,71.35,606.73,715.31,3.39,14.67,9.3,51.42,62.19,113.61,150.0,535.16,9.82,-3.7300000000000004,-8.549999999999997,10.720000000000002,5.656526381909548,6.73,0.21,1.9,1.5,0.79,8.908948106591867,9.601122019635344,11.900925666199159,12.079551192145862,10.404936886395513,9.28,9.08,1.39,1.21,9,2004,7.515789473684212,15.010526315789475,28.52
2004-12-31,94.55000000000001,1.240000000000002,0.08250000000000013,0.0019736842105263245,28.989999999999995,4.789999999999999,15.289999999999992,23.5,0.0,89.75999999999999,3.6000000000000014,26.36,9.06,9.5,68.31,600.0,713.89,0.79,10.66,10.8,51.81,58.68,110.49,150.0,536.4,18.28,-15.129999999999999,-2.0600000000000023,10.5,71.21999999999989,6.57,0.21,1.98,1.5,0.76,0.6950000000000011,0.8233333333333346,0.9250000000000014,0.931666666666668,0.9000000000000015,7.43,7.28,1.32,1.14,12,2004,0.02966507177033506,15.030303030303031,29.76
2005-03-31,99.31,9.54,0.64,0.0,32.54,10.29,20.2,25.0,0.0,89.02,9.37,33.45,8.96,9.11,91.18,595.96,729.77,1.12,11.08,12.9,64.19,54.41,118.6,150.0,545.94,24.28,-1.66,-0.53,9.91,9.765,6.87,0.22,0.64,0.0,0.0,5.24,5.6,7.0,7.04,6.2,9.72,9.61,1.42,1.28,3,2005,0.0,14.906249999999998,9.54
2005-06-30,93.34,4.790000000000001,0.3208932309839498,1.5,26.950000000000003,4.010000000000002,15.16,24.1,0.0,89.33,3.7300000000000004,15.28,9.75,8.7,75.92,587.38,700.43,2.17,9.94,15.0,56.55,53.71,110.26,150.0,528.23,7.48,-3.2299999999999995,-22.36,11.149999999999999,18.77259916492693,6.84,0.21,0.96,1.5,1.56,2.7409630146545707,2.6874808094905798,3.6234193998604334,3.6367899511514317,2.9682623866015363,7.56,7.44,1.34,1.19,6,2005,22.390625,14.927083333333334,14.33
2005-09-30,96.12999999999997,6.220000000000001,0.4146666666666667,0.7572916666666667,26.020000000000003,5.439999999999998,16.270000000000003,24.5,0.0,90.69000000000003,4.3100000000000005,17.88,9.33,8.48,66.56,584.57,687.77,1.51,11.5,16.5,58.6,48.38,106.98,150.0,523.2,3.929999999999996,-5.81,-10.450000000000003,10.830000000000002,14.768247588424435,7.02,0.2,1.37,2.25,1.64,3.620009732360098,3.402082725060828,4.758072992700731,4.697537712895377,3.801615571776156,7.23,7.12,1.14,0.99,9,2005,11.359375,15.0,20.55
2005-12-31,105.79000000000002,8.7,0.58,0.0,32.75,9.760000000000002,19.35,23.9,0.0,96.02999999999997,8.52,31.3,10.08,8.11,83.72,582.74,709.4,3.01,12.77,27.07,80.11,42.95,123.06,150.0,531.9,25.810000000000002,-14.0,1.600000000000005,9.589999999999996,10.304741379310347,6.74,0.23,1.95,2.25,1.15,4.90174358974359,4.937435897435898,6.5435897435897425,6.519794871794872,5.579897435897435,7.53,7.41,1.05,0.94,12,2005,0.0,15.0,29.25
2006-03-31,113.54,11.62,0.77,0.0,37.2,15.59,24.89,24.9,0.0,97.95,14.12,31.83,10.83,7.92,100.76,580.14,723.44,1.16,15.0,24.76,80.87,46.28,127.14,150.0,543.52,23.26,0.24,-2.97,9.3,8.085,6.87,0.23,0.77,0.0,0.0,6.440000000000001,8.6,8.56,8.52,9.72,10.39,10.23,1.25,1.15,3,2006,0.0,15.09090909090909,11.62
2006-06-30,104.54,4.860000000000001,0.32439320388349524,1.0,27.730000000000004,3.030000000000001,11.589999999999996,28.0,0.0,101.51,2.910000000000002,7.74,10.44,8.51,78.92,581.7,690.9,14.73,12.9,0.8,68.31,22.9,91.21,150.0,533.39,-0.08999999999999986,5.47,-29.29,8.559999999999999,21.574897119341557,7.87,0.17,1.1,1.0,0.91,2.8192718446601948,3.161359223300972,3.645000000000001,3.6567961165048555,3.5270388349514574,7.68,7.56,1.16,1.03,6,2006,14.98181818181818,14.98181818181818,16.48
2006-09-30,113.46000000000001,0.21000000000000085,0.013966446974236126,0.0036058608856692114,28.83,6.559999999999999,15.910000000000004,27.25,0.0,106.9,4.989999999999998,7.22,10.84,7.31,54.95,577.2,662.34,0.0,14.72,0.56,44.28,14.46,58.74,150.0,533.59,-1.2900000000000027,-4.62,-14.800000000000004,9.350000000000001,487.7851190476171,7.66,0.11,1.11,1.0,0.9,0.12683043738765779,0.18772917914919188,0.1575314559616543,0.1590413421210312,0.2048412222887965,5.12,5.03,1.24,1.08,9,2006,0.05421785421785508,15.036036036036036,16.69
2006-12-31,111.73999999999995,4.859999999999999,0.3247517401392111,-0.004728162036746646,27.89,3.280000000000001,13.879999999999995,32.25,0.0,108.45999999999998,-0.9699999999999989,23.23,11.24,8.68,70.63,301.24,401.92,0.0,12.93,0.31,46.86,13.21,60.07,150.0,279.98,16.970000000000002,-0.6400000000000001,-0.3200000000000003,10.600000000000001,24.831275720164612,17.28,0.21,1.44,1.0,0.69,4.835192575406031,4.618691415313225,6.946078886310905,4.790088167053363,7.23474709976798,4.94,4.86,1.51,1.32,12,2006,-0.0707582582582571,14.965277777777779,21.55
2007-03-31,110.48,3.2,0.21,0.0,26.57,4.03,11.58,30.5,0.0,106.45,2.5,24.39,11.52,8.38,74.81,298.99,402.73,0.0,10.53,0.37,45.56,12.5,58.06,150.0,283.18,7.9,-6.67,-0.08,7.55,36.31,16.16,0.21,0.21,0.0,0.0,3.16,2.88,4.52,3.08,4.52,2.94,2.9,1.64,1.46,3,2007,0.0,15.238095238095239,3.2
2007-06-30,99.24999999999999,-4.470000000000001,-0.2815748031496063,1.0,16.97,-7.18,0.1899999999999995,27.5,0.0,106.42,-9.33,13.43,11.61,8.23,67.74,295.58,391.85,1.17,13.91,0.29,54.94,14.05,68.99,150.0,263.71,4.879999999999999,-1.92,-13.91,7.37,-24.416247203579413,15.64,0.26,-0.08,1.0,-12.5,-4.505196850393701,-8.165669291338583,-6.757795275590552,-4.505196850393701,-13.093228346456696,-0.62,-0.61,1.23,1.08,6,2007,15.875,15.875,-1.27
2007-09-30,192.04999999999998,87.19,5.81469622905028,-0.0587028631284917,32.12,90.63000000000001,95.45,31.0,0.0,101.43,8.43,12.15,11.58,7.53,217.34,163.2,407.75,0.0,11.96,0.0,43.69,13.16,56.85,150.0,350.9,0.1800000000000015,150.75,-0.9000000000000004,4.8199999999999985,1.3327996329854341,13.25,0.16,5.73,1.0,0.17,85.52575884543761,66.36668994413408,99.40796554934822,78.86879422718808,97.54076815642458,27.2,21.38,4.97,4.8,9,2007,-0.8802356020942419,14.994764397905758,85.92
2007-12-31,99.79000000000002,2.200000000000003,0.1467998184294146,-0.0005584959110967986,23.200000000000003,2.739999999999995,10.700000000000003,35.5,0.0,97.05000000000001,0.3699999999999999,50.08,11.4,8.41,223.25,158.68,413.28,0.0,11.68,0.0,47.32,12.34,59.65,150.0,353.62,12.68,-126.08,0.009999999999999787,7.960000000000001,60.482363636363566,15.06,0.17,5.88,1.0,0.17,2.1290966863368164,2.2099863822060857,2.488606445755791,2.778211529732187,2.4616432137993676,21.32,17.57,4.72,4.54,12,2007,-0.008369840082627533,14.98639455782313,88.12
2008-03-31,85.24,1.23,0.08,0.0,14.66,1.41,6.62,38.25,0.0,83.83,-7.08,13.19,9.1,7.33,215.26,157.01,397.18,0.0,8.06,0.0,31.31,11.54,42.85,150.0,354.33,3.24,-40.12,-0.01,5.21,119.53249999999998,16.19,0.12,0.08,0.0,0.0,1.24,1.4,1.4,1.56,1.56,1.6,1.44,6.88,6.64,3,2008,0.0,15.375,1.23
2008-06-30,88.05,-0.30999999999999994,-0.020217391304347822,4.15,11.280000000000001,0.8,7.680000000000001,29.75,0.0,87.25000000000001,-13.22,26.93,10.26,6.49,161.36,152.33,338.04,0.0,10.66,0.0,31.03,15.24,46.27,150.0,291.77,6.779999999999999,69.21,-62.25,6.88,-367.87387096774205,15.29,0.16,0.06,4.15,69.17,-0.3639130434782608,-0.8221739130434781,-0.43130434782608684,-0.44478260869565206,-0.9704347826086954,0.61,0.53,5.2,4.99,6,2008,63.63333333333334,15.333333333333334,0.92
2008-09-30,85.09,-2.68,-0.1827272727272727,-0.18863636363636355,16.52,-3.94,2.2399999999999984,26.5,0.0,89.03,-7.050000000000001,14.32,8.67,6.98,156.28,148.04,328.11,0.0,10.57,0.0,24.85,14.17,39.02,150.0,289.09,-10.62,-1.9899999999999984,0.0,6.18,-36.25567164179105,13.75,0.13,-0.12,4.15,-34.58,-3.2890909090909095,-2.862727272727273,-3.7154545454545453,-3.35,-3.471818181818182,-0.76,-0.68,6.29,6.01,9,2008,-2.7666666666666657,14.666666666666668,-1.76
2008-12-31,87.44,-2.05,-0.13451443569553803,0.15612423447069126,16.57,-2.07,4.07,16.3,0.0,89.50999999999999,-4.920000000000002,41.05,9.04,6.8,168.22,143.05,334.54,0.0,13.06,0.0,34.3,13.2,47.5,150.0,287.05,13.53,13.199999999999996,0.0,6.140000000000001,-30.294146341463417,8.52,0.17,-0.25,4.15,-16.6,-2.4535433070866137,-2.195275590551181,-2.86246719160105,-2.561154855643044,-2.733333333333333,-1.2,-1.1,4.9,4.71,12,2008,2.379333333333335,15.24,-3.81
2009-03-31,79.12,-7.6,-0.51,0.5,13.42,-7.6,-1.62,17.7,0.0,86.72,-10.18,44.13,11.82,6.66,171.84,138.67,333.51,0.0,13.49,0.0,41.82,12.25,54.07,150.0,279.44,6.59,-3.52,0.0,5.98,-8.6775,9.5,0.19,-0.51,0.5,-0.98,-9.12,-8.32,-10.88,-9.6,-10.44,-9.93,-9.61,4.11,3.95,3,2009,7.450980392156862,14.901960784313724,-7.6
2009-06-30,81.16999999999999,-6.450000000000001,-0.43153024911032034,0.0015002442258042737,12.83,-6.450000000000001,-0.43999999999999995,23.6,0.64,87.62,-7.41,29.25,13.41,6.36,157.62,133.92,313.42,0.0,14.45,0.0,36.64,11.29,47.93,150.0,265.5,-8.129999999999999,0.8799999999999999,-7.61,6.01,-13.67424418604651,13.33,0.18,-0.94,0.5,-0.53,-8.226619217081852,-7.914448398576512,-9.714021352313168,-9.254946619217083,-9.328398576512456,-9.02,-8.77,4.3,4.13,6,2009,0.022423863162287283,14.946808510638299,-14.05
2009-09-30,89.69,-0.6999999999999993,-0.046508474576271136,0.003461954561846378,16.97,-0.6899999999999995,2.5300000000000002,23.0,0.0,90.39000000000001,-3.9899999999999984,19.7,13.47,7.26,163.38,132.39,317.04,0.0,17.12,0.0,35.53,16.71,52.24,150.0,264.8,-12.71,-3.27,6.41,3.2200000000000006,-123.63660714285727,13.03,0.2,-0.98,0.5,-0.51,-0.8827118644067788,-0.8675254237288127,-1.057355932203389,-1.0117966101694906,-0.9947118644067787,-6.07,-5.9,4.6,4.39,9,2009,0.052105948762483756,15.051020408163266,-14.75
2009-12-31,80.52000000000001,-4.579999999999998,-0.30564924987066727,-0.002219770474149396,15.420000000000002,-4.58,0.10999999999999999,23.1,0.0,85.08999999999997,6.989999999999998,33.98,14.31,6.85,159.46,130.95,311.13,0.0,16.43,0.0,35.76,15.15,50.91,150.0,260.22,8.190000000000001,6.19,-0.09000000000000008,4.689999999999998,-18.897396288209613,13.32,0.2,-1.29,0.5,-0.39,-5.885525090532848,-5.667542679772374,-7.041779617175373,-6.691112260734607,-6.653202276254524,-6.02,-5.85,4.46,4.27,12,2009,-0.033262142066130096,14.984496124031006,-19.33
2010-03-31,83.65,-6.58,-0.44,0.0,12.43,-6.31,-1.93,24.5,0.0,89.96,-6.31,27.62,15.09,7.06,158.77,132.2,307.77,0.0,20.39,0.0,40.19,13.94,54.13,150.0,253.64,2.6,-8.96,0.0,4.38,-13.92,14.49,0.21,-0.44,0.0,0.0,-8.56,-7.879999999999999,-10.36,-9.88,-9.44,-8.19,-7.87,3.95,3.77,3,2010,0.0,14.954545454545455,-6.58
2010-06-30,81.1,-4.67,-0.31133333333333335,0.5,13.64,-4.38,1.3399999999999999,46.75,0.0,85.48,-3.3,27.47,13.29,6.06,146.87,131.35,304.42,0.0,26.48,0.0,43.24,19.7,62.95,150.0,241.47,-1.87,9.260000000000002,-7.54,5.72,-37.538142398286936,29.04,0.26,-0.75,0.5,-0.67,-6.143644444444445,-5.745137777777777,-7.737671111111111,-7.372373333333334,-6.791217777777777,-7.06,-6.83,3.4,3.26,6,2010,7.5,15.0,-11.25
2010-09-30,93.49000000000001,3.4699999999999998,0.23192802056555267,-0.0012853470437017948,20.58,3.8199999999999994,9.23,40.0,0.0,89.68,1.3599999999999994,30.48,15.79,3.42,142.98,126.15,296.19,0.0,15.37,0.0,32.76,18.5,51.25,150.0,244.94,6.98,-3.9699999999999998,0.0,5.41,43.11510086455333,24.5,0.21,-0.52,0.5,-0.96,4.692082262210796,3.9962982005141385,5.67331619537275,5.441388174807197,4.656401028277634,-3.14,-3.01,4.36,4.26,9,2010,-0.019230769230769162,14.961538461538462,-7.78
2010-12-31,88.34999999999997,2.9700000000000006,0.19758835758835766,0.002318886934271486,19.559999999999995,3.43,6.559999999999999,37.5,0.0,84.90999999999997,0.7599999999999998,33.38,13.11,6.84,144.3,124.32,294.93,0.0,16.41,0.0,32.36,14.66,47.02,150.0,247.91,11.11,-8.31,0.08999999999999986,3.130000000000001,47.44813973063972,22.69,0.19,-0.32,0.5,-1.56,4.025862785862787,2.815634095634096,4.791517671517672,4.668024948024949,3.2355093555093566,-1.45,-1.39,4.46,4.25,12,2010,0.034855769230768274,15.031249999999998,-4.81
2011-03-31,83.4,-5.62,-0.37,0.5,14.54,-5.36,-0.78,37.0,0.0,88.76,-9.44,38.68,13.25,6.57,145.7,125.06,296.43,0.0,15.39,0.0,33.09,21.05,54.14,150.0,242.29,9.87,-4.57,0.0,4.58,-25.0,22.91,0.22,-0.37,0.5,-1.35,-7.6,-7.08,-9.28,-9.08,-8.16,-7.09,-6.74,4.4,4.2,3,2011,7.594594594594595,15.18918918918919,-5.62
2011-06-30,32.41999999999999,-1.21,-0.08149341142020498,-0.011495389972695993,10.150000000000002,3.2300000000000004,7.42,34.0,0.0,29.189999999999998,3.4299999999999997,26.87,17.13,6.03,154.07,118.61,292.06,0.0,18.23,0.0,38.94,19.54,58.48,150.0,233.59,3.870000000000001,-7.969999999999999,-7.7,4.1899999999999995,-104.29861570247934,21.83,0.25,-0.46,0.5,-1.09,-1.658213762811127,-0.5031332357247437,-2.0692240117130307,-2.0408784773060025,-0.5952562225475841,-6.1,-5.9,3.96,3.8,6,2011,-0.17068155111633398,14.847826086956522,-6.83
2011-09-30,70.04000000000002,4.32,0.292589641434263,-0.002814827645938072,19.219999999999995,5.9,9.79,32.0,0.0,64.14,3.6199999999999997,24.72,18.07,6.36,159.1,119.52,297.86,0.0,18.71,0.0,40.05,19.9,59.95,150.0,237.9,10.069999999999999,-10.57,-1.6599999999999993,3.8900000000000006,27.34273148148148,20.18,0.25,-0.17,0.5,-2.94,5.782948207171316,-8.743266932270917,7.2975298804780895,7.159840637450201,-10.051314741035858,-1.4,-1.35,3.97,3.81,9,2011,-0.041560102301791524,14.764705882352938,-2.51
2011-12-31,110.01999999999998,37.519999999999996,2.4970465581262498,0.008686593746324614,19.300000000000004,38.05,26.990000000000002,32.5,0.0,71.97,1.83,39.65,20.27,5.69,177.49,117.48,312.95,0.0,18.34,0.0,34.0,3.53,37.53,150.0,275.42,-3.139999999999997,17.98,0.09999999999999964,-11.06,3.2541944296375265,17.7,0.14,2.33,0.5,0.21,47.9690145672665,58.98602684947158,54.484912882033704,57.357052270779775,64.25876035418452,13.81,11.83,5.22,5.05,12,2011,0.13052259530421662,15.025751072961372,35.01
2012-03-31,71.31,0.01,0.0,,17.08,0.85,5.41,40.0,0.0,70.46,-1.62,30.34,23.73,5.31,180.2,114.09,312.05,0.0,17.43,0.0,32.09,4.53,36.62,150.0,275.43,-0.88,-8.03,0.0,4.56,0.0,21.78,0.13,0.0,0.0,0.0,0.0,1.12,0.0,0.0,1.2,0.01,0.01,5.62,5.45,3,2012,,inf,0.01
2012-06-30,70.13999999999999,-1.17,-0.0806896551724138,,15.060000000000002,-1.01,3.51,40.0,0.0,71.15000000000002,-3.6100000000000003,21.96,21.04,5.58,135.5,113.61,281.45,0.0,17.44,0.0,31.91,5.29,37.2,150.0,244.26,4.62,16.88,-30.06,4.5200000000000005,-123.93162393162395,24.56,0.15,-0.08,2.0,-25.0,-1.6541379310344826,-0.24206896551724136,-1.8962068965517243,-1.976896551724138,-0.24206896551724136,-0.85,-0.82,4.25,4.07,6,2012,,14.499999999999998,-1.16
2012-09-30,79.11000000000001,4.3,0.28757961783439484,0.06050955414012788,19.83,6.24,10.83,45.25,0.0,72.85999999999999,3.6400000000000006,36.38,20.66,5.49,139.36,115.3,286.87,0.0,16.13,0.0,31.95,6.36,38.31,150.0,248.56,9.629999999999999,4.58,-0.010000000000001563,4.59,39.33762790697675,27.31,0.15,0.21,2.0,9.52,5.970700636942675,11.393630573248407,6.901910828025477,7.0662420382165605,13.09171974522293,1.48,1.42,4.36,4.19,9,2012,0.9047619047619122,14.952380952380954,3.14
2012-12-31,83.86000000000001,10.139999999999999,0.6795632530120481,-0.004159495123350921,20.590000000000003,13.749999999999998,18.39,46.5,0.0,70.11999999999998,11.31,33.11,25.26,6.11,150.78,112.76,305.66,0.0,20.21,0.0,39.8,8.85,48.65,150.0,257.0,9.78,-12.85,-0.21000000000000085,4.639999999999999,17.107495069033533,27.14,0.19,0.89,2.0,2.25,13.255301204819276,19.577530120481924,15.790301204819276,15.240542168674697,22.784457831325298,4.51,4.36,3.79,3.63,12,2012,-0.06206527554842722,14.92134831460674,13.28
2013-03-31,79.75,-1.94,-0.13,0.0,21.28,-1.61,2.72,63.5,0.0,81.36,-3.87,23.64,30.82,5.44,157.44,111.81,309.13,0.0,24.74,0.0,42.41,9.82,52.23,150.0,256.9,2.63,-12.1,0.0,4.33,-122.115,37.08,0.2,-0.13,0.0,0.0,-2.52,-2.08,-3.04,-2.92,-2.4,-2.5,-2.43,3.71,3.58,3,2013,0.0,14.923076923076922,-1.94
2013-06-30,79.91,-17.11,-1.1406666666666667,0.0,15.649999999999999,-16.37,-11.940000000000001,81.0,0.0,96.29,-17.82,22.12,32.7,5.26,136.7,117.41,292.95,0.0,26.85,0.55,43.82,9.34,53.16,150.0,239.79,-16.04,14.69,-0.16,4.43,-17.75290765634132,50.67,0.22,-1.27,0.0,0.0,-23.352230971128606,-22.489994750656166,-28.525648293963254,-28.27416272965879,-25.938939632545928,-12.21,-11.93,3.12,3.0,6,2013,0.0,15.0,-19.05
2013-09-30,83.86000000000001,-19.56,-1.3019735819735818,0.0,15.799999999999997,-19.319999999999997,-15.15,81.5,0.0,103.16999999999999,-19.99,63.37,33.18,5.44,120.64,119.32,288.46,0.0,35.44,0.56,57.84,10.38,68.22,150.0,220.23,-9.129999999999999,50.510000000000005,-0.13999999999999999,4.17,-15.6483013803681,55.51,0.31,-2.57,0.0,0.0,-27.113473193473194,-26.282641802641802,-35.523108003108,-33.37510489510489,-32.76717948717949,-16.15,-15.85,2.09,1.99,9,2013,0.0,15.023346303501945,-38.61
2013-12-31,84.67999999999998,-21.67,-1.3912226277372264,0.0,15.390000000000008,-21.370000000000005,-17.179999999999996,78.5,0.0,106.04000000000002,-22.639999999999993,291.26,27.62,5.17,334.24,296.2,680.18,0.0,86.85,3.63,110.91,21.18,132.09,193.84,548.09,18.07,-137.96,347.79,4.190000000000001,-14.103350253807108,27.76,0.24,-3.87,0.0,0.0,-12.740291970802918,-17.11167883211679,-15.817518248175183,-21.526204379562046,-14.825328467153286,-18.69,-18.37,3.01,2.97,12,2013,0.0,15.576227390180879,-60.28
2014-03-31,95.11,-2.2,-0.11000000000000001,0.0,19.12,-2.32,4.1,81.0,0.0,97.43,-4.04,215.5,33.64,5.68,263.02,368.57,668.55,0.0,74.6,3.67,101.38,21.28,122.66,193.84,545.89,3.6,-78.47,-0.89,6.42,-184.09,28.76,0.22,-0.11,0.0,0.0,-1.32,-1.88,-1.6,-2.2,-1.64,-2.36,-2.31,2.59,2.54,3,2014,0.0,20.0,-2.2
2014-06-30,79.77,-15.45,-0.7965722379603399,0.0,4.869999999999997,-15.64,-8.58,88.0,0.0,95.4,-18.09,147.44,30.06,4.14,191.75,400.19,631.75,0.0,49.42,3.72,79.8,21.51,101.31,193.84,530.44,-6.470000000000001,-60.69,-0.9,7.0600000000000005,-27.61739482200647,32.16,0.19,-0.91,0.0,0.0,-9.768951841359772,-13.585495750708215,-11.65971671388102,-16.036487252124644,-11.379603399433428,-10.34,-10.09,2.4,2.35,6,2014,0.0,19.395604395604394,-17.65
2014-09-30,89.63999999999999,-11.73,-0.6068618107556162,0.0,11.330000000000002,-12.279999999999998,-2.6399999999999997,90.0,0.0,101.92999999999998,-14.66,83.62,32.05,3.4,126.85,469.26,633.84,0.0,49.43,5.09,76.53,38.59,115.12,193.84,518.71,-1.54,-61.370000000000005,-0.9199999999999999,9.64,-37.075656436487634,33.63,0.22,-1.52,0.0,0.0,-7.410102110279102,-10.47635125936011,-9.039046970728387,-12.696187882913549,-8.671735874744725,-11.39,-11.11,1.66,1.61,9,2014,0.0,19.32894736842105,-29.38
2014-12-31,90.08000000000004,-3.099999999999998,-0.1603448275862068,0.0,16.9,-3.0599999999999987,5.68,80.5,0.0,93.15000000000003,-5.310000000000002,32.48,32.68,3.32,76.85,528.81,645.62,0.0,63.36,10.16,89.86,40.15,130.02,193.84,515.61,9.379999999999999,-59.23999999999998,-1.27,8.739999999999998,-125.51948387096782,30.26,0.25,-1.68,0.0,0.0,-1.920320197044334,-1.9165024630541858,-2.4051724137931023,-2.3326354679802943,-2.2868226600985206,-9.39,-9.16,0.86,0.82,12,2014,0.0,19.333333333333332,-32.48
2015-03-31,86.99,-7.48,-0.39,0.0,11.68,-6.85,1.97,91.75,0.0,93.84,-8.27,38.17,29.01,2.7,78.46,565.08,683.56,35.0,65.93,11.12,131.77,43.66,175.43,193.84,508.13,10.17,-36.26,31.78,8.82,-58.815,35.0,0.35,-0.39,0.0,0.0,-4.36,-4.04,-5.88,-5.68,-4.96,-8.74,-8.6,0.6,0.57,3,2015,0.0,19.17948717948718,-7.48
2015-06-30,97.42,-5.029999999999999,-0.2613509192645883,0.0,17.46,-4.220000000000001,4.430000000000001,88.0,0.0,101.63999999999999,-5.73,31.97,24.06,3.17,69.55,604.49,689.31,52.8,54.65,11.27,145.41,40.81,186.22,193.84,503.1,6.470000000000001,-26.68,14.0,8.649999999999999,-84.17513916500994,33.91,0.37,-0.65,0.0,0.0,-2.9110471622701835,-2.7019664268585126,-4.0047002398081535,-3.892118305355715,-3.2809592326139088,-6.89,-6.78,0.48,0.46,6,2015,0.0,19.246153846153845,-12.51
2015-09-30,125.88000000000002,-10.65,-0.5518134715025906,0.0,27.769999999999996,-10.059999999999999,8.23,84.0,0.0,135.94000000000003,-11.75,37.09,27.1,3.14,74.13,596.32,685.02,50.0,55.86,11.74,151.81,40.77,192.58,193.84,492.44,20.659999999999997,-10.969999999999999,-4.560000000000002,18.29,-38.056338028169016,33.07,0.39,-1.2,0.0,0.0,-6.217098445595855,-5.886010362694301,-8.645077720207254,-8.424352331606217,-7.283937823834197,-7.58,-7.46,0.49,0.47,9,2015,0.0,19.3,-23.16
2015-12-31,140.08999999999997,-20.49,-1.0561855670103093,0.0,19.67,-19.669999999999998,15.24,80.5,0.0,159.76,-22.450000000000003,47.93,26.88,3.18,84.54,557.67,656.47,50.0,44.44,13.49,146.87,34.53,181.4,193.84,475.07,19.32,-5.6000000000000085,-2.8900000000000006,34.910000000000004,-19.05560029282577,32.85,0.38,-2.25,0.0,0.0,-12.486460481099657,-11.772948453608246,-17.25572508591065,-16.542213058419243,-15.040082474226804,-9.85,-9.69,0.58,0.55,12,2015,0.0,19.4,-43.65
2016-03-31,141.42,-7.07,-0.36,0.0,32.26,-6.46,11.71,107.0,0.0,147.88,-8.73,38.85,33.86,3.86,83.74,546.65,644.7,50.0,41.5,12.75,144.73,31.97,176.7,193.84,468.0,3.12,-8.19,-4.0,18.17,-74.305,44.32,0.38,-0.36,0.0,0.0,-4.4,-3.88,-6.04,-5.8,-5.16,-5.08,-5.0,0.58,0.55,3,2016,0.0,19.63888888888889,-7.07
2016-06-30,146.1,-8.35,-0.43320363164721143,0.0,34.93,-7.71,10.39,114.5,0.0,153.8,-10.68,37.37,37.63,3.88,87.84,533.52,635.68,50.0,39.22,13.41,147.22,28.81,176.03,193.84,459.65,9.21,-7.57,-3.1399999999999997,18.1,-66.07977844311377,48.29,0.38,-0.8,0.0,0.0,-5.2634241245136195,-4.6352788586251625,-7.256160830090791,-6.931258106355383,-6.281452658884565,-5.46,-5.36,0.6,0.57,6,2016,0.0,19.275,-15.42
2016-09-30,161.15000000000003,-5.409999999999998,-0.2779020643302928,0.0,42.03,-4.720000000000001,13.399999999999999,101.0,0.0,165.88,-6.75,54.42,36.24,3.99,104.1,520.52,638.59,50.0,43.58,13.37,158.42,25.93,184.35,193.84,454.24,26.89,-5.4300000000000015,-4.39,18.119999999999997,-90.85691774491684,43.1,0.41,-1.07,0.0,0.0,-3.3867690830532875,-2.960825732117138,-4.768487758041285,-4.571099375900143,-4.082822851656265,-4.72,-4.64,0.66,0.63,9,2016,0.0,19.467289719626166,-20.83
2016-12-31,177.79000000000002,-3.6800000000000033,-0.18917992656058769,0.0,50.110000000000014,-3.8200000000000003,15.369999999999997,94.25,0.0,181.60999999999996,-6.690000000000001,54.59,40.13,4.43,99.67,506.57,630.25,50.0,43.68,14.18,158.97,20.71,179.69,193.84,450.56,9.079999999999998,-5.68,-3.24,19.189999999999998,-124.54809782608685,40.55,0.4,-1.26,0.0,0.0,-2.3362219502244,-2.1200163198694426,-3.267107303141578,-3.183027335781316,-2.8947531619747067,-3.98,-3.91,0.63,0.6,12,2016,0.0,19.452380952380953,-24.51
2017-03-31,150.24,-9.32,-0.48,0.0,37.28,-7.2,10.32,110.5,0.0,157.44,-9.3,43.74,35.66,4.1,83.94,493.18,601.11,50.0,35.08,12.23,140.91,18.97,159.87,193.84,441.23,-2.76,-3.86,-4.23,17.52,-57.5525,48.54,0.36,-0.48,0.0,0.0,-6.2,-4.64,-8.44,-8.2,-6.24,-6.29,-6.2,0.6,0.57,3,2017,0.0,19.416666666666668,-9.32
2017-06-30,155.53999999999996,-18.54,-0.9582770997846375,0.0,35.5,-18.16,-0.370000000000001,98.0,0.0,173.7,-20.759999999999998,44.79,33.91,3.97,84.54,477.4,582.42,50.0,35.35,11.12,142.71,17.01,159.72,193.84,422.7,7.95,-3.4600000000000004,-3.4399999999999995,17.790000000000003,-25.56838727076591,44.94,0.38,-1.44,0.0,0.0,-12.7237903804738,-11.073424264178033,-17.541794687724337,-16.796468054558506,-15.35905240488155,-9.25,-9.11,0.59,0.56,6,2017,0.0,19.34722222222222,-27.86
2017-09-30,189.70000000000005,5.91,0.304250569476082,0.0,61.03999999999999,6.32,24.400000000000002,90.75,0.0,183.38,4.279999999999998,61.76,45.56,3.97,113.11,463.78,595.81,50.0,40.87,10.05,151.73,15.47,167.2,193.84,428.6,23.47,-3.4399999999999995,-3.0600000000000005,18.08,74.56871827411167,41.04,0.39,-1.13,0.0,0.0,3.963334851936219,3.3171389521640093,5.514205011389522,5.3526560364464695,4.6203006833712985,-4.49,-4.43,0.75,0.72,9,2017,0.0,19.424778761061948,-21.95
