,revenue,net_profit,eps,dps,gross_profit,ebit,ebitda,close_price,allowance_doubtful_accounts,expense,operating_profit,cash,account_receivable,inventory,current_asset,property_plant_equipment,total_asset,short_term_loan,account_payable,current_portion_long_term_debt,current_liability,non_current_liability,total_liability,paid_in_capital,total_equity,cash_flow_operation,cash_flow_investment,cash_flow_financing,depreciation,P/E,P/BV,D/E,EPS,DPS,DPR%,ROA%,ROAA%,ROE%,ROAE%,ROCE%,NPM%,NPMA%,CurrentRatio,QuickRatio,month,year,dividend,number_of_shares,return_old
2009-06-30,,,,,,,,,0.0,,,21.88,56.23,6.49,120.23,290.23,420.93,8.24,16.94,24.38,79.94,60.16,140.11,160.0,280.82,,,,,,0.0,0.5,0.38,0.0,0.0,,,,,,23.99,23.78,1.5,1.42,6,2009,,160.18421052631578,60.87
2009-09-30,163.6,39.339999999999996,0.24732262249276518,0.0,80.38999999999999,55.17,64.71000000000001,,0.0,108.42999999999998,56.42,37.81,54.9,8.53,122.48,289.08,424.89,16.0,25.09,23.21,91.59,56.35,147.94,160.0,276.95,48.89,9.13,-42.08999999999999,9.54,0.0,0.0,0.53,0.63,0.0,0.0,37.02772976748827,0.0,56.81353956690949,0.0,67.31886238898313,24.14,23.89,1.34,1.24,9,2009,0.0,159.06349206349205,100.21
2009-12-31,173.76,37.230000000000004,0.22212310826542492,0.19999999999999998,81.28999999999999,53.370000000000005,44.25,5.3,0.0,120.38999999999999,55.53999999999999,68.06,61.36,7.85,272.68,311.93,598.16,0.0,37.23,23.32,99.35,52.05,151.4,200.0,446.76,-11.709999999999994,-86.87,136.54,-9.119999999999997,5.96200913242009,2.37,0.34,0.82,0.2,0.24,24.89945867287544,0.0,33.32930151338767,0.0,42.62596623981375,23.43,23.17,2.74,2.67,12,2009,33.5219512195122,167.609756097561,137.44
2010-03-31,164.3,36.85,0.18,0.25,72.41,47.27,58.07,5.5,0.0,117.03,46.19,33.14,79.52,8.8,274.91,404.69,689.31,0.0,25.32,44.65,112.41,93.14,205.54,200.0,483.76,6.43,-35.37,-5.99,10.8,7.64,2.27,0.42,0.18,0.25,1.39,21.4,0.0,30.480000000000004,0.0,32.76,22.84,22.43,2.45,2.37,3,2010,51.18055555555556,204.72222222222223,36.85
2010-06-30,212.11,46.93,0.23526617331105276,-0.006574759290204505,85.81,59.809999999999995,75.4,16.5,0.0,152.29999999999998,59.35000000000001,25.36,148.1,9.2,249.03,565.18,849.03,0.0,59.49,96.15,181.5,187.14,368.64,200.0,480.39,-49.67,106.88999999999999,-64.99000000000001,15.59,17.53524504581291,6.87,0.77,0.42,0.25,0.6,22.115020291238956,37.77702554308904,39.076591071854864,49.31627118644068,35.93970876104082,22.7,22.26,1.37,1.32,6,2010,-1.3115079365079367,199.47619047619048,83.78
2010-09-30,248.42000000000002,60.150000000000006,0.3008962690196623,0.25053349346408477,99.45000000000002,75.35000000000001,92.43,20.7,0.0,173.06,74.05999999999999,59.19,120.88,8.96,241.45,559.71,855.97,10.06,70.44,97.52,203.2,162.24,365.44,200.0,490.53,106.31,-8.999999999999993,-63.480000000000004,17.08,17.19861803823774,8.44,0.74,0.72,0.5,0.69,28.100368234558466,47.62519280205655,49.04609185020497,62.70343917181963,46.72250399499757,23.49,23.04,1.19,1.14,9,2010,50.08234126984128,199.9027777777778,143.93
2010-12-31,252.51999999999998,50.44999999999999,0.251756867990534,0.0012200472156485387,93.60999999999996,63.91,80.89000000000001,16.7,0.0,188.62,66.73000000000002,44.5,96.2,11.87,293.55,677.98,983.24,0.0,75.49,113.9,218.9,223.22,442.12,200.0,541.12,136.16,-218.16,67.31,16.980000000000004,16.586836471754214,6.17,0.82,0.97,0.5,0.52,20.524673320300437,32.33907809445415,37.291161642144246,40.85209383681448,33.4603045580821,22.6,22.16,1.34,1.29,12,2010,0.24448739977088962,200.39175257731958,194.38
2011-03-31,248.08,50.33,0.25,0.35,91.17,64.27,84.68,15.1,0.0,183.81,64.64,26.25,112.73,13.47,311.53,755.72,1080.68,0.0,67.28,127.21,229.82,263.07,492.89,200.0,587.79,53.45,-121.08,49.38,20.41,15.1,5.14,0.84,0.25,0.35,1.4,18.64,29.040000000000003,34.24,37.56,30.199999999999996,20.57,20.29,1.36,1.3,3,2011,70.46199999999999,201.32,50.33
2011-06-30,236.25999999999996,46.07000000000001,0.2293941908713693,-0.0008481327800829095,84.27,58.8,79.72,13.7,0.0,177.45999999999998,57.129999999999995,39.75,101.99,12.39,230.56,751.55,995.09,0.0,39.97,130.15,198.03,233.48,431.51,200.0,563.59,54.959999999999994,60.05,-101.52000000000001,20.919999999999998,14.929759062296503,4.86,0.77,0.48,0.35,0.73,18.52358091286307,25.520103734439836,32.68867219917013,35.30758921161826,29.515385892116186,20.25,19.9,1.16,1.1,6,2011,-0.17033333333331768,200.83333333333334,96.4
2011-09-30,250.58999999999997,49.29999999999998,0.24700754975978031,0.24781800503317308,89.42000000000002,62.91,84.44999999999999,10.0,0.0,187.68000000000006,64.36999999999999,56.9,109.44,13.52,257.12,759.54,1029.11,26.92,53.65,138.71,251.58,214.68,466.26,200.0,562.85,74.57,1.490000000000002,-58.91,21.54,10.12216024340771,3.55,0.83,0.73,0.6,0.82,19.16507892930679,26.70388469457789,35.04123541523678,37.436870281400125,32.37490734385723,20.21,19.83,1.02,0.97,9,2011,49.461757990867554,199.5890410958904,145.7
2011-12-31,272.95000000000005,55.53,0.2787124186254535,-0.0010582860612710983,107.69,69.97,92.69000000000003,12.8,0.0,202.9799999999999,82.60000000000002,87.29,130.57,40.83,327.29,791.31,1128.85,79.45,41.7,153.82,298.09,212.4,510.49,200.0,618.37,-2.1599999999999966,15.519999999999996,17.039999999999992,22.720000000000006,11.478408517918242,4.14,0.83,1.01,0.6,0.59,19.68096009541321,26.75639218804353,35.918028127018836,38.31329920985937,34.008434130099886,20.09,19.97,1.1,0.96,12,2011,-0.2108504001084981,199.23762376237622,201.23
2012-03-31,283.33,48.73,0.24,0.25,89.09,60.94,84.67,10.7,0.0,222.4,63.28,20.6,229.0,43.28,315.03,783.4,1109.0,22.61,63.9,154.78,256.67,185.2,441.87,200.0,667.13,40.74,-12.28,-95.15,23.73,11.145,3.21,0.66,0.24,0.25,1.04,17.56,22.28,29.199999999999996,31.080000000000002,28.6,17.27,17.2,1.23,1.06,3,2012,50.760416666666664,203.04166666666666,48.73
2012-06-30,228.78000000000003,31.95000000000001,0.14652330193356475,0.01721177284746325,71.85999999999999,39.150000000000006,63.3,11.4,0.0,189.61999999999998,34.849999999999994,41.44,185.71,39.91,289.44,754.89,1061.9,52.0,57.12,140.96,253.54,159.22,412.76,220.0,649.14,84.22,-2.960000000000001,-60.41999999999999,24.150000000000002,19.450319248826286,3.86,0.64,0.37,0.25,0.68,12.038671294000993,15.412667327714432,19.68956370847794,21.08351512146753,19.61036192364899,15.82,15.75,1.14,0.98,6,2012,3.7530968468468515,218.05405405405406,80.68
2012-09-30,246.12,35.209999999999994,0.16102597290534124,0.2506932249360414,79.26000000000002,43.46000000000001,68.25999999999999,9.9,0.0,202.65999999999997,55.49000000000001,70.58,184.0,34.9,291.81,775.14,1084.4,110.04,58.0,119.28,294.96,160.16,455.11,220.0,629.28,73.94000000000001,-7.5600000000000005,-37.24000000000001,24.800000000000004,15.370812269241695,3.46,0.72,0.53,0.5,0.94,12.991453964966777,16.50364310984554,22.385648459746307,23.62524462852705,22.093978772974367,15.34,15.28,0.99,0.87,9,2012,54.816675165731766,218.66037735849056,115.89
2012-12-31,219.65999999999997,21.230000000000004,0.09599329054842476,0.005654047687193143,64.30999999999997,27.50999999999999,53.04999999999998,10.1,0.0,192.1500000000001,31.349999999999994,45.5,147.99,23.66,219.49,769.07,1007.56,70.0,41.01,95.37,208.64,148.4,357.04,220.0,650.52,73.87999999999997,-19.279999999999998,-79.68,25.539999999999992,26.3034008478568,3.42,0.55,0.62,0.5,0.81,8.428830221703619,9.91517794632439,13.055087514585765,13.383322637106184,13.259460326721122,14.08,14.02,1.05,0.94,12,2012,1.2504564820450383,221.16129032258064,137.12
2013-03-31,245.63,32.29,0.15,0.25,76.87,44.58,70.85,8.8,0.0,201.05,46.83,24.62,169.29,24.37,220.84,890.34,1131.44,54.76,61.99,110.32,229.61,263.05,492.66,220.0,638.78,61.0,-28.75,-53.13,26.27,14.6675,3.03,0.77,0.15,0.25,1.67,11.4,15.92,20.2,19.8,19.76,13.2,13.15,0.96,0.86,3,2013,53.81666666666667,215.26666666666668,32.29
2013-06-30,284.75,41.14000000000001,0.18488628625902223,0.008143810431703664,90.63,56.7,85.88,6.7,0.0,228.05,59.97,21.9,200.04,33.13,259.62,871.97,1151.7,22.33,53.54,124.15,207.98,318.78,526.76,220.0,624.93,29.900000000000006,-4.049999999999997,-28.57,29.180000000000003,9.058270539620807,2.36,0.84,0.33,0.25,0.76,14.297872804031051,20.505569930546102,26.332289255072862,25.839259158382134,24.046422443143133,13.89,13.84,1.25,1.09,6,2013,1.8121212121212125,222.51515151515153,73.43
2013-09-30,268.39,33.83,0.1545468953943688,0.24586886014724912,80.47,47.81,77.4,7.55,0.0,220.57999999999993,50.14,42.06,151.47,35.15,233.67,845.42,1099.18,25.18,45.83,123.2,205.96,289.45,495.41,220.0,603.77,105.22999999999999,-2.8300000000000054,-82.24,29.590000000000003,12.214577298255987,2.75,0.82,0.49,0.5,1.02,12.313287339175833,17.2335558456088,22.418761887003537,21.951967182547076,21.056225992914413,13.48,13.43,1.13,0.96,9,2013,53.820191713048864,218.8979591836735,107.26
2013-12-31,213.94000000000005,10.159999999999997,0.04585930846533809,0.005978886189120433,50.099999999999994,18.659999999999997,48.19999999999999,6.95,0.0,195.2800000000001,19.72,37.24,133.37,31.76,220.33,817.62,1061.32,10.97,41.08,120.05,179.64,267.71,447.36,220.0,613.96,57.49000000000001,-16.61,-45.69999999999999,29.539999999999992,37.87835137795277,2.49,0.73,0.53,0.5,0.94,3.827954351899164,5.613871572134217,6.6210458184295655,6.427225344915685,6.586435019587802,11.66,11.59,1.23,1.05,12,2013,1.324605313823625,221.54716981132074,117.42
2014-03-31,213.97,20.21,0.09,0.1,65.53,29.3,57.96,6.3,0.0,184.67,31.4,60.85,123.32,19.93,221.89,789.91,1036.66,0.17,36.16,114.06,160.02,242.41,402.43,220.0,634.23,68.23,-2.58,-42.04,28.66,17.5,2.19,0.63,0.09,0.1,1.11,7.8,10.8,12.76,12.72,13.360000000000001,9.49,9.45,1.39,1.26,3,2014,22.45555555555556,224.55555555555557,20.21
2014-06-30,214.86999999999998,24.0,0.10857272110382267,-0.0015858654401970543,67.07,34.42999999999999,63.23,6.75,0.0,180.44000000000003,36.03000000000001,59.67,136.41,28.78,248.52,789.25,1059.82,53.42,36.91,106.76,204.24,219.42,423.65,220.0,636.17,31.08,-32.17,-0.09000000000000341,28.8,15.542578125,2.33,0.67,0.2,0.1,0.5,9.05496494005881,12.50757747116037,15.091608233431351,15.221895498755936,16.177335444469577,10.37,10.31,1.22,1.08,6,2014,-0.35055555555555884,221.04999999999998,44.21
2014-09-30,212.46999999999997,22.199999999999996,0.10028610149073933,0.1001430507453697,63.09,31.56000000000001,60.30000000000001,7.8,0.0,180.89999999999998,33.83999999999999,58.39,115.68,21.8,232.18,762.63,1014.56,12.53,46.38,101.13,182.6,195.53,378.13,220.0,636.43,87.68,-12.950000000000003,-76.00999999999999,28.740000000000002,19.444369369369372,2.7,0.59,0.3,0.2,0.67,8.758319530191235,12.061075139286249,13.94645384731215,14.320855292877576,15.310344827586205,10.41,10.36,1.27,1.15,9,2014,22.16833333333334,221.36666666666667,66.41
2014-12-31,230.96000000000004,33.620000000000005,0.016804958512446268,0.17786997234163088,74.98000000000002,45.019999999999996,73.51999999999998,13.1,0.0,185.95000000000005,45.69000000000001,60.09,131.62,38.6,279.68,735.95,1035.12,35.02,50.58,97.46,193.72,171.1,364.81,220.0,670.31,37.5,-13.599999999999994,-22.200000000000003,28.5,194.88295657346816,4.3,0.54,0.05,0.2,4.0,12.986871938418476,18.001471558532444,20.058398480455867,20.945700289913027,22.4245366390083,11.55,11.47,1.44,1.24,12,2014,355.8466666666667,2000.6,100.03
2015-03-31,222.91,39.68,0.02,0.0,80.3,52.44,80.08,1.02,0.0,170.46,52.64,59.95,145.2,27.04,693.18,708.89,1421.4,7.72,36.82,95.55,159.14,151.75,310.89,270.0,1110.51,62.5,-410.13,347.49,27.64,12.75,2.48,0.28,0.02,0.0,0.0,11.16,17.08,14.28,18.2,16.6,18.05,17.8,4.36,4.19,3,2015,0.0,1984.0,39.68
2015-06-30,218.96,34.15,0.013876472978464038,0.02,75.33999999999999,45.17,72.60000000000001,1.31,0.0,173.79999999999998,46.2,66.54,172.19,24.92,691.44,682.31,1391.72,0.11,48.89,87.39,164.37,135.7,300.07,270.0,1091.65,46.2,35.0,-74.62,27.43,23.602899707174235,3.24,0.27,0.03,0.02,0.67,9.806040904781254,14.727563321143165,12.50732764458892,15.819179195449005,14.709061357171882,16.92,16.71,4.21,4.05,6,2015,49.22,2461.0,73.83
2015-09-30,208.92999999999995,33.53,0.012492548435171386,0.011661698956780923,74.38000000000002,43.67,70.78999999999999,0.96,0.0,165.26,44.22,52.3,159.58,16.82,688.33,658.13,1365.25,0.61,44.33,77.91,145.58,120.48,266.06,270.0,1099.19,69.77999999999999,-33.45999999999998,-50.55000000000001,27.119999999999997,19.211452430659108,2.36,0.24,0.04,0.03,0.75,9.819143070044712,14.828654992548435,12.205219821162444,15.453282414307003,14.466371087928465,16.71,16.5,4.73,4.61,9,2015,31.299999999999997,2684.0,107.36
2015-12-31,191.04000000000008,5.560000000000002,0.001969535954658166,0.0014771519659936244,63.859999999999985,9.310000000000002,36.27000000000001,0.65,24.75,181.74,32.91,26.04,126.26,31.62,680.16,634.79,1337.96,1.09,43.59,67.06,126.34,108.17,234.51,270.0,1103.45,42.47,-34.01000000000005,-34.70999999999998,26.960000000000008,82.50674460431651,1.59,0.21,0.04,0.03,0.75,1.6622883457314919,2.4993411264612124,2.0148352816153037,2.5072192702798453,2.4481331916401,13.67,13.41,5.38,5.13,12,2015,4.170000000000002,2823.0,112.92
2016-03-31,204.45,35.26,0.01,0.03,74.88,45.37,71.52,0.71,0.0,159.08,46.3,35.65,138.99,27.33,712.14,612.31,1345.39,0.58,37.99,56.4,115.79,89.82,205.61,270.0,1139.79,48.77,-15.27,-23.89,26.15,17.75,1.68,0.18,0.01,0.03,3.0,10.48,13.12,12.36,12.52,14.76,17.58,17.25,6.15,5.91,3,2016,105.77999999999999,3525.9999999999995,35.26
2016-06-30,195.91000000000003,28.4,0.008922400251335219,-0.0032327992459943475,63.73000000000002,36.410000000000004,63.16000000000001,0.72,0.0,159.49999999999997,34.730000000000004,49.47,133.08,27.64,658.02,681.21,1359.98,0.79,131.75,49.77,197.41,77.83,275.24,270.0,1084.73,51.589999999999996,59.09,-96.86,26.75,20.17394366197183,1.79,0.25,0.02,0.03,1.5,8.351366635249764,10.59981149858624,10.474897895067548,10.439208294062205,12.544894753377317,16.33,15.9,3.33,3.19,6,2016,-10.290000000000006,3182.9999999999995,63.66
2016-09-30,216.24,24.11,0.008240856784778398,0.0073612851771676,64.57999999999998,31.039999999999992,60.94,0.61,0.0,185.21000000000004,31.209999999999994,30.88,164.79,29.17,538.1,689.07,1247.73,0.35,44.06,44.41,99.45,66.52,165.97,270.0,1081.76,13.189999999999998,10.240000000000002,-42.02000000000001,29.9,18.502323724595602,1.52,0.15,0.03,0.04,1.33,7.7244297595989515,9.493467016064715,8.91111313660704,8.845186282328815,10.801016292582888,14.59,14.23,5.41,5.12,9,2016,21.536666666666676,2925.6666666666665,87.77
2016-12-31,221.5,27.5,0.009542812527110263,-0.0006095832971863141,70.87,28.840000000000003,58.900000000000006,0.63,0.0,192.65000000000003,33.89,36.67,220.19,29.77,522.99,672.61,1234.69,0.3,39.62,23.62,73.4,51.9,125.3,270.0,1109.39,-6.670000000000002,40.129999999999995,-27.669999999999987,30.060000000000002,16.50456818181818,1.53,0.11,0.04,0.04,1.0,8.912986900320986,10.506636592348398,9.914982215667564,9.943610653248895,11.64223128307452,14.06,13.75,7.13,6.72,12,2016,-1.7566666666666606,2881.75,115.27
2017-03-31,227.9,25.79,0.01,0.029999999999999995,64.94,30.66,60.38,0.66,0.0,197.24,30.66,35.31,174.61,31.24,583.15,648.19,1270.37,0.31,138.96,13.45,165.84,49.69,215.52,270.0,1054.85,115.59,-106.79,-10.17,29.72,16.5,1.69,0.2,0.01,0.03,3.0,8.12,9.36,9.76,9.4,11.12,11.57,11.32,3.52,3.33,3,2017,77.36999999999999,2579.0,25.79
2017-06-30,222.32000000000002,22.15,0.009240717563621192,-0.002277847309136418,57.16,25.540000000000003,55.52,0.6,0.0,196.76999999999998,12.379999999999999,38.61,182.1,50.58,525.54,642.17,1206.53,0.33,70.26,6.72,86.38,46.69,133.06,270.0,1073.46,24.72,66.28,-87.69,29.980000000000004,16.232505643340858,1.51,0.12,0.02,0.03,1.5,7.337129745515228,8.094868585732165,8.261201501877347,8.20575719649562,9.277680433875677,10.97,10.65,6.08,5.5,6,2017,-5.459999999999994,2397.0,47.94
2017-09-30,227.27999999999997,22.060000000000002,0.009454285714285715,0.009181428571428576,65.37,26.099999999999994,57.400000000000006,0.6,0.0,201.19000000000005,38.1,44.24,174.75,72.3,551.6,647.98,1237.95,7.33,107.42,0.0,122.39,43.52,165.91,270.0,1069.26,41.389999999999986,-12.020000000000003,-23.739999999999995,31.299999999999997,15.865820489573888,1.52,0.16,0.03,0.04,1.33,7.122228571428573,8.344982857142858,8.256742857142857,8.206320000000002,9.303017142857144,10.59,10.33,4.51,3.92,9,2017,21.423333333333346,2333.3333333333335,70.0
