,revenue,net_profit,eps,dps,gross_profit,ebit,ebitda,close_price,allowance_doubtful_accounts,expense,operating_profit,cash,account_receivable,property_plant_equipment,total_asset,total_liability,paid_in_capital,total_equity,cash_flow_operation,cash_flow_investment,cash_flow_financing,depreciation,P/E,P/BV,D/E,EPS,DPS,DPR%,ROA%,ROAA%,ROE%,ROAE%,month,year,dividend,ROCE%,number_of_shares,return_old
2000-03-31,1226.9,173.44,0.68,0.0,0.0,251.24,278.25,30.25,212.45,574.62,0.0,1689.63,0.0,218.07,34933.16,28488.19,2551.81,4318.78,-1089.7,-1047.35,819.18,27.01,11.1225,17.87,6.6,0.68,0.0,0.0,2.0,0.0,16.08,0.0,3,2000,0.0,,255.05882352941174,173.44
2000-06-30,2039.0299999999997,324.3,1.2705127174830233,0.0,0.0,684.54,709.45,18.0,790.14,554.11,0.0,2305.61,0.0,215.29,35942.85,29394.35,2556.41,4718.82,836.98,-992.5500000000002,771.5500000000001,24.91,3.5415820228183783,9.75,6.23,1.95,0.0,0.0,3.596528307951943,0.0,27.495198296299275,0.0,6,2000,0.0,,255.25128205128206,497.74
2000-09-30,2997.6600000000003,2016.3999999999999,7.891913735909695,0.0,0.0,2069.74,2094.49,16.25,798.21,500.49,0.0,841.48,0.0,211.29,35631.52,28410.7,2559.51,5040.08,568.02,-1684.2999999999997,-347.8499999999999,24.75,0.5143239188653045,8.25,5.64,9.84,0.0,0.0,22.649150803057903,0.0,160.01977932812014,0.0,9,2000,0.0,,255.5020325203252,2514.14
2000-12-31,1322.0900000000001,298.3800000000001,1.1648672364996522,0.0,0.0,239.92999999999984,266.0499999999997,16.0,712.01,831.47,0.0,2064.56,0.0,208.26,35700.89,26885.12,3021.56,6763.95,-1379.28,1578.7399999999998,1023.6199999999999,26.120000000000005,3.4404779140693065,7.15,3.97,10.98,0.0,0.0,3.343954034104647,0.0,17.64487420533899,0.0,12,2000,0.0,,256.1493624772313,2812.52
2001-03-31,1505.92,386.35,1.28,0.0,0.0,569.72,593.18,21.0,114.6,587.98,0.0,1660.1,0.0,200.16,34987.52,25896.37,3021.56,7387.22,171.08,29.05,-604.58,23.46,4.1025,8.59,3.51,1.28,0.0,0.0,4.4,6.52,20.92,26.4,3,2001,0.0,,301.8359375,386.35
2001-06-30,1568.1599999999999,419.53999999999996,1.3899810147786917,1.5,0.0,479.28,599.86,21.0,377.39,436.03,0.0,1099.03,0.0,198.21,35241.08,26144.28,3025.33,7475.84,-149.61,84.0,-495.4699999999999,120.57999999999998,3.7793501811507846,8.5,3.5,2.67,1.5,0.56,4.7686240057576095,6.142987256325305,22.447933092605687,27.528912382583233,6,2001,452.74719101123594,,301.8314606741573,805.89
2001-09-30,663.54,212.11,0.7021716110019647,0.0012200061808789687,0.0,239.5,172.01999999999998,15.0,191.3,524.1200000000001,0.0,1797.19,0.0,194.57,36872.25,27636.5,3026.62,7632.14,2283.27,-705.55,-879.56,-67.47999999999999,5.339328650228655,5.95,3.62,3.37,1.5,0.45,2.3002891944990176,2.958705304518664,11.118064440078586,13.393350491159136,9,2001,0.36853599173139173,,302.07715133531156,1018.0
2001-12-31,1272.1599999999999,370.74,1.2253529098319338,0.0023826008154011476,0.0,397.6300000000001,575.3600000000001,23.0,226.4,668.6599999999999,0.0,754.27,0.0,184.6,37488.49,27784.38,3026.62,8269.53,-1143.7999999999997,95.88,0.0,177.73,4.691689189189189,8.42,3.36,4.59,1.5,0.33,3.951028990307761,4.92276855278886,17.929128850612784,19.73378803807768,12,2001,0.7208743042222636,,302.55773420479306,1388.74
2002-03-31,1005.08,377.36,1.25,0.0,0.0,408.51,390.11,40.25,0.0,602.83,0.0,1500.43,0.0,183.76,39760.02,29654.76,3029.27,8637.95,2650.67,-1879.29,-29.47,-18.4,8.05,14.12,3.43,1.25,0.0,0.0,3.8,4.36,17.48,18.84,3,2002,0.0,,301.88800000000003,377.36
2002-06-30,1306.2600000000002,374.08000000000004,1.1848057063770892,2.0,0.0,407.77,659.2800000000001,39.25,0.0,705.5299999999999,0.0,1157.63,0.0,182.17,37390.01,27211.3,3308.64,8775.72,-1564.25,1757.9099999999999,-548.39,251.51000000000002,8.281146813515825,14.8,3.1,2.38,2.0,0.84,4.002452890450336,4.480357713190674,17.045272011072075,18.419248376450547,6,2002,631.4621848739497,,315.73109243697485,751.44
2002-09-30,1198.2399999999998,270.4,0.8309089485633757,0.059587351733929074,0.0,280.4100000000001,131.62999999999988,31.25,0.0,618.1200000000001,0.0,997.41,0.0,188.52,39183.6,29795.27,3453.08,9346.0,-603.7,-1773.8200000000002,2308.39,-148.78000000000003,9.400247781065088,11.55,3.19,3.14,2.0,0.64,2.762639943631096,3.0484302826274168,11.569216315665857,12.74413215376184,9,2002,19.391318310763722,,325.4267515923567,1021.84
2002-12-31,1444.67,384.15,1.1612013598958741,0.03261233114386867,0.0,377.91999999999985,393.96000000000004,32.5,0.0,930.5500000000002,0.0,774.48,0.0,196.52,37851.12,27912.94,3491.75,9902.75,-42.43000000000001,-202.31000000000017,47.50999999999999,16.040000000000006,6.999754978524015,11.46,2.82,4.25,2.0,0.47,4.0546419249070045,4.273221004416817,15.519114645196622,16.907091800083926,12,2002,10.788849756463037,,330.8211764705882,1405.99
2003-03-31,2192.16,414.18,1.18,2.0,0.0,415.65,446.86,25.75,535.03,505.81,0.0,1057.02,0.0,194.01,37784.3,27427.71,3515.06,10303.89,1858.79,-452.46,-1171.46,31.21,5.455,8.78,2.66,1.18,2.0,1.69,4.4,4.28,16.08,17.48,3,2003,702.0,,351.0,414.18
2003-06-30,879.8500000000004,490.7,1.3882415347891432,0.013968703032446291,0.0,491.6,574.71,33.25,638.51,650.51,0.0,931.41,0.0,219.54,36807.21,26387.48,3550.73,10385.01,1066.54,389.03,-1658.58,83.10999999999999,5.988583248420624,11.37,2.54,2.56,2.0,0.78,5.3360533993457695,5.31436212536469,18.893099637520997,20.498253912120944,6,2003,4.9375,,353.46875,904.88
2003-09-30,2030.75,512.2500000000001,1.4458800533472584,0.004593791677545615,0.0,515.44,551.7099999999999,40.5,1071.51,772.25,0.0,1354.67,0.0,217.15,39382.9,27868.07,3575.5,11480.15,-2428.42,-159.57999999999998,3031.25,36.27000000000001,7.0061136652025375,12.61,2.43,4.0,2.0,0.5,5.20516819205013,5.2340857931170754,17.84215985830517,19.678427526056186,9,2003,1.6275000000000546,,354.2825,1417.13
2003-12-31,2057.62,647.7399999999998,1.8006109827737335,0.030305491386866633,0.0,663.1500000000001,2160.74,42.25,1410.34,991.8900000000001,0.0,2594.31,0.0,236.14,42670.92,29805.0,3760.78,12835.01,1639.1499999999999,-468.88,49.370000000000005,1497.5900000000001,5.865564578380216,12.38,2.32,5.74,2.0,0.35,6.073140875696773,6.499766474402745,20.189429068173776,22.786826095589547,12,2003,10.90189895470371,,359.7334494773519,2064.87
2004-03-31,1302.33,567.71,1.28,2.25,0.0,579.97,620.75,41.0,124.45,671.72,0.0,1092.88,0.0,252.77,45550.61,31452.03,4540.97,14067.07,-2214.15,-238.1,950.82,40.78,8.0075,13.24,2.24,1.28,2.25,1.76,5.0,5.56,16.16,18.64,3,2004,997.927734375,,443.5234375,567.71
2004-06-30,2198.34,650.94,1.4261763426742706,0.0635912273571167,0.0,659.8999999999999,704.51,36.25,570.25,787.74,0.0,1049.31,0.0,303.89,48606.0,34605.36,4688.12,13969.53,802.3900000000001,688.0,-758.96,44.61,6.355911067072233,12.17,2.48,2.67,2.25,0.84,5.362850367209616,6.1961219382103145,18.63109769006688,21.38730365568457,6,2004,29.024512816011338,,456.4232209737828,1218.65
2004-09-30,1538.9099999999999,573.8399999999999,1.2453277842554211,1.0213436384174894,0.0,577.4000000000001,626.3599999999999,28.75,713.95,801.4499999999998,0.0,1057.07,0.0,332.68,52233.07,38238.91,4707.07,13963.9,709.34,-115.10999999999996,-446.48,48.959999999999994,5.77099065070403,9.69,2.74,3.89,3.25,0.84,4.392261490998555,5.083754553721359,16.442168380297794,18.042846766230213,9,2004,470.6293723462636,,460.7943444730077,1792.49
2004-12-31,1024.8000000000002,415.9999999999998,0.898496257623987,0.015453171536750765,0.0,545.6100000000001,600.46,33.75,641.62,878.73,0.0,1138.57,0.0,378.35,57454.3,42970.93,4711.01,14454.62,-0.8600000000000136,26.97999999999996,4.900000000000006,54.849999999999994,9.39670024038462,11.0,2.97,4.77,3.25,0.68,2.8932709679464232,3.5563122314341458,11.512807393286812,12.198452336211615,12,2004,7.154753628343542,,462.9958071278826,2208.49
2005-03-31,1704.78,533.0,1.1,1.25,0.0,704.21,761.4,30.5,41.11,792.3,0.0,962.52,0.0,383.76,61719.51,46305.38,4881.94,15384.54,1194.35,-2.11,218.57,57.19,6.9325,9.68,3.01,1.1,1.25,1.14,3.44,5.24,13.84,14.48,3,2005,605.6818181818181,,484.5454545454545,533.0
2005-06-30,1800.7500000000002,598.0,1.2213793103448276,0.012931034482758636,0.0,564.25,615.7300000000001,27.5,307.88,764.19,0.0,915.62,0.0,381.43,64380.88,49151.85,4928.57,15193.74,504.27,-23.45,-552.5999999999999,51.480000000000004,5.626630434782609,8.92,3.24,2.31,1.25,0.54,3.7222988505747128,4.758620689655173,15.735172413793105,16.411954022988507,6,2005,6.3311688311688386,,489.6103896103896,1131.0
2005-09-30,1788.31,601.97,1.2261920864181144,1.0033506961136986,0.0,688.1599999999999,747.6500000000001,31.25,322.94,866.49,0.0,2071.36,0.0,393.04,66389.6,50885.25,4943.42,15468.38,1252.08,-692.3900000000001,-473.97,59.489999999999995,6.3694139658122495,9.99,3.29,3.53,2.25,0.64,3.626471779661506,4.58519420416972,15.561871238394202,16.36775385609676,9,2005,492.57129060740976,,490.9263456090652,1732.97
2005-12-31,2510.2699999999995,703.03,1.4285708128078818,0.005462982667913,0.0,757.3299999999999,820.5899999999997,29.0,737.93,1871.94,0.0,65.65,0.0,429.48,68050.83,51842.24,4959.73,16169.88,-1298.59,-85.06999999999994,20.200000000000045,63.25999999999999,5.076227188028961,2.54,3.21,4.95,2.25,0.45,4.1327543513957306,4.987010837438424,17.39681789819376,18.366514449917897,12,2005,2.688449652330519,,492.1212121212121,2436.0
2006-03-31,2202.51,689.86,1.37,1.3,0.0,792.22,863.28,33.0,156.66,993.41,0.0,66.6,0.0,466.01,71557.46,54513.2,5034.28,17002.82,-77.9,-13.36,92.22,71.06,6.0225,2.78,3.21,1.37,1.3,0.95,3.84,4.76,16.24,17.04,3,2006,654.6116788321168,,503.54744525547443,689.86
2006-06-30,1721.2199999999998,503.4699999999999,0.99147302087436,0.010886808128954664,0.0,578.51,656.53,29.25,275.05,1175.3200000000002,0.0,77.26,0.0,480.57,73961.42,56930.7,5134.75,16991.36,-1169.81,-348.21999999999997,1528.68,78.02000000000001,7.377280920412339,2.46,3.35,2.35,1.3,0.55,2.7170579806088844,3.341475032053162,11.847047840915755,12.522093301936597,6,2006,5.528321167883178,,507.79999999999995,1193.33
2006-09-30,1993.0099999999998,424.6500000000001,0.8319883434900309,1.0066318495902298,0.0,539.9200000000001,604.6100000000001,29.0,298.17,1082.6399999999999,0.0,76.77,0.0,496.29,74640.96,57520.31,5140.94,17080.08,-205.15999999999985,-500.96999999999997,705.6399999999999,64.69,8.715717061109148,2.46,3.37,3.17,2.3,0.73,2.2781258111966776,2.8450326950889386,9.941867019369834,10.435285973868652,9,2006,513.7887066246057,,510.403785488959,1617.98
2006-12-31,1607.4000000000005,415.72,0.8135740768058219,0.0025931787550125787,0.0,411.0999999999999,489.1300000000001,27.25,282.28,1248.9899999999998,0.0,66.8,0.0,517.58,76763.22,59258.88,5147.48,17463.51,-1261.4500000000003,-1544.6200000000001,2796.1000000000004,78.03,8.377540772635427,2.35,3.39,3.98,2.3,0.58,2.1668053301863597,2.6246962678861188,9.525766828932488,9.885538279982299,12,2006,1.3250622196153472,,510.97989949748745,2033.7
2007-03-31,1808.31,301.56,0.5800000000000001,1.2,0.0,389.3,460.88,28.75,60.26,1160.1,0.0,90.0,0.0,554.66,77939.89,60055.37,5159.8,17843.42,2458.94,-94.87,-2340.87,71.58,12.3925,2.59,3.37,0.58,1.2,2.07,1.56,2.08,6.76,6.920000000000001,3,2007,623.9172413793103,,519.9310344827586,301.56
2007-06-30,2645.1699999999996,472.90000000000003,0.9159285179350773,-0.008423755996391476,0.0,637.04,719.42,32.0,331.68,1334.56,0.0,132.27,0.0,555.3,78523.76,60630.86,5165.38,17853.26,1680.3200000000002,-74.79999999999998,-1563.2600000000002,82.38000000000001,8.732941319517867,3.02,3.4,1.5,1.2,0.8,2.418051287348604,3.297342664566279,10.600346047568628,10.869018412829584,6,2007,-4.349241379310229,,516.3066666666667,774.46
2007-09-30,2093.84,580.75,1.1227521933870026,1.0022017547096023,0.0,791.4100000000001,881.28,30.75,280.08,1299.8900000000003,0.0,142.7,0.0,538.05,81598.29,63566.84,5216.55,17990.5,-136.32000000000016,96.37999999999998,50.36999999999989,89.87,6.848973482565648,2.68,3.53,2.62,2.2,0.84,2.845448306904465,3.9939123825827734,12.907364910235314,13.25019000745272,9,2007,518.3945954198474,,517.2557251908397,1355.21
2007-12-31,2981.26,798.9099999999999,1.5391326852728724,0.007668667023022299,0.0,783.5900000000001,881.8499999999999,28.25,639.72,1511.4499999999998,0.0,140.39,0.0,621.4,88838.71,70231.08,5216.87,18567.07,-3622.08,-254.90999999999997,3874.69,98.25999999999996,4.59049116921806,2.46,3.78,4.15,2.2,0.53,3.590073347817206,4.658194343861994,17.208616047388258,17.742676545410653,12,2007,3.9805371102729623,,519.0650602409638,2154.12
2008-03-31,2213.78,452.7,0.87,1.3,0.0,578.83,735.38,28.75,0.0,1514.45,0.0,190.6,0.0,618.7,97194.07,78126.48,5217.83,19026.96,2060.19,-1176.16,-833.82,156.55,8.2625,2.28,4.11,0.87,1.3,1.49,1.88,2.64,9.52,9.84,3,2008,676.448275862069,,520.3448275862069,452.7
2008-06-30,2252.4199999999996,329.49000000000007,0.6318605453917847,0.002780125298069019,0.0,405.39,366.68999999999994,25.0,222.02,1520.16,0.0,232.8,0.0,674.24,102607.26,84003.07,5219.01,18562.66,-3188.15,-144.15999999999985,3374.5,-38.70000000000002,9.893401393062003,1.99,4.53,1.5,1.3,0.87,1.2805707053273503,1.8366079852721209,7.09368772293177,7.245334253825797,6,2008,1.4497241379310708,,521.46,782.19
2008-09-30,3408.1900000000005,749.8299999999999,1.434055625905667,1.003514875784911,0.0,820.47,869.1600000000001,17.0,488.73,1827.31,0.0,249.4,0.0,682.76,106565.68,89751.42,5230.75,16774.19,4888.57,-1467.8999999999999,-3404.0699999999997,48.69,2.962576850752838,1.22,5.35,2.93,2.3,0.78,2.8191673737940754,3.758889831725434,17.874304251902718,17.247822613281812,9,2008,524.7115563139929,,522.8737201365187,1532.02
2008-12-31,2792.3100000000004,334.97,0.6405191779281089,0.00040754581387433895,0.0,241.20000000000005,291.90999999999985,10.2,988.29,1666.5900000000001,0.0,211.13,0.0,716.45,114732.78,97565.28,5231.52,17134.16,2778.5799999999995,1620.4799999999998,-4437.32,50.71000000000001,3.985126578499566,0.6,5.69,3.57,2.3,0.64,1.1697997311180028,1.442513778863304,7.8225871590099585,7.506812998462767,12,2008,0.21313276163732553,,522.9663865546219,1866.99
2009-03-31,2267.48,378.84,0.72,0.0,0.0,461.23,529.5,10.6,0.0,1761.14,0.0,198.82,0.0,703.74,115148.77,97702.61,5231.52,17412.53,2306.31,-2366.62,48.0,68.27,3.68,0.6,5.61,0.72,0.0,0.0,1.32,1.72,8.72,8.32,3,2009,0.0,,526.1666666666666,378.84
2009-06-30,2251.0099999999998,607.55,1.1641130790052616,0.75,0.0,789.77,876.21,16.5,19.27,1326.93,0.0,217.98,0.0,711.88,121908.75,104514.85,5231.52,17359.9,9643.460000000001,-8598.96,-1025.3400000000001,86.44000000000001,3.5434057690725047,0.96,6.02,1.89,0.75,0.4,1.9956224211518772,2.734741836393313,13.993994261904518,13.525885298918277,6,2009,391.42460317460313,,521.8994708994709,986.39
2009-09-30,2721.99,742.9499999999999,1.4220248765424959,0.7508035224374985,0.0,1047.48,1147.7799999999997,23.7,103.68,1693.6299999999997,0.0,232.14,0.0,715.95,123198.91,105509.83,5231.52,17654.95,542.289999999999,-120.75,-407.39,100.29999999999998,4.166523453799044,1.29,5.98,3.31,1.5,0.45,2.405842691431413,3.4369181306163044,16.840898840019893,17.27051360634693,9,2009,392.26421857766275,,522.4592145015106,1729.34
2009-12-31,3047.91,499.43000000000006,0.954594597019881,0.0020821436645987383,0.0,798.94,901.25,25.5,682.54,1870.1900000000005,0.0,228.65,0.0,727.81,127354.05,109408.02,5231.52,17912.36,3554.8999999999996,-603.1499999999996,-2955.2400000000002,102.31,6.682784524357767,1.42,6.11,4.26,1.5,0.35,1.5685826711594288,2.2946123646675076,11.150381959556169,11.401355186941679,12,2009,1.089347261818716,,523.1854460093897,2228.77
2010-03-31,2731.26,818.69,1.56,0.0,0.0,1091.67,1191.63,27.5,103.74,1741.52,0.0,241.89,0.0,783.66,129508.24,110268.15,5231.52,19044.13,-3764.06,-859.28,4636.59,99.96,4.4075,1.65,5.79,1.56,0.0,0.0,2.52,3.56,17.2,17.96,3,2010,0.0,,524.8012820512821,818.69
2010-06-30,2900.0699999999997,765.3,1.4397780289016975,1.25,0.0,1007.4899999999998,1121.5699999999997,27.25,255.22,2086.71,0.0,281.88,0.0,798.87,128792.62,109056.7,5427.23,19497.69,2490.59,-1468.91,-981.69,114.08,4.729409577943291,1.63,5.59,2.98,1.25,0.42,2.377083188656494,3.2274218902897114,15.692614221049373,16.62025644101288,6,2010,664.4253355704699,,531.5402684563759,1583.99
2010-09-30,3053.4799999999996,765.2499999999998,1.4202422911239376,1.0168801556727924,-1009.16,1009.6800000000003,1129.0500000000002,39.0,533.61,-1305.1799999999998,-1009.16,260.56,0.0,844.34,133332.34,112514.98,5543.41,20560.39,-3418.4299999999994,-19.909999999999854,3417.0099999999998,119.37000000000003,6.861223652401177,2.46,5.47,4.36,2.25,0.52,2.293235259062505,3.1531984812109437,14.892999438116155,16.01355757606715,9,2010,547.9118203928327,,538.8165137614678,2349.24
2010-12-31,3259.7800000000007,490.9100000000003,0.8988018238473326,0.030344977902866402,-1127.08,970.8499999999999,1094.87,39.0,646.79,1699.0900000000001,-1127.08,282.13,0.0,901.15,141900.09,120989.0,5658.26,20670.55,-642.7600000000002,-470.3000000000002,1134.630000000001,124.01999999999998,10.847775050416567,2.28,5.85,5.2,2.25,0.43,1.3827720366882037,2.0948996355826286,9.49964389204796,10.177202190025183,12,2010,16.573901729005,,546.1826923076923,2840.15
2011-03-31,3127.5,605.18,0.9600000000000001,0.0,-872.7,860.0,986.58,35.25,157.52,1153.1,-872.7,350.4,0.0,910.18,154261.41,131433.92,6343.29,22584.86,-3559.97,-474.32,3773.64,126.58,9.18,2.36,5.82,0.96,0.0,0.0,1.56,2.4400000000000004,10.72,11.64,3,2011,0.0,,630.3958333333333,605.18
2011-06-30,3471.41,696.59,1.1023263710179219,1.4,-872.1499999999999,964.05,1092.8600000000001,33.0,439.62,1230.62,-872.1499999999999,337.02,264.47,916.35,173018.87,150465.99,6343.29,22307.73,443.8499999999999,-111.45999999999998,-253.19000000000005,128.81,7.4844440057996815,2.39,6.75,2.06,1.4,0.68,1.6053296665309542,2.5899318620032723,12.500167003387697,13.334938429983792,6,2011,884.6980582524271,,631.9271844660194,1301.77
2011-09-30,4104.33,874.4200000000001,1.382234455631172,1.0015185620794373,-604.04,1104.4399999999998,1216.4,28.75,811.7,1152.73,-604.04,394.43,547.59,955.59,184920.67,162135.03,6343.29,22410.23,-993.8299999999999,1976.06,-647.0499999999997,111.96000000000004,5.201433064202556,2.01,7.23,3.44,2.4,0.7,1.8965542530753288,2.957338835303903,15.606391353696141,16.2814360878416,9,2011,633.5740347708287,,632.6133720930233,2176.19
2011-12-31,3855.1100000000006,682.77,1.0794556062344347,-0.0003798096038822674,-1014.94,493.0,608.0499999999997,32.0,1277.64,1294.08,-1014.94,381.61,279.19,938.48,189326.73,165731.39,6343.29,23216.21,-688.9899999999998,205.53999999999996,375.1399999999999,115.04999999999995,7.411513686893097,2.2,7.14,4.52,2.4,0.53,1.4424583764725634,1.977409827349805,11.759379214819376,12.447173937375828,12,2011,-0.24023461617593966,,632.5132743362833,2858.96
2012-03-31,3733.89,577.38,0.9099999999999999,0.0,-1106.9,702.42,801.12,37.0,156.1,1327.26,-1106.9,492.8,445.96,938.49,201956.57,177213.89,6346.48,24363.03,-3869.51,-149.21,4095.95,98.7,10.165,2.3,7.27,0.91,0.0,0.0,1.16,1.56,9.48,9.84,3,2012,0.0,,634.4835164835165,577.38
2012-06-30,4657.720000000001,817.68,1.2836144681949162,1.4,-855.48,963.39,945.9899999999999,36.0,715.78,1212.3300000000002,-855.48,665.55,347.87,926.34,223864.91,199043.94,6365.69,24436.13,-4981.23,-103.47,5358.000000000001,-17.400000000000006,7.012152186674494,1.75,8.15,2.19,1.4,0.64,1.4535908132983526,1.9693811018880905,13.387102490215474,13.996672831276074,6,2012,891.8191780821918,,637.013698630137,1395.06
2012-09-30,4913.0999999999985,927.5900000000001,1.429734225991863,1.0254008750632913,-1059.88,1099.17,1043.6700000000003,46.25,1143.1,1506.94,-1059.88,990.31,5960.57,1391.67,252096.76,218417.2,8287.84,33394.19,6010.139999999999,575.06,-4756.320000000001,-55.5,8.087796871462606,2.13,6.54,3.58,2.4,0.67,1.4696709362150993,2.028784879340409,11.118380126149011,13.290937162293073,9,2012,665.2646208004898,,648.7849162011173,2322.65
2012-12-31,5406.120000000003,1068.6399999999999,1.5377520648484795,0.15938685911629896,-1452.08,1268.25,1310.73,48.5,1554.97,1882.9,-1452.08,1392.28,4818.08,1369.83,233012.68,199815.12,8328.32,32898.17,8036.959999999999,108.84000000000003,-8385.630000000001,42.480000000000004,7.886056716948645,2.17,6.07,4.88,2.4,0.49,1.8402606677694915,2.40746429824639,12.995265400481822,15.238870872145995,12,2012,110.7637421009249,,694.936475409836,3391.29
2013-03-31,5183.22,1162.24,1.39,0.0,-1524.85,1442.95,1508.68,69.0,596.03,1685.8,-1524.85,1025.1,10468.18,1298.7,244322.64,209866.77,8336.78,34159.11,3748.31,-2118.87,-3217.4,65.73,12.41,3.03,6.14,1.39,0.0,0.0,1.9199999999999997,2.6,13.6,15.88,3,2013,0.0,,836.1438848920864,1162.24
2013-06-30,5688.5199999999995,1237.1899999999998,1.4849806829121914,1.4,-1522.0700000000002,1509.6499999999999,1638.09,53.0,1343.49,1667.74,-1522.0700000000002,1106.35,16247.94,1270.52,256915.13,222855.53,8349.1,33801.63,-2138.99,-100.0,2570.25,128.44,8.921328171097407,2.3,6.59,2.88,1.4,0.49,1.9181000487615807,2.536841999974994,14.643559512050777,16.99477892666175,6,2013,1166.3895833333331,,833.1354166666666,2399.43
2013-09-30,5225.719999999999,989.27,1.1852439578599463,1.0025491461819187,-1636.0100000000002,1219.2800000000002,1384.2500000000005,42.5,1687.84,1513.3599999999997,-1636.0100000000002,1155.34,10622.23,1260.31,246482.47,212381.28,8358.29,33837.19,-16402.77,3858.39,12208.369999999999,164.97,8.966128812154416,1.96,6.28,4.06,2.4,0.59,1.5997874111016026,1.950105822291734,11.688957653377402,11.770698615988433,9,2013,836.7828304597704,,834.6551724137931,3388.7
2013-12-31,5457.93,1029.4899999999998,1.232631937512873,0.0015558251307619534,-1469.63,1219.04,1302.54,37.25,2240.16,1712.58,-1469.63,1230.77,10207.07,1223.43,249109.12,213964.7,8388.33,34943.93,-4995.540000000001,-252.26999999999998,5233.24,83.5,7.55326851159312,1.73,6.12,5.29,2.4,0.45,1.6497228955748844,2.0877849073942043,11.781071977438723,12.13524977422881,12,2013,1.2994198552894431,,835.196597353497,4418.19
2014-03-31,4879.58,700.23,0.83,0.0,-1689.45,703.73,840.38,42.5,776.54,1528.68,-1689.45,1157.65,11050.12,1160.87,254958.69,218850.82,8389.88,35953.74,-11969.17,-1099.99,11652.01,136.65,12.8,1.97,6.09,0.83,0.0,0.0,1.08,1.12,7.799999999999999,8.0,3,2014,0.0,,843.6506024096386,700.23
2014-06-30,5275.08,601.22,0.7160405701333129,1.65,-1894.14,767.1399999999999,906.6999999999999,44.0,1103.85,2329.8,-1894.14,1309.7,10014.32,1135.62,259457.99,223999.63,8398.44,35303.04,7640.15,-270.6400000000001,-7292.55,139.55999999999997,15.363829172349556,1.92,6.35,1.55,1.65,1.06,0.9239233163010488,1.0532725805831955,6.81855407430174,6.966381804909908,6,2014,1385.414516129032,,839.6451612903226,1301.45
2014-09-30,5346.91,846.9399999999998,1.0092052187917464,0.49915394258476214,-1820.9099999999999,1039.8900000000003,1172.46,42.25,1673.72,2003.7599999999998,-1820.9099999999999,1117.12,9673.78,1056.07,255606.2,219590.18,8404.52,35854.95,8869.34,-1316.8599999999997,-7339.32,132.57,10.463679540463316,1.9,6.12,2.56,2.15,0.84,1.3245818496641668,1.5768831543621036,9.445530094629001,9.729369062414179,9,2014,418.8973979334676,,839.2148437499999,2148.39
2014-12-31,5163.420000000002,487.69000000000005,0.5809181056720586,0.0007710653105178547,-1591.1599999999999,495.28999999999996,570.5700000000002,39.5,3198.84,1702.4800000000005,-1591.1599999999999,1301.07,7323.46,1017.47,240406.53,204211.66,8428.34,36048.05,-6651.37,619.8299999999999,7988.6900000000005,75.28000000000003,16.99947015522155,1.98,5.66,3.14,2.15,0.68,0.8140253710054325,0.9102283693969835,5.4095686018633735,5.498371369609421,12,2014,0.6473216062897791,,839.5159235668789,2636.08
2015-03-31,5007.75,664.09,0.79,0.0,-1656.02,794.98,904.22,39.0,918.19,1881.14,-1656.02,1152.92,9887.1,1382.9,235906.16,198279.44,8434.14,37382.61,-6354.35,2244.25,4221.6,109.24,12.3425,1.98,5.3,0.79,0.0,0.0,1.12,1.28,7.12,7.24,3,2015,0.0,,840.620253164557,664.09
2015-06-30,5002.09,749.16,0.8852624800990623,1.35,-1600.5,950.8,1051.6299999999999,35.25,1442.18,1781.7299999999998,-1600.5,840.69,0.0,1318.21,244114.98,206923.64,8444.47,36949.82,4899.09,-1794.55,-3676.4400000000005,100.83,9.955719572587967,1.87,5.6,1.67,1.35,0.81,1.2298257208561825,1.463068529984079,8.099886644259684,8.290721669909782,6,2015,1142.4476047904193,,846.2574850299402,1413.25
2015-09-30,5193.34,923.3699999999999,1.0946302351259511,0.9956591721078046,-1606.9,1204.59,1333.9900000000002,30.75,2383.6,1857.9499999999998,-1606.9,827.49,0.0,1836.18,239140.07,201983.81,8467.51,36904.8,-8693.039999999999,642.5799999999999,8037.26,129.40000000000003,7.022234315604796,1.76,5.47,2.77,2.35,0.85,1.5490796107197575,1.8810252415882769,10.005789730465374,10.148052143694738,9,2015,839.8834421409886,,843.5451263537906,2336.62
2015-12-31,5354.869999999999,980.48,1.158687287088119,0.007370081103639151,-2034.5900000000001,1076.75,1189.8400000000001,36.25,3207.97,2301.05,-2034.5900000000001,1032.05,14463.31,1892.26,236144.24,197988.28,8467.51,37928.56,-6394.0300000000025,-1148.8899999999999,7747.49,113.08999999999997,7.823508638625979,2.16,5.22,3.92,2.35,0.6,1.6552675529830274,1.9981444032437972,10.345422206143922,10.60553567875554,12,2015,6.236555109408528,,846.1989795918367,3317.1
2016-03-31,5027.26,1106.58,1.31,0.0,-1428.28,1388.6,1518.18,42.0,584.15,1706.32,-1428.28,881.27,0.0,1925.8,230682.36,191164.34,8467.51,39284.4,-1863.75,-569.16,2282.13,129.58,8.015,2.56,4.87,1.31,0.0,0.0,1.92,2.4,11.28,11.56,3,2016,0.0,,844.7175572519083,1106.58
2016-06-30,5010.289999999999,1296.98,1.5324864783903875,2.0,-1542.24,1502.0700000000002,1685.14,43.5,1202.44,1800.36,-1542.24,996.95,9739.29,1947.88,232473.99,193159.74,8467.51,39076.01,6949.76,-50.99000000000001,-6781.85,183.06999999999996,7.097746148745547,2.54,4.94,2.84,2.0,0.7,2.2231846094959145,2.6117023082427733,13.274354707184346,13.641288089334155,6,2016,1692.6478873239437,,846.3239436619718,2403.56
2016-09-30,6203.720000000001,1691.0100000000002,1.9988639588528223,1.9991999710231143,-1126.85,1968.3199999999997,2070.5099999999998,53.0,2213.03,2133.7000000000003,-1126.85,843.15,11905.73,1947.27,234976.15,195673.55,8467.51,39043.49,3981.99,406.65,-4543.679999999999,102.19,6.628515132967871,3.07,5.01,4.84,4.0,0.83,2.874399411904059,3.3865050542547817,17.32899415567447,17.80806072432514,9,2016,1691.2942614363872,,845.9855371900827,4094.57
2016-12-31,4830.470000000001,1452.15,1.7148120871433927,0.003976931523465147,-2019.6599999999999,1631.0200000000004,1761.0,59.0,2313.12,1712.0299999999997,-2019.6599999999999,1167.42,7602.02,2091.8,233776.38,193259.02,8467.51,40298.03,-483.5400000000009,79.50999999999999,728.3099999999995,129.98000000000008,8.603785283889405,3.33,4.8,6.55,4.0,0.61,2.481895967346468,2.890309227795887,14.409657599446158,14.849487264545534,12,2016,3.367774903791542,,846.8274809160306,5546.72
2017-03-31,5004.23,1523.95,1.8,0.0,-1501.88,1868.12,2042.91,69.5,167.09,1767.74,-1501.88,1206.59,9650.95,2099.07,240809.49,198724.08,8467.51,41860.71,16094.18,-1591.04,-14463.97,174.79,9.6525,3.47,4.75,1.8,0.0,0.0,2.52,3.16,14.56,15.04,3,2017,0.0,,846.6388888888889,1523.95
2017-06-30,5174.17,1185.1499999999999,1.3999040271676941,4.0,-1770.25,1383.0,1532.78,71.5,622.68,2114.4700000000003,-1770.25,1018.73,5883.29,2126.2,265148.94,225040.16,8467.51,39890.16,7101.299999999999,-412.3700000000001,-6876.789999999999,149.78,12.766589461249632,3.48,5.64,3.2,4.0,1.25,1.7848776346388098,2.292342844487099,11.8816854305858,12.004177032962977,6,2017,3386.3749999999995,,846.5937499999999,2709.1
2017-09-30,5367.200000000001,1723.19,2.0333244665849937,2.004155583231242,-1802.5,2095.37,2283.72,69.75,698.16,2122.95,-1802.5,1189.52,7123.86,2131.31,245724.13,205517.13,8467.51,39992.32,-3253.09,-676.53,4101.7199999999975,188.34999999999997,8.578094783511974,3.46,5.14,5.23,6.0,1.15,2.799222975030966,3.452375002538192,17.230772535190614,17.44848987769302,9,2017,1698.4701242829829,,847.474187380497,4432.29
