,revenue,net_profit,eps,dps,gross_profit,ebit,ebitda,close_price,expense,operating_profit,cash,account_receivable,inventory,current_asset,property_plant_equipment,total_asset,short_term_loan,account_payable,current_portion_long_term_debt,current_liability,non_current_liability,total_liability,paid_in_capital,total_equity,cash_flow_operation,cash_flow_investment,cash_flow_financing,depreciation,P/E,P/BV,D/E,EPS,DPS,DPR%,ROA%,ROAA%,ROE%,ROAE%,ROCE%,NPM%,NPMA%,CurrentRatio,QuickRatio,month,year,dividend,number_of_shares,return_old
2000-03-31,251.1,26.21,0.75,0.0,68.32,26.23,151.11,2.4,224.86,25.52,119.86,133.13,124.27,389.58,309.46,1888.27,0.0,60.36,0.0,147.84,56.88,204.72,350.0,1592.2,146.03,-117.09,-84.55,124.88,0.8000000000000002,0.53,0.13,0.75,0.0,0.0,5.56,0.0,6.6,0.0,6.04,10.52,10.44,2.64,1.79,3,2000,0.0,34.946666666666665,26.21
2000-06-30,262.59000000000003,14.969999999999999,0.42896066051481296,2.0,71.9,13.720000000000002,90.13,2.25,248.88,42.39,112.5,120.34,88.7,337.94,273.77,1800.9,0.0,87.64,0.0,161.72,4.5,166.21,350.0,1542.59,179.64000000000001,-64.66999999999999,-122.33,76.41,1.3135237140948564,0.51,0.11,1.18,2.0,1.69,3.3298980087421075,0.0,3.8824575036425446,0.0,3.5480135988343853,7.67,8.02,2.09,1.54,6,2000,69.79661016949153,34.898305084745765,41.18
2000-09-30,130.69999999999993,-38.65,-1.0693675889328065,0.06886849333422623,70.65,-40.330000000000005,48.420000000000016,2.05,171.02999999999997,44.38000000000001,70.78,129.27,71.88,287.82,286.13,1730.74,0.0,42.49,0.0,101.67,4.5,106.16,350.0,1519.1,87.63999999999999,-162.53000000000003,11.699999999999989,88.75000000000003,-0.4793253557567917,0.47,0.07,0.07,2.0,28.57,-9.16600790513834,-0.0,-10.388142292490121,-0.0,1.2221343873517787,0.34,0.39,2.83,2.12,9,2000,2.489104116222748,36.14285714285714,2.53
2000-12-31,132.20000000000005,-8.79,-0.2527476038338658,-0.07850296668188014,38.31999999999999,-10.799999999999999,40.25999999999999,3.0,143.0,12.039999999999992,91.15,91.81,102.06,304.88,299.38,1760.34,0.0,103.07,0.0,120.86,4.5,125.35,350.0,1514.91,87.10000000000002,-57.849999999999966,12.599999999999994,51.06,-2.9679806598407286,0.69,0.08,-0.18,2.0,-11.11,-2.0219808306709264,0.0,-2.302811501597444,0.0,-3.819297124600639,-0.69,-0.81,2.52,1.68,12,2000,-2.7301587301587205,34.77777777777778,-6.26
2001-03-31,205.73,18.33,0.52,2.0,72.41,16.63,91.98,3.55,189.1,40.77,29.99,99.34,54.21,199.5,304.26,1712.86,0.0,32.75,0.0,42.57,4.5,47.06,350.0,1539.3,91.67,-157.56,4.73,75.35,1.7075,0.81,0.03,0.52,2.0,3.85,4.28,3.68,4.76,4.680000000000001,4.0,8.02,8.91,4.69,3.41,3,2001,70.49999999999999,35.24999999999999,18.33
2001-06-30,217.25000000000003,-6.509999999999998,-0.1872588832487309,-0.027918781725887867,63.27000000000001,-8.27,60.469999999999985,4.7,225.52,27.35,17.42,111.66,58.75,205.0,294.03,1731.65,65.0,47.12,0.0,123.87,4.5,128.36,350.0,1463.36,95.24,-114.25999999999999,6.449999999999999,68.74000000000001,-6.273133640552998,1.12,0.09,0.34,2.0,5.88,-1.4980710659898473,-1.0354314720812179,-1.7844670050761415,-1.740406091370558,-1.1455837563451774,2.67,2.79,1.65,1.18,6,2001,-0.9705882352941018,34.76470588235294,11.82
2001-09-30,297.44999999999993,74.88,2.141896193771626,0.011154081009566474,56.66999999999999,74.39,159.86,4.23,223.05999999999995,-7.140000000000008,93.08,104.29,49.08,278.88,316.55,1876.76,120.0,47.21,0.0,187.16,4.04,191.2,350.0,1539.53,118.60999999999999,-102.63999999999999,59.699999999999996,85.47,0.4920873397435898,0.96,0.12,2.48,2.0,0.81,15.96058131487889,15.856941176470587,19.449799307958475,19.58798615916955,16.9278892733564,12.53,12.03,1.49,1.23,9,2001,0.3899430740037957,34.95967741935484,86.7
2001-12-31,665.36,446.97999999999996,12.772532229051118,10.002042120202514,53.599999999999994,449.39,545.45,4.55,215.97000000000003,7.710000000000001,1097.07,154.8,82.0,1380.31,324.61,2275.79,0.0,118.53,0.0,491.43,4.05,495.48,350.0,1629.03,81.30000000000001,1035.96,-113.27,96.06,0.08954763076647725,0.98,0.3,15.25,12.0,0.79,78.56154249737669,88.34404587018439,109.75164742917103,113.73835257082898,99.9021406086044,58.56,38.51,2.81,2.64,12,2001,350.02556319407717,34.99540983606557,533.68
2002-03-31,383.25,19.65,0.56,3.0,30.29,-0.62,123.78,4.45,383.87,-10.35,334.08,70.39,133.68,971.04,334.77,1967.0,0.0,158.11,0.0,190.97,4.05,195.02,350.0,1643.85,258.75,-228.34,-393.41,124.4,1.9875000000000003,0.95,0.12,0.56,3.0,5.36,4.0,-0.12,4.8,4.92,-0.12,5.29,5.13,5.08,4.38,3,2002,105.26785714285712,35.08928571428571,19.65
2002-06-30,299.42999999999995,29.200000000000003,0.8368474923234391,-0.016888433981575263,73.47,41.849999999999994,191.29999999999998,4.08,257.58000000000004,35.65,130.59,73.75,151.39,827.02,329.52,1858.47,0.0,72.54,0.0,169.12,0.0,169.12,350.0,1555.61,79.95999999999998,-196.71,-86.72999999999996,149.45000000000002,1.2170676369863014,0.92,0.11,1.4,3.0,2.14,6.288311156601843,5.499283520982599,7.507717502558855,7.746816786079837,5.834022517911976,7.4,7.16,4.89,3.99,6,2002,-0.5892857142856798,34.892857142857146,48.85
2002-09-30,460.83000000000004,40.27,1.1522497755834828,0.004820947678891879,82.62999999999998,50.56000000000001,201.36000000000007,3.8,410.27,41.86,628.73,75.83,236.29,1040.33,286.85,2122.8,0.0,284.57,0.0,357.1,0.0,357.1,350.0,1613.58,253.86000000000007,215.61,28.66999999999996,150.79999999999995,0.8243655326545816,0.82,0.22,2.55,3.0,1.18,7.591292639138241,8.296198384201077,9.977127468581687,10.212096050269302,9.39874326750449,8.02,7.79,2.91,2.25,9,2002,0.16848739495797815,34.94901960784314,89.12
2002-12-31,522.56,4.769999999999996,0.13615507508786867,2.007241264809257,53.610000000000014,6.6699999999999875,153.28999999999996,3.7,515.8899999999999,-6.529999999999994,73.79,265.2,170.46,917.82,275.1,1954.47,0.0,131.34,0.0,243.07,10.28,253.36,350.0,1548.28,-75.60000000000002,-411.91,-67.42999999999995,146.62,6.790786163522018,0.84,0.16,2.68,5.0,1.87,0.975439343913089,0.9469890297156239,1.2314921716902747,1.201009692192991,1.1684950473958877,5.8,5.64,3.78,3.07,12,2002,70.32085162423176,35.03358208955224,93.89
2003-03-31,459.7,28.02,0.8,1.0,57.1,26.48,34.05,3.58,433.22,19.95,321.14,185.44,172.13,902.37,304.28,1912.06,0.0,85.88,0.0,179.52,10.42,189.93,350.0,1572.01,220.17,28.35,0.0,7.57,1.1175,0.8,0.12,0.8,1.0,1.25,5.88,5.48,7.12,6.96,6.12,6.2,6.1,5.03,4.07,3,2003,35.025,35.025,28.02
2003-06-30,364.10999999999996,-9.919999999999998,-0.027403314917127067,0.9032458563535912,46.93,-9.8,-1.6699999999999946,4.26,373.9,-4.959999999999999,247.59,153.78,280.82,927.31,331.02,1909.84,0.0,112.91,0.0,190.15,10.55,200.7,350.0,1520.49,83.63000000000002,-157.73999999999998,-0.61,8.129999999999999,-38.86391129032259,0.98,0.13,0.05,1.0,20.0,-2.0826519337016567,-1.951116022099447,-2.6087955801104963,-2.5868729281767946,-2.12649723756906,2.24,2.2,4.88,3.4,6,2003,326.975,362.0,18.1
2003-09-30,324.4100000000001,10.629999999999999,0.0295997215454229,-0.008005569091541943,49.5,12.309999999999999,20.22,6.1,312.11,12.180000000000001,154.47,118.3,352.85,880.78,429.95,1885.37,0.0,79.17,0.0,176.19,10.68,186.87,350.0,1515.52,118.09999999999997,-207.22000000000003,-3.9899999999999998,7.91,51.520754938852306,1.41,0.12,0.08,1.0,12.5,2.24957883745214,2.1459798120431604,2.811973546815175,2.723174382178907,2.5159763313609464,2.55,2.5,5.0,3.0,9,2003,-2.875,359.125,28.73
2003-12-31,599.1700000000001,29.319999999999997,0.08586391042204995,0.09829888027562429,85.65,31.99,557.23,7.0,567.1700000000001,26.439999999999998,270.44,198.55,209.06,1060.44,405.6,1952.56,0.0,102.93,0.0,243.35,10.82,254.16,350.0,1490.58,241.49,-151.05,25.520000000000003,525.24,20.382835948158256,1.64,0.17,0.17,1.15,6.76,6.000372093023256,6.30342118863049,7.859073212747631,7.717650301464254,7.212568475452196,3.38,3.32,4.36,3.5,12,2003,33.566176470588175,341.4705882352941,58.05
2004-03-31,523.66,56.08,0.16,0.0,110.46,71.21,205.27,5.7,452.45,66.84,203.58,321.39,111.16,1072.14,524.35,2012.63,0.0,102.91,0.0,210.05,42.95,252.99,350.0,1546.13,194.36,-239.94,-21.29,134.06,8.9075,1.29,0.16,0.16,0.0,0.0,11.16,14.52,14.52,14.399999999999999,15.799999999999999,10.83,10.71,5.1,4.58,3,2004,0.0,350.5,56.08
2004-06-30,386.39,16.560000000000002,0.04787444933920705,0.1,52.19000000000001,13.560000000000002,197.50999999999996,10.0,372.83,10.429999999999993,412.28,112.01,178.77,1111.23,626.05,2121.61,0.0,84.5,0.0,226.02,138.78,364.8,350.0,1539.03,353.93999999999994,-211.95999999999998,66.71000000000001,183.95,52.220966183574866,2.27,0.24,0.21,0.1,0.48,3.118678414096917,3.8390748898678417,4.3041409691629955,4.331497797356829,4.076167400881058,8.1,7.98,4.92,4.13,6,2004,34.590476190476195,345.9047619047619,72.64
2004-09-30,521.03,30.870000000000005,0.08946961646217758,0.19974743641056072,103.42999999999998,66.16000000000001,220.62,9.3,454.8700000000001,63.39999999999999,480.94,102.84,320.28,1203.69,802.32,2412.88,0.0,129.73,0.0,329.16,353.73,682.89,350.0,1504.06,139.61,-206.11,135.18,154.46000000000004,25.986475542597987,2.16,0.45,0.3,0.3,1.0,5.117662061636557,8.37435610085982,8.207346150130423,8.18348758574051,8.636800309148875,7.33,7.23,3.66,2.68,9,2004,68.91952380952381,345.03333333333336,103.51
2004-12-31,1060.08,68.89999999999999,0.19581810799837596,0.755818107998376,238.76,159.08999999999997,325.90999999999997,9.3,900.9899999999998,171.29,323.82,460.34,154.89,1529.35,894.01,2734.82,0.0,128.01,30.94,721.12,463.65,1184.77,350.0,1293.79,51.210000000000036,-339.07000000000005,130.73,166.81999999999994,11.873518867924531,2.52,0.92,0.49,1.05,2.14,10.07064555420219,21.148355663824603,21.308207180557968,19.789617771590976,24.61713357693869,6.98,6.92,2.12,1.91,12,2004,265.94,351.85714285714283,172.41
2005-03-31,810.18,82.6,0.24000000000000002,0.16,261.47,223.02,251.31,9.35,587.16,214.83,667.07,121.17,320.72,1423.97,1004.84,2755.12,22.56,215.62,30.0,585.7,526.48,1112.17,350.0,1319.62,485.33,93.72,-235.8,28.29,9.74,2.48,0.84,0.24,0.16,0.67,12.0,37.44,25.04,23.040000000000003,41.12,10.36,10.2,2.43,1.88,3,2005,55.06666666666666,344.16666666666663,82.6
2005-06-30,1220.1599999999999,139.71,0.40220592865818006,0.0014706191054533586,354.62,305.65,341.88000000000005,9.75,914.5000000000001,288.53,813.48,450.74,255.6,1940.31,1057.03,3345.65,1.64,216.94,31.94,938.48,548.52,1487.0,350.0,1485.31,349.36000000000007,-156.25,-46.69999999999999,36.23,6.058587967933576,2.3,1.0,0.64,0.16,0.25,16.69154603931447,48.61664162655752,37.631392200080974,36.95266969547029,55.20276370833521,11.17,10.95,2.07,1.8,6,2005,0.5108333333333377,347.359375,222.31
2005-09-30,1105.6700000000003,77.01999999999998,0.22128486954197704,0.2503212173854943,278.6,230.14,271.16999999999996,12.3,875.5399999999997,217.89,585.62,387.85,600.61,1820.56,1069.12,3405.65,4.94,277.97,71.79,1160.16,473.25,1633.41,350.0,1467.69,25.539999999999964,-2.8499999999999943,-250.54999999999995,41.03,13.893855492079982,2.93,1.11,0.86,0.41,0.48,9.046948852437106,26.842369291417494,20.98603948819029,20.73902381986436,34.77774763638793,9.74,9.54,1.57,1.05,9,2005,87.12633720930232,348.0581395348837,299.33
2005-12-31,924.29,40.03000000000003,0.11441861150400763,0.0021065473449338222,198.1099999999999,114.44000000000005,1073.9299999999998,10.2,809.8500000000004,103.88,509.66,234.01,650.32,1698.47,1059.34,3340.71,0.79,206.67,53.68,1008.94,473.02,1481.96,350.0,1515.74,946.5899999999999,-994.62,-27.920000000000073,959.49,22.296197851611275,2.36,0.98,0.97,0.41,0.42,4.793785950023577,13.565093116454513,10.564258604431881,11.399396511079688,17.6700082508251,8.53,8.36,1.68,1.04,12,2005,0.7369875329657134,349.8556701030928,339.36
2006-03-31,1343.67,112.89,0.32,0.1,278.1,215.03,538.82,10.9,1128.64,214.45,507.7,330.43,520.72,1726.99,1055.48,3388.7,25.0,228.73,81.65,965.81,432.73,1398.54,350.0,1607.08,423.65,-423.0,-2.61,323.79,8.515,2.37,0.87,0.32,0.1,0.31,13.32,28.0,28.08,30.84,35.48,8.52,8.4,1.79,1.25,3,2006,35.278125,352.78125,112.89
2006-06-30,1525.9899999999998,133.22000000000003,0.37891186867660803,-0.00034004103855998444,283.84000000000003,239.74999999999997,557.9399999999999,12.0,1286.24,231.5,614.65,442.24,346.13,1833.8,1035.01,3508.27,0.0,325.17,41.86,973.6,432.4,1406.0,350.0,1691.86,603.65,-366.88,-129.80999999999997,318.19,7.9160888004804075,2.48,0.83,0.7,0.1,0.14,15.199778960627363,28.73234569907765,31.503815367112274,33.5391134045752,38.84387956604771,8.68,8.58,1.88,1.53,6,2006,-0.11955357142856826,351.58571428571435,246.11
2006-09-30,1391.6400000000003,107.25,0.30654997736019923,-0.0004928603771144155,282.1099999999999,206.35000000000002,599.1600000000001,11.0,1185.2799999999997,200.87000000000006,679.19,475.52,456.57,1969.89,1038.04,3593.68,0.0,390.84,41.64,1003.97,413.87,1417.84,350.0,1789.74,563.3800000000001,-377.7900000000001,-121.06,392.80999999999995,8.969907692307693,2.15,0.79,1.01,0.1,0.1,11.934203079012905,22.933580484491735,23.965530903328048,26.34508716323296,30.994934344577768,8.38,8.29,1.96,1.51,9,2006,-0.17243281471004934,349.86138613861385,353.36
2006-12-31,1233.2600000000002,34.579999999999984,0.09894261999278235,0.24989530891017642,205.6300000000001,113.19000000000005,478.8199999999997,11.3,1120.08,72.7299999999999,577.39,453.22,605.64,1939.59,1022.15,3459.35,0.0,396.25,43.5,954.44,416.56,1371.0,350.0,1718.57,245.47000000000003,-210.21000000000004,-136.27,365.6300000000001,28.551396761133613,2.3,0.8,1.11,0.35,0.31,3.996925297726451,8.11864308913749,8.047333092746298,8.553634067123777,11.020959942259108,7.13,7.06,2.03,1.4,12,2006,87.33728480956201,349.49549549549545,387.94
2007-03-31,1465.98,125.5,0.36,0.22000000000000003,296.87,249.07,529.1,10.9,1216.91,238.42,664.98,571.58,480.47,2059.03,959.09,3567.87,0.0,329.85,43.29,940.82,376.45,1317.27,350.0,1827.21,490.53,-354.03,-48.91,280.03,7.57,2.09,0.72,0.36,0.22,0.61,14.08,28.64,27.48,29.24,37.92,8.62,8.56,2.19,1.68,3,2007,76.69444444444446,348.61111111111114,125.5
2007-06-30,1626.7199999999998,137.54000000000002,0.3921646897810219,0.0013228659772911247,334.62,282.92,553.86,16.8,1343.8,262.71000000000004,799.56,598.67,271.64,2004.15,1001.38,3572.5,0.0,314.98,2.86,957.87,336.49,1294.35,350.0,1861.18,737.31,-370.61,-232.11999999999998,270.94000000000005,10.709786244001744,3.16,0.7,0.75,0.22,0.29,15.393771289537716,31.435921532846717,29.553531021897815,30.975781630170317,42.56294099756691,8.59,8.51,2.09,1.81,6,2007,0.46395555555554324,350.72,263.04
2007-09-30,1393.5,77.54999999999995,0.22086232713820123,0.00025294929387239753,207.92999999999995,159.84000000000003,488.1700000000001,18.3,1233.65,142.34000000000003,576.47,646.44,353.02,1889.7,931.84,3471.03,0.0,299.33,2.34,719.92,336.75,1056.66,350.0,1938.27,58.850000000000136,-300.87,18.92999999999995,328.3299999999999,20.7186760154739,3.3,0.55,0.97,0.22,0.23,8.934678058662904,17.842032942834482,16.002272527085346,16.639813265216233,22.90592794855984,7.67,7.59,2.62,2.13,9,2007,0.0888164948453607,351.12371134020617,340.59
2007-12-31,1552.58,32.18000000000001,0.09236955763607589,0.2982693842061203,123.67000000000007,70.71999999999991,359.7199999999998,18.1,1481.8799999999997,32.14999999999998,384.01,667.61,336.26,1774.92,979.99,3343.21,0.0,373.38,1.75,789.5,300.02,1089.52,350.0,1858.04,207.51999999999998,-203.6099999999999,-196.35999999999996,289.0,48.99990988191422,3.41,0.59,1.07,0.52,0.49,3.850170346326154,7.741777503554473,6.9268535558118955,7.1961928266759685,10.310859779488696,6.27,6.17,2.25,1.82,12,2007,103.91203584160323,348.38317757009344,372.77
2008-03-31,1870.9,164.92,0.4699999999999999,0.0,441.04,363.3,676.53,18.9,1507.6,360.37,491.51,767.46,281.74,1781.34,1121.89,3720.96,180.0,344.43,1.31,1017.62,259.73,1277.35,350.0,1988.11,669.68,-641.78,110.84,313.23,10.0525,3.33,0.64,0.47,0.0,0.0,17.72,39.88,33.2,34.6,53.76,8.89,8.82,1.75,1.47,3,2008,0.0,350.8936170212766,164.92
2008-06-30,2009.02,123.74000000000004,0.3515097346359039,0.35,395.60999999999996,282.54,710.5699999999999,18.8,1726.48,249.65999999999997,508.62,947.6,392.73,2255.87,1157.77,4223.85,365.4,346.69,91.15,1447.75,279.87,1727.62,350.0,2047.69,372.20000000000016,-495.48,95.28,428.03,13.37274486827218,3.21,0.84,0.82,0.35,0.43,11.711275549088896,28.412274648375256,24.177011016420707,25.325847710108782,39.883494768932316,7.51,7.44,1.56,1.29,6,2008,123.20853658536586,352.0243902439025,288.66
2008-09-30,1942.1499999999996,146.59999999999997,0.41764462620043186,-0.0010053424754254549,545.7300000000001,355.69999999999993,704.9900000000002,9.45,1586.4499999999998,332.70000000000005,566.95,759.96,407.58,2183.67,1148.02,4043.58,283.0,314.55,90.0,1380.72,123.6,1504.32,350.0,2187.48,376.8899999999999,24.59999999999991,-329.3,349.28999999999996,5.656004774897682,1.51,0.69,1.24,0.35,0.28,14.496310251344022,35.91743785323714,26.810090520608362,28.426779396222944,50.66972384322013,7.55,7.48,1.58,1.29,9,2008,-0.3528914240755512,351.01612903225805,435.26
2008-12-31,1662.0100000000002,35.910000000000025,0.10288961521319276,0.3979930365521109,1519.4299999999998,258.99,456.62999999999965,6.2,1403.0100000000002,239.27999999999997,815.46,399.36,342.13,1929.05,1217.84,3795.15,181.0,234.81,90.0,1259.45,117.41,1376.86,350.0,2083.94,876.2199999999998,-214.1199999999999,-437.01000000000005,197.6400000000001,15.056184210526308,1.04,0.66,1.35,0.75,0.56,3.7863378398454937,10.76758876838509,6.892842073986039,7.2891576288813,15.15449710295648,6.36,6.3,1.53,1.26,12,2008,138.9054659498208,349.0148148148148,471.17
2009-03-31,712.55,23.35,0.07,0.0,95.4,18.75,40.58,6.15,693.79,-25.66,401.85,293.55,329.65,1410.56,1283.46,3317.45,168.0,129.28,90.0,769.63,112.15,881.78,350.0,2134.5,-347.56,-66.94,-1.52,21.83,21.965,1.01,0.41,0.07,0.0,0.0,2.8,2.12,4.36,4.52,2.96,3.55,3.28,1.83,1.4,3,2009,0.0,333.57142857142856,23.35
2009-06-30,1430.1000000000001,222.77,0.6335893060295791,0.4,635.89,441.37,466.52000000000004,10.3,988.74,407.36,481.51,469.04,375.96,1803.61,1240.3,3803.75,213.0,238.11,90.0,1189.47,66.77,1256.25,350.0,2181.77,455.92,-118.59,-215.25,25.15,4.062963145845491,1.65,0.58,0.7,0.4,0.57,23.42470177149358,41.49104826913701,40.83935641150658,42.142740126767436,63.72098163497482,12.32,11.49,1.52,1.2,6,2009,140.64000000000001,351.6,246.12
2009-09-30,1807.4899999999998,310.71000000000004,0.8872167447874576,-0.001590431550024222,924.0799999999999,590.2199999999999,625.63,16.4,1217.2700000000002,558.25,375.44,774.49,286.1,1858.4,1356.35,4003.13,145.0,169.85,0.0,995.07,67.95,1063.02,350.0,2503.35,286.49,-176.44000000000003,-226.12999999999997,35.410000000000004,4.619192575070001,2.29,0.42,1.59,0.4,0.25,31.047006088034053,58.27730617962394,49.6394978718819,52.987485588060984,77.94115403264912,14.87,14.1,1.87,1.58,9,2009,-0.5569811320754638,350.20754716981133,556.83
2009-12-31,1472.8600000000001,97.77999999999997,0.2793244832801209,0.49983005868682284,611.3600000000001,277.77,324.06999999999994,16.1,1195.0899999999997,267.1099999999999,489.59,400.13,434.72,2163.71,1451.0,4350.55,422.0,214.46,0.0,1359.49,131.89,1491.39,350.0,2408.12,145.55999999999995,-96.38,81.54999999999995,46.3,14.41039092861526,2.34,0.62,1.87,0.9,0.48,8.99215716227983,19.484002994149183,16.23965658941965,17.41670307511342,26.52835734253982,12.69,12.07,1.59,1.27,12,2009,174.96992230854605,350.05882352941177,654.61
2010-03-31,2392.6,195.82,0.56,0.5,876.08,450.24,497.98,15.4,1942.35,438.74,46.38,125.49,148.66,389.18,232.22,1923.37,0.0,84.77,0.0,208.1,11.97,220.07,350.0,1703.3,148.42,-210.09,145.45,47.74,6.875000000000001,3.16,0.13,0.56,0.5,0.89,40.72,68.72,46.0,40.8,105.00000000000001,8.35,8.18,1.87,1.16,3,2010,174.8392857142857,349.6785714285714,195.82
2010-06-30,2152.81,199.60000000000002,0.5704010925092307,0.00035811831181323353,977.9,557.33,608.52,16.5,1595.4900000000002,567.58,936.98,674.83,582.4,2981.48,1820.21,5511.66,552.7,338.83,0.0,1862.21,433.72,2295.94,350.0,2605.81,590.23,-217.10999999999999,-5.969999999999999,51.190000000000005,7.2308767535070135,2.22,0.88,1.13,0.5,0.44,14.477082595721006,43.67354205654747,30.630033888017806,33.35584441859289,55.74787314753933,8.82,8.7,1.6,1.29,6,2010,0.1253160556258308,349.92920353982305,395.42
2010-09-30,1997.3600000000006,141.82,0.4038876479785571,0.0017201982206003993,857.2800000000002,432.12,486.6199999999999,20.1,1565.2399999999998,435.28999999999985,849.08,589.02,487.99,2730.53,2190.73,5644.72,674.0,233.01,0.0,1801.36,640.43,2441.79,350.0,2692.01,309.5000000000001,-483.77000000000004,102.65,54.5,12.444178536172615,2.61,0.91,1.53,0.5,0.33,10.052314794132975,31.50851611942521,21.07607177425359,21.836330876330877,39.554591616409795,8.35,8.21,1.52,1.24,9,2010,0.6040256810688618,351.1372549019608,537.24
2010-12-31,2396.629999999999,137.41999999999996,0.393117422108914,0.49775079153886087,855.3999999999996,371.01,414.35000000000014,18.9,2025.62,364.1500000000001,829.22,858.4,268.6,2690.97,2471.79,5882.62,509.0,342.27,0.0,1869.29,829.44,2698.73,350.0,2624.37,445.01,-257.39999999999986,-216.91,43.34,12.015939091835252,2.52,1.03,1.93,1.0,0.52,9.345195505884444,28.834042628879725,20.94725165268431,21.843477899979245,36.76157116177036,7.69,7.55,1.44,1.3,12,2010,173.99613938839786,349.56476683937825,674.66
2011-03-31,2738.46,293.36,0.8400000000000001,0.55,1184.7,689.39,739.42,23.9,2049.07,662.52,778.85,871.82,651.68,3128.72,2509.18,6388.41,523.0,380.15,90.0,1878.7,893.4,2772.1,350.0,2932.49,43.08,-214.93,109.45,50.03,7.1125,2.85,0.95,0.84,0.55,0.65,18.359999999999996,66.36,40.0,50.64,61.16,10.86,10.71,1.67,1.32,3,2011,192.0809523809524,349.23809523809524,293.36
2011-06-30,3250.63,298.48,0.8523100838064341,0.001512554873260515,1368.14,795.67,851.4900000000001,27.25,2454.9599999999996,741.7,1120.45,963.76,750.47,3817.43,2611.96,7160.72,595.36,461.27,90.0,2456.38,901.19,3357.57,350.0,3063.48,722.43,-146.39,-251.55,55.81999999999999,7.990871080139373,3.11,1.1,1.69,0.55,0.33,16.68308732089754,47.285558258988914,38.974274128142746,42.12126520681265,63.68622330359557,10.02,9.88,1.55,1.25,6,2011,0.5296985066215996,350.2011834319527,591.84
2011-09-30,3484.9400000000005,266.56999999999994,0.7608211693712794,0.0002672444699428966,1298.0499999999997,687.0799999999999,752.0599999999997,23.0,2797.8600000000006,634.3699999999999,1236.21,1147.15,796.6,4375.92,2658.67,7761.48,593.0,417.86,204.07,2755.8,819.41,3575.2,350.0,3344.83,308.47,-109.12,-90.42000000000002,64.98000000000002,7.5594308249240365,2.41,1.07,2.45,0.55,0.22,13.738256544075673,40.25830873358883,31.873748907864535,35.32694539905173,53.89719271676704,9.19,9.06,1.59,1.3,9,2011,0.09363482671170686,350.3714285714285,858.41
2011-12-31,3688.619999999999,184.99000000000012,0.5283402338508724,0.7996273994359101,1300.9100000000003,560.3499999999999,648.48,23.1,3128.2699999999995,535.95,1212.39,1197.93,271.75,3725.06,2752.62,7217.57,563.0,377.59,900.0,3016.32,122.56,3138.87,350.0,3270.84,667.1800000000001,-145.01000000000005,-559.63,88.12999999999997,10.92809070760581,2.47,0.96,2.98,1.35,0.45,10.254764807360559,29.587053095648855,22.622890550124605,25.105025876940783,46.12516618746409,8.03,7.93,1.23,1.14,12,2011,279.97692233940563,350.1342281879195,1043.4
2012-03-31,2735.36,271.85,0.78,1.0,976.94,570.14,609.48,29.25,2165.22,508.01,932.48,1035.08,545.92,3592.33,2765.52,7164.1,613.52,547.4,810.0,2703.44,123.68,2827.13,350.0,3506.09,19.61,-137.34,-142.91,39.34,9.375,2.92,0.81,0.78,1.0,1.28,15.16,33.64,31.0,33.76,51.12,10.18,9.94,1.33,1.13,3,2012,348.52564102564105,348.52564102564105,271.85
2012-06-30,3914.85,344.63,0.9838904749545807,0.004987788403308809,1428.5700000000002,753.4399999999999,812.52,25.0,3161.4100000000003,735.3800000000001,1133.34,995.61,589.18,3708.74,2811.91,7338.72,523.0,617.04,180.0,2130.02,766.52,2896.54,350.0,3542.27,833.5699999999999,-93.37,-560.49,59.08,6.350300322084554,2.47,0.82,1.76,1.0,0.57,18.78336361276927,40.831454710615105,38.90839605502206,41.72590059693745,56.819674928627045,9.38,9.27,1.74,1.46,6,2012,1.7470862470862585,350.2727272727273,616.48
2012-09-30,2990.2300000000005,158.44999999999993,0.45187887938265375,0.0010675451037804745,956.8499999999999,309.4100000000001,379.78999999999996,25.75,2680.8199999999997,298.77,706.91,972.88,726.58,3844.89,2792.64,7445.84,543.0,657.02,180.0,2179.85,698.33,2878.18,350.0,3657.16,-69.9799999999999,-213.30999999999997,-115.44000000000005,70.38000000000001,14.244137740612185,2.46,0.79,2.21,1.0,0.45,8.514134179861404,17.56806937400797,17.330884079852368,18.099691585046386,25.362468868155826,8.11,8.04,1.76,1.43,9,2012,0.3743315508020828,350.6470588235294,774.93
2012-12-31,3827.379999999999,140.87,0.40301310329766327,0.4968385082794856,1371.2999999999997,398.03999999999996,471.46000000000004,23.1,3429.340000000001,435.54999999999995,1152.59,865.84,502.32,3953.67,2847.83,7560.31,513.0,751.15,180.0,2272.6,801.69,3074.3,350.0,3613.14,1143.81,-359.08000000000004,-328.14,73.41999999999999,14.334769645772697,2.24,0.85,2.62,1.5,0.57,7.451127757152217,16.914244594889716,15.59753002839048,16.37279187595545,23.63318060711946,6.85,6.8,1.74,1.52,12,2012,173.6659182757072,349.5419847328244,915.8
2013-03-31,2871.53,177.98,0.51,0.0,985.71,364.44,423.81,25.25,2507.09,360.28,947.03,858.29,580.48,3952.2,2859.64,7647.89,532.0,725.85,180.0,2192.26,750.83,2943.09,350.0,3787.16,72.3,-120.22,-128.96,59.37,12.3775,2.33,0.78,0.51,0.0,0.0,9.32,19.68,18.8,19.52,26.72,6.23,6.2,1.8,1.54,3,2013,0.0,348.9803921568627,177.98
2013-06-30,2853.4599999999996,167.07000000000002,0.319565860020287,0.5,1042.55,365.79,421.65000000000003,10.6,2487.67,371.72,996.0,822.09,708.68,4308.84,2864.71,8039.65,692.0,621.12,180.0,2411.62,763.34,3174.96,525.0,3865.54,16.36,-36.25999999999999,26.890000000000015,55.86000000000001,8.292187406476327,1.44,0.82,0.66,0.5,0.76,8.30871236052746,18.39924648601652,17.29529169685553,18.05062918417621,25.119813360382558,6.05,6.03,1.79,1.49,6,2013,261.4015151515151,522.8030303030303,345.05
2013-09-30,3211.5200000000004,94.43,0.18048875944297804,0.00037027230528652614,1021.2,158.26999999999998,221.26,12.0,3053.24,262.77,1373.63,710.33,823.82,4700.3,2865.41,8428.46,582.0,818.74,225.0,2794.44,662.5,3456.94,525.0,3972.81,522.1800000000001,-34.57000000000002,-77.28,62.989999999999995,16.62652017367362,1.59,0.87,0.84,0.5,0.6,4.47784017475198,9.617472467461546,9.505741330663513,9.90109766087194,13.553846363884592,4.94,4.92,1.68,1.39,9,2013,0.19372294372300303,523.1904761904763,439.48
2013-12-31,3243.1800000000003,132.80999999999995,0.2529537472260567,0.3517581828726527,1011.9000000000001,270.3800000000001,339.06999999999994,11.6,2972.8199999999997,296.6400000000001,822.02,864.12,430.5,4418.05,3240.46,8539.66,996.31,677.37,180.0,2557.47,939.49,3496.96,525.0,4003.34,-614.2900000000001,-288.33,326.44,68.69,11.462174535050076,1.52,0.87,1.09,0.85,0.78,6.219413234548916,13.367097101120057,13.274270037917836,13.951907599294058,17.980602142270524,4.72,4.7,1.73,1.56,12,2013,184.68595456531227,525.0366972477063,572.29
2014-03-31,3360.24,215.04,0.41,0.4,1057.31,432.23,504.09,11.7,2928.0,359.99,748.83,987.28,873.71,4928.24,3282.41,9129.04,773.47,990.73,180.0,2858.7,962.04,3820.74,525.0,4200.84,368.56,-201.12,-256.26,71.86,7.135,1.46,0.91,0.41,0.4,0.98,9.44,20.6,20.48,21.52,27.56,6.54,6.4,1.72,1.42,3,2014,209.79512195121953,524.4878048780488,215.04
2014-06-30,3464.46,98.58000000000001,0.1885976659651808,-0.001368130765677228,1092.9099999999999,247.46000000000004,317.42,13.8,3217.0200000000004,284.62,953.07,1050.34,816.76,4894.39,3334.99,9097.67,569.8,784.99,180.0,2419.14,878.35,3297.5,525.0,4166.01,373.11999999999995,-28.439999999999998,-137.85000000000002,69.96,18.292909312233718,1.74,0.79,0.6,0.4,0.67,4.337746317199159,9.970529940692558,9.467602831452078,9.819651807920414,12.79949493017027,4.62,4.6,2.02,1.69,6,2014,-0.7151219512194871,522.7,313.62
2014-09-30,2672.5600000000004,52.18000000000001,0.09985237834882449,-9.841443411700754e-05,650.7400000000002,91.50999999999999,160.01,13.7,2581.039999999999,94.87,780.61,732.87,1083.35,4701.42,3388.12,8937.29,608.72,657.12,180.0,2262.71,879.66,3142.37,525.0,4213.66,49.56000000000006,-404.18,186.27,68.5,34.2981314679954,1.71,0.75,0.7,0.4,0.57,2.3336927282668127,5.066794969928924,4.952677966101695,5.1010300710770915,6.590256971022417,3.87,3.85,2.08,1.6,9,2014,-0.05142857142857338,522.5714285714287,365.8
2014-12-31,2771.6900000000005,64.67000000000002,0.12318953701767837,0.3518225925815304,727.56,143.99,642.8800000000001,11.6,2627.7000000000007,139.26999999999998,446.92,723.94,564.3,4568.55,3388.36,8961.53,1197.73,462.8,180.92,2350.83,768.36,3119.19,525.0,4184.09,90.55999999999995,-688.5,282.72,498.89000000000004,23.547048476882633,1.46,0.75,0.82,0.75,0.91,2.8844379399261277,6.285671010755688,6.183513833716636,6.321726485004763,8.316796060120335,3.53,3.51,1.94,1.7,12,2014,184.6939895470383,524.9634146341464,430.47
2015-03-31,2904.42,120.59,0.22999999999999998,0.4,842.57,287.2,462.83,12.4,2617.23,312.45,695.64,831.1,830.08,4561.6,3339.35,8852.4,922.68,512.34,180.98,2108.08,763.95,2872.04,525.0,4284.15,671.3,-117.25,-310.72,175.63,13.4775,1.52,0.67,0.23,0.4,1.74,5.44,12.76,11.24,11.36,17.04,4.17,4.15,2.16,1.77,3,2015,209.7217391304348,524.304347826087,120.59
2015-06-30,2601.17,70.91999999999999,0.1333152315805963,0.005765620140167477,732.87,173.45,316.74000000000007,12.0,2427.7099999999996,163.64,680.34,803.73,856.34,4291.82,3331.34,8613.55,948.22,439.53,181.0,2016.23,698.58,2714.82,525.0,4197.06,423.74,-103.66999999999999,-300.22,143.29000000000002,22.500804780033842,1.5,0.65,0.36,0.4,1.11,3.288442378988042,7.702657824656675,6.754638400083545,6.784264007101457,10.339336849250692,3.5,3.48,2.13,1.7,6,2015,3.067149758454093,531.9722222222222,191.51
2015-09-30,2153.37,32.49000000000001,0.062369196428571444,-0.008478670634920584,526.7799999999997,73.23000000000002,232.65999999999997,10.7,2080.1400000000003,149.04000000000002,671.42,743.27,880.69,4133.17,3338.03,8594.91,785.21,445.01,181.02,1798.7,744.47,2543.17,525.0,4349.19,515.8600000000001,-276.02,-160.28999999999996,159.43,42.88334872268389,1.29,0.58,0.43,0.4,0.93,1.5142660714285718,3.533287500000001,2.9879196428571437,3.0343339285714297,4.560203571428573,2.94,2.92,2.3,1.81,9,2015,-4.416795865633048,520.9302325581396,224.0
2015-12-31,2548.6600000000008,85.61000000000001,0.1631404024417816,0.3529213045970061,645.0900000000001,168.08000000000004,389.25,8.95,2380.59,92.25999999999999,660.15,812.32,478.14,4468.45,3289.37,8779.16,1036.96,410.73,181.45,2165.79,632.18,2797.97,525.0,4257.38,84.40999999999985,-73.77000000000004,-49.16999999999996,221.16999999999996,13.71563982011447,1.1,0.66,0.59,0.75,1.27,3.904309292335519,8.74874971738639,8.040886276283066,8.118308840153743,11.735048609541037,3.05,3.03,2.06,1.84,12,2015,185.19994087504926,524.7627118644068,309.61
2016-03-31,2579.12,135.04,0.26,0.4,684.21,273.28,378.94,8.95,2305.84,229.11,686.92,948.55,530.96,4401.21,3304.57,8757.05,772.52,489.96,182.73,2000.49,651.73,2652.22,525.0,4353.58,550.56,-234.11,-306.94,105.66,8.605,1.08,0.61,0.26,0.4,1.54,6.16,12.4,12.4,12.52,16.16,5.33,5.24,2.2,1.93,3,2016,207.75384615384615,519.3846153846154,135.04
2016-06-30,2267.3199999999997,49.45000000000002,0.09381267277359209,0.0058656504209109095,524.8499999999999,103.83000000000004,244.54000000000002,9.4,2163.49,88.69999999999999,681.7,817.54,632.57,3909.3,3271.06,8188.82,729.4,374.02,182.75,1709.89,561.56,2271.44,525.0,4190.66,357.1500000000001,24.940000000000026,-388.75000000000006,140.71,25.05258543983821,1.18,0.54,0.35,0.4,1.14,2.4123258713209395,4.813930294324897,4.71743725947206,4.71743725947206,6.239882920483496,3.85,3.81,2.29,1.92,6,2016,3.0918681318681536,527.1142857142858,184.49
2016-09-30,2126.2200000000003,74.23000000000002,0.14058712121212122,0.0006709956709957143,521.6700000000001,156.64999999999998,292.35,12.7,1969.58,132.36,824.42,579.53,527.82,3888.1,3222.85,8026.73,633.47,314.64,182.78,1530.49,569.73,2100.22,525.0,4243.27,449.70000000000005,-137.91,-177.30999999999995,135.7,22.585283578068164,1.57,0.49,0.49,0.4,0.82,3.6954329004329014,7.367912801484231,7.000664811379097,6.908852813852814,9.433682745825605,3.76,3.71,2.54,2.2,9,2016,0.3542857142857372,528.0000000000001,258.72
2016-12-31,1859.2000000000007,12.729999999999961,0.024386074783569647,0.34541720390495473,470.4499999999998,56.710000000000036,261.26999999999987,13.6,1802.4799999999996,69.98999999999995,698.17,616.55,460.39,3965.83,3635.88,8530.5,1031.55,481.39,182.8,1995.31,728.83,2724.14,525.0,4118.55,-338.1300000000001,110.71999999999997,115.21000000000004,204.56,139.40332875098235,1.73,0.66,0.52,0.75,1.44,0.5965209062442421,1.2793310001841922,1.2361864063363381,1.2155520353656255,1.6957701234113043,3.1,3.07,1.99,1.76,12,2016,180.314423076923,522.0192307692307,271.45
2017-03-31,2809.51,140.4,0.27,0.29,868.22,399.25,601.07,12.6,2410.26,370.43,884.85,941.6,820.31,4206.17,3565.34,8694.56,905.92,466.34,183.17,2148.06,667.45,2815.51,525.0,4198.32,675.86,-247.12,-255.82,201.82,11.6675,1.58,0.67,0.27,0.29,1.07,6.44,18.32,13.359999999999998,13.12,24.4,5.05,5.0,1.96,1.58,3,2017,150.79999999999998,520.0,140.4
2017-06-30,2918.37,161.22,0.3046727670578874,0.005018897951064329,920.94,382.52,558.43,12.1,2535.8499999999995,371.01000000000005,953.5,1047.83,680.8,3902.56,3581.76,8409.26,856.77,414.7,183.2,1984.67,563.76,2548.43,525.0,4185.54,678.7700000000001,-198.55,-414.37000000000006,175.91000000000003,9.92958783029401,1.52,0.61,0.57,0.29,0.51,7.675615675353093,20.14047344340561,15.415372985876267,15.393992440819575,26.020123333996416,5.3,5.27,1.97,1.62,6,2017,2.6557894736842513,529.1578947368422,301.62
2017-09-30,3147.9399999999996,249.58000000000004,0.47543359941944857,-0.0023232564357192485,1179.2499999999998,585.28,752.3,13.3,2562.67,579.5,1245.33,1007.05,464.74,4266.3,3542.23,8626.81,692.35,448.11,183.29,2024.31,538.28,2562.59,525.0,4407.1,1036.8899999999999,-349.50999999999993,-380.1099999999999,167.01999999999998,6.9954563666960485,1.58,0.58,1.05,0.29,0.28,11.573412191582003,29.739503628447032,22.657806966618292,23.07437735849057,37.50944702467345,6.25,6.21,2.11,1.88,9,2017,-1.2195989974937618,524.952380952381,551.2
