,revenue,net_profit,eps,dps,gross_profit,ebit,ebitda,close_price,expense,operating_profit,cash,account_receivable,inventory,current_asset,property_plant_equipment,total_asset,short_term_loan,account_payable,current_portion_long_term_debt,current_liability,non_current_liability,total_liability,paid_in_capital,total_equity,cash_flow_operation,cash_flow_investment,cash_flow_financing,depreciation,P/E,P/BV,D/E,EPS,DPS,DPR%,ROA%,ROAA%,ROE%,ROAE%,ROCE%,NPM%,NPMA%,CurrentRatio,QuickRatio,month,year,dividend,number_of_shares,return_old
2000-03-31,638.38,55.98,2.29,1.0,104.95,67.36,79.94,1.08,571.02,59.91,79.94,107.71,423.28,659.02,665.42,1543.07,246.09,108.09,1.94,414.91,5.94,420.86,245.0,1099.49,51.48,38.2,-81.13,12.58,0.1175,0.24,0.38,2.29,1.0,0.44,14.52,0.0,20.36,0.0,23.88,8.87,8.77,1.59,0.57,3,2000,24.44541484716157,24.44541484716157,55.98
2000-06-30,607.2199999999999,55.85,2.2773495484217117,1.2532094097911404,109.54,67.36999999999999,80.12,1.13,539.8399999999999,70.94,91.67,106.52,359.79,591.07,658.02,1465.12,130.36,76.32,44.23,291.48,25.63,317.11,245.0,1124.52,87.84,-21.03,-85.08000000000001,12.749999999999998,0.12514547896150402,0.25,0.28,4.56,2.25,0.49,15.242260574085666,0.0,19.856889922203344,0.0,22.93330948761513,9.07,8.98,2.03,0.79,6,2000,30.733861468627904,24.524122807017545,111.83
2000-09-30,591.1700000000001,59.14999999999999,2.4147093227278043,1.9973894684512192,109.71999999999997,63.34,77.25999999999999,1.2,527.8400000000001,66.59,112.66,101.36,461.03,732.96,665.47,1613.18,247.63,73.87,43.41,440.3,15.14,455.44,245.0,1135.17,21.599999999999994,-22.020000000000003,51.41000000000001,13.920000000000002,0.12285122569737957,0.26,0.4,6.98,4.25,0.61,14.668148321441103,0.0,20.839840917066322,0.0,23.372172183881155,9.39,9.31,1.66,0.62,9,2000,48.92745720856582,24.495702005730656,170.98
2000-12-31,676.1700000000001,159.20000000000002,6.499533587740021,-0.0002839902729094931,98.80000000000001,163.09000000000003,177.12,1.3,513.0800000000002,37.91,310.63,103.24,449.57,885.55,652.88,1595.46,48.49,115.95,43.58,275.45,4.49,279.94,245.0,1293.11,80.58000000000001,127.16,-169.76,14.030000000000001,0.05184987437185929,0.25,0.22,13.48,4.25,0.32,39.903664667756985,0.0,49.23830637833909,0.0,52.76772669453026,13.84,13.14,3.21,1.58,12,2000,-0.006956076284069468,24.49406528189911,330.18
2001-03-31,514.12,49.9,2.04,0.0,82.9,50.75,65.17,1.67,463.37,41.5,308.15,86.86,394.59,802.39,646.24,1506.31,14.41,70.98,32.44,283.92,4.0,287.92,245.0,1196.01,70.36,3.04,-75.9,14.42,0.20500000000000002,0.34,0.24,2.04,0.0,0.0,13.240000000000002,13.32,16.68,17.4,16.6,9.88,9.71,2.83,1.44,3,2001,0.0,24.46078431372549,49.9
2001-06-30,545.1,48.339999999999996,1.9731616449511398,6.0,80.69999999999999,49.81999999999999,63.92999999999999,1.52,495.28,42.650000000000006,128.22,84.03,360.94,700.15,644.61,1395.79,8.69,92.89,1.94,125.42,3.53,128.95,245.0,1244.35,121.21,-2.65,-183.48,14.110000000000001,0.193065784029789,0.3,0.1,4.01,6.0,1.5,13.85641693811075,13.836734527687296,15.529421824104233,16.31671824104234,15.588469055374594,9.44,9.27,5.58,2.7,6,2001,146.9925187032419,24.498753117206984,98.24
2001-09-30,607.1600000000001,60.64999999999999,2.477301906979671,-0.004037046913210004,96.20000000000002,63.99000000000001,78.23000000000002,1.43,543.17,58.079999999999984,31.44,92.66,416.59,804.9,640.82,1496.76,7.35,129.11,1.83,166.02,2.92,168.94,245.0,1305.0,53.25,-7.12,-2.910000000000025,14.240000000000002,0.14408821104699093,0.27,0.13,6.49,6.0,0.92,16.215067027503302,16.15399332871798,18.596941280130906,19.879488954622694,18.88704134936119,9.68,9.54,4.85,2.34,9,2001,-0.09883611464405817,24.482280431432972,158.89
2001-12-31,600.9099999999999,60.20000000000002,2.4564699438586888,2.5059814581128093,96.92000000000002,63.28999999999999,77.1,1.58,537.6200000000001,57.07000000000002,61.96,88.3,421.74,742.92,687.02,1480.45,7.48,107.77,1.83,150.95,2.46,153.41,245.0,1303.95,57.25,-61.00999999999999,-60.70999999999998,13.809999999999995,0.16377159468438535,0.3,0.12,8.94,8.5,0.95,16.26655712264367,16.288538956593186,18.464740517595512,18.541676936418828,18.838431694737327,9.79,9.66,4.92,2.13,12,2001,61.41336439126795,24.506711409395976,219.09
2002-03-31,592.14,57.53,0.59,0.0,91.37,59.52,72.92,2.6,532.62,54.47,328.9,83.26,344.55,768.76,710.26,1530.77,9.15,101.31,1.83,143.93,2.0,145.93,245.0,1361.48,142.01,-36.33,1.27,13.4,1.1025,0.47,0.11,0.59,0.0,0.0,15.04,15.679999999999998,16.92,18.0,17.16,9.8,9.72,5.34,2.95,3,2002,0.0,97.5084745762712,57.53
2002-06-30,608.9,52.11,0.5323166727471725,5.0,95.06,57.93999999999999,71.77999999999999,2.44,550.9599999999999,53.82000000000001,302.06,86.6,308.58,710.72,726.05,1490.88,3.36,132.52,1.83,174.33,1.54,175.88,490.0,1291.1,132.90000000000003,-31.060000000000002,-128.69,13.839999999999998,1.1466858568412974,0.93,0.14,1.12,5.0,4.46,13.97331265961328,15.475206129149948,16.14060197008391,16.44478292593944,16.95808828894564,9.2,9.13,4.08,2.31,6,2002,489.46428571428567,97.89285714285714,109.64
2002-09-30,673.1500000000001,48.42999999999999,0.4932770291642943,0.914629594483457,88.38,50.35000000000001,64.72,2.28,622.8000000000002,47.219999999999985,128.11,89.82,387.04,661.94,745.74,1456.9,9.84,131.18,1.83,180.43,1.09,181.52,490.0,1251.32,-11.470000000000027,-79.88000000000001,-82.60000000000001,14.370000000000001,1.1586795374767707,0.89,0.15,1.61,5.9,3.66,13.297032960080976,13.922054785854366,15.478481685329283,15.159843107484022,16.115758841019797,8.49,8.43,3.67,1.52,9,2002,89.79844720496897,98.18012422360248,158.07
2002-12-31,645.8899999999999,47.97,0.4889196272568434,-0.003959129928338648,83.63999999999999,47.94999999999999,65.69000000000003,2.36,597.94,43.41,143.12,93.95,430.87,688.49,737.09,1470.41,4.85,103.69,1.28,145.75,1.18,146.93,490.0,1299.3,-7.3700000000000045,27.55000000000001,-5.159999999999997,17.740000000000002,1.2026516572858037,0.89,0.11,2.1,5.9,2.81,13.047169481654047,13.615247524752474,14.770029120559114,14.742090856144438,15.170477577169482,8.23,8.18,4.72,1.77,12,2002,-0.38844720496899754,98.1142857142857,206.04
2003-03-31,600.15,32.21,0.33,0.0,69.11,32.48,49.28,2.32,567.67,28.97,140.02,85.46,355.79,694.17,734.11,1474.43,0.0,93.18,1.43,118.88,0.57,119.45,490.0,1331.5,106.33,-104.73,-4.71,16.8,1.7575,0.85,0.09,0.33,0.0,0.0,8.72,8.64,9.68,9.56,9.6,5.4,5.37,5.84,2.85,3,2003,0.0,97.60606060606061,32.21
2003-06-30,611.12,52.93,0.5408632840028189,0.8000000000000002,92.58,57.160000000000004,74.48,2.49,553.9600000000002,52.510000000000005,134.52,104.64,322.29,694.89,734.17,1472.87,0.58,110.24,0.0,143.0,0.0,143.0,490.0,1306.03,106.11999999999999,-33.67999999999999,-77.94000000000001,17.319999999999997,1.1541271490648026,0.94,0.11,0.87,0.8,0.92,14.373286351891004,15.04470284237726,16.21346488137186,16.312933991073525,16.76054498473103,7.08,7.03,4.86,2.61,6,2003,78.2896551724138,97.86206896551724,85.14
2003-09-30,667.31,48.14999999999999,0.49128966914247124,0.0011859026597436386,84.68,47.30999999999999,65.39,3.27,619.9899999999998,40.78999999999999,236.37,89.19,349.68,755.73,730.66,1529.85,1.54,115.67,0.0,151.92,0.0,151.92,490.0,1354.19,56.68000000000001,44.14,1.0300000000000011,18.080000000000005,1.6609345794392525,1.18,0.11,1.36,0.8,0.59,12.585685347738014,13.250371370695476,14.218501012829169,14.782039162727886,14.362997974341658,7.15,7.1,4.97,2.67,9,2003,0.11622718052737468,98.00735294117646,133.29
2003-12-31,672.8899999999999,67.9,0.09112281922560765,1.4147781289562398,74.75999999999999,68.58000000000001,87.22,3.58,604.3200000000002,30.91000000000001,163.78,98.28,464.5,775.22,729.72,1529.17,8.95,86.03,0.0,153.85,0.0,153.85,735.0,1351.52,-76.35999999999999,66.85,-63.079999999999984,18.64,9.822457290132547,1.95,0.11,0.27,1.52,5.63,17.765574829762915,18.494557383567773,20.10101893732293,20.492509568069984,20.16851732193449,8.05,7.89,5.04,2.02,12,2003,1054.2193028322438,745.148148148148,201.19
2004-03-31,569.07,21.7,0.03,0.0,59.09,23.15,41.9,3.4,545.92,16.59,266.03,101.22,423.54,826.05,720.12,1570.73,22.79,126.6,0.0,173.46,0.0,173.46,735.0,1373.22,87.4,1.21,13.65,18.75,28.3325,1.82,0.13,0.03,0.0,0.0,5.52,6.079999999999999,6.32,6.3999999999999995,6.64,3.86,3.81,4.76,2.32,3,2004,0.0,723.3333333333334,21.7
2004-06-30,624.1,38.64,0.05122969837587007,0.09,81.22999999999999,44.23,60.14000000000001,3.62,579.88,40.150000000000006,225.64,97.11,354.38,714.58,711.63,1488.89,5.45,83.29,0.0,119.0,0.0,119.0,735.0,1345.71,90.15,-47.14,-83.41000000000001,15.909999999999997,17.665534420289855,1.98,0.09,0.08,0.09,1.13,10.374013921113688,11.65475638051044,11.475452436194896,11.65475638051044,12.602505800464035,5.1,5.06,6.0,3.03,6,2004,67.8825,754.25,60.34
2004-09-30,779.4499999999998,39.209999999999994,0.05514213962832747,-0.005465092918131601,89.59,40.400000000000006,61.18999999999998,3.08,739.04,38.49,242.06,108.89,429.58,809.34,716.69,1588.49,4.49,140.44,0.0,183.25,0.0,183.25,735.0,1384.92,38.97,-17.630000000000003,-4.929999999999993,20.790000000000006,13.963912267278758,1.63,0.13,0.14,0.09,0.64,9.878320441988947,10.886633852335509,11.32777096936213,11.453810145655446,12.084006027122047,5.08,5.05,4.42,2.07,9,2004,-3.8860714285714337,711.0714285714284,99.55
2004-12-31,710.0,49.459999999999994,0.06638480638883296,0.05410451839282121,98.31000000000003,52.43000000000001,72.18,3.02,657.5699999999999,49.55999999999999,215.89,98.45,481.71,815.3,722.85,1599.52,0.0,136.66,0.0,181.3,0.0,181.3,735.0,1397.64,27.03,-12.269999999999996,-40.91,19.75,11.373084310553985,1.59,0.13,0.2,0.14,0.7,12.374127910878464,13.59560834843299,14.153240722099188,14.392226025098985,15.00296624387625,5.59,5.55,4.5,1.84,12,2004,40.31057142857144,745.05,149.01
2005-03-31,607.29,47.97,0.07,0.0,91.21,52.22,69.49,3.22,555.06,48.49,232.53,90.24,479.42,827.84,744.15,1632.84,0.0,126.06,0.0,166.19,0.0,166.19,735.0,1445.61,67.01,-50.38,0.0,17.27,11.5,1.64,0.11,0.07,0.0,0.0,11.76,13.04,13.28,13.6,14.24,7.95,7.9,4.98,2.1,3,2005,0.0,685.2857142857142,47.97
2005-06-30,686.6500000000001,66.77,0.09310789611295102,0.08999999999999998,116.7,74.56,94.91000000000001,3.0,612.1000000000001,70.82999999999998,171.16,95.98,473.14,766.96,789.78,1617.38,0.0,100.62,0.0,149.32,0.0,149.32,735.0,1446.22,67.93999999999998,-63.15,-66.15,20.349999999999998,8.055170735360193,1.52,0.1,0.16,0.09,0.56,16.503374586020566,18.99401080704201,18.45864040439254,19.133672651211434,20.11130556039742,8.92,8.87,5.14,1.97,6,2005,64.54124999999999,717.125,114.74
2005-09-30,827.8899999999999,58.39999999999999,0.08095183088829848,0.0005354048746679044,109.08000000000001,63.16999999999999,81.00999999999999,3.16,764.72,59.53,210.18,99.62,506.22,833.99,799.45,1694.22,0.0,121.37,0.0,233.69,0.0,233.69,735.0,1438.48,56.150000000000006,-17.139999999999986,0.0,17.840000000000003,9.761360445205481,1.61,0.16,0.24,0.09,0.38,13.788795194640175,15.61021138962689,16.24433406491856,16.541157444842323,17.553055330946055,8.21,8.16,3.57,1.4,9,2005,0.386250000000004,721.4166666666666,173.14
2005-12-31,857.9300000000003,52.32000000000002,0.07193825955823652,0.09072684733433871,103.24000000000001,54.610000000000014,73.33000000000001,2.94,803.31,50.75,152.08,101.04,576.93,847.86,795.72,1703.91,0.0,135.54,0.0,191.08,0.0,191.08,735.0,1490.8,23.960000000000008,-15.900000000000006,-66.15,18.720000000000006,10.212924311926603,1.45,0.13,0.31,0.18,0.58,12.280557083296376,13.7471693426772,14.034922380910142,14.48975782843964,15.009569768473352,7.61,7.57,4.44,1.42,12,2005,65.98475806451616,727.2903225806452,225.46
2006-03-31,826.09,61.41,0.08,0.0,106.69,64.98,84.84,2.86,761.11,59.68,264.13,109.02,502.72,890.73,807.32,1758.84,0.0,137.55,0.0,184.42,0.0,184.42,735.0,1552.2,139.33,-27.29,0.0,19.86,8.9375,1.35,0.12,0.08,0.0,0.0,13.96,15.32,15.839999999999998,16.4,16.52,7.48,7.43,4.83,2.1,3,2006,0.0,767.6249999999999,61.41
2006-06-30,1073.1100000000001,83.41,0.11519127192376745,0.11000000000000001,138.14000000000001,89.01,110.16,2.92,984.1,84.0,0.0,0.0,0.0,906.56,832.34,1799.02,0.0,170.91,0.0,220.85,0.0,220.85,735.0,1554.77,199.11999999999998,-46.419999999999995,-80.85,21.15,6.337285697158614,1.38,0.14,0.2,0.11,0.55,18.54579477972656,20.75746720066289,21.448614832205497,22.231915481287114,22.4853362795194,7.67,7.63,4.1,4.1,6,2006,79.651,724.0999999999999,144.82
2006-09-30,1098.36,109.52000000000001,0.15071164582841867,0.000391405205630267,165.66,116.26999999999998,136.44,3.24,982.0900000000001,111.66,200.25,156.68,634.26,1013.67,867.62,1941.25,0.0,187.6,0.0,252.74,0.0,252.74,735.0,1664.28,-75.49000000000001,-60.239999999999995,0.0,20.17,5.376160518626734,1.43,0.15,0.35,0.11,0.31,22.563686404026107,25.612367696783835,26.318559408665568,28.230444287174652,27.57592513957695,8.53,8.48,4.01,1.5,9,2006,0.28442857142857747,726.6857142857143,254.34
2006-12-31,1000.7000000000003,93.68999999999997,0.12652443754848716,0.11205053751523883,152.13,101.98000000000002,121.37,3.4,898.7199999999998,96.99999999999997,177.04,126.63,613.22,936.09,904.74,1900.17,2.35,141.43,0.0,204.25,0.0,204.25,735.0,1677.12,114.38,-53.09,-87.5,19.389999999999993,6.714315561959656,1.49,0.12,0.47,0.22,0.47,19.72704422032583,22.246764934057403,22.343677269200924,23.657377812257558,23.63584173778122,8.75,8.7,4.58,1.58,12,2006,82.97223100303951,740.4893617021277,348.03
2007-03-31,832.21,60.8,0.08,0.0,112.38,68.81,92.29,3.46,763.4,65.22,128.23,135.21,699.64,983.45,921.24,1964.17,0.0,146.6,0.0,207.41,0.0,207.41,735.0,1737.93,-7.96,-38.5,-2.35,23.48,10.8125,1.46,0.12,0.08,0.0,0.0,12.4,14.8,14.0,14.8,15.680000000000001,7.34,7.31,4.74,1.37,3,2007,0.0,760.0,60.8
2007-06-30,1003.22,99.06000000000002,0.13632678593769548,0.19,145.16000000000003,100.69999999999999,125.05,3.62,902.5100000000001,93.63,139.12,174.64,604.36,934.68,910.42,1905.04,0.0,134.53,0.0,188.85,0.0,188.85,735.0,1697.33,159.57000000000002,-9.020000000000003,-139.65,24.349999999999998,6.636626791843327,1.57,0.11,0.22,0.19,0.86,20.796031527586642,22.679819842362072,23.34906042787439,24.365314650319032,24.489248092080572,8.76,8.71,4.95,1.75,6,2007,138.06090909090912,726.6363636363637,159.86
2007-09-30,998.28,94.75,0.13024822277208278,0.0002143742122532917,146.41999999999996,102.54000000000002,127.35999999999999,3.58,895.7499999999998,95.88,186.42,170.81,683.3,1050.99,915.02,2026.15,0.0,153.07,0.0,214.28,0.0,214.28,735.0,1792.08,66.91999999999999,-19.630000000000003,0.0,24.820000000000007,6.872454617414249,1.47,0.12,0.35,0.19,0.54,18.711087545658064,20.408035819488628,21.152311378186248,21.926357959231765,22.34315227210243,9.04,8.99,4.9,1.72,9,2007,0.1559480519480303,727.4571428571429,254.61
2007-12-31,915.3600000000001,61.139999999999986,0.08326270783847979,0.12177118425517477,102.01000000000005,66.28999999999996,90.82,3.26,849.0700000000002,54.599999999999994,104.94,173.32,707.15,996.37,983.31,2040.14,0.81,141.66,0.0,197.69,0.0,197.69,735.0,1820.85,35.56999999999999,-29.64999999999999,-87.38999999999999,24.53,9.78649411187439,1.32,0.11,0.43,0.31,0.72,11.98982992874109,13.298797149643704,13.430468408551066,13.980389548693584,14.220495961995246,8.49,8.42,5.04,1.46,12,2007,89.41686378737543,734.3023255813954,315.75
2008-03-31,874.87,23.94,0.03,0.0,71.33,26.57,50.44,3.08,848.3,17.1,61.1,162.94,939.66,1172.89,989.11,2221.43,0.0,300.96,0.0,355.55,0.0,355.55,735.0,1844.8,-14.63,-28.4,-0.81,23.87,25.6675,1.23,0.19,0.03,0.0,0.0,4.32,5.08,5.2,5.36,5.68,2.77,2.74,3.3,0.66,3,2008,0.0,798.0000000000001,23.94
2008-06-30,1056.9,47.620000000000005,0.06654555617663499,0.14,101.17999999999999,51.98,78.25999999999999,2.7,1004.9200000000001,49.940000000000005,125.7,199.18,691.43,1029.52,984.17,2072.84,25.37,187.36,0.0,261.61,0.0,261.61,735.0,1789.52,159.88,-17.75,-77.53,26.279999999999998,10.14342713145737,1.11,0.15,0.1,0.14,1.4,9.183286752375631,10.51419787590833,10.647288988261598,10.913471212968139,11.552308552263835,3.73,3.7,3.94,1.29,6,2008,100.18400000000001,715.6,71.56
2008-09-30,1099.4900000000002,32.64999999999999,0.043863352845216384,0.005408693983302923,117.67000000000002,35.5,93.33000000000001,2.64,1063.99,65.12999999999998,98.28,198.22,957.09,1263.87,971.86,2295.92,276.68,123.06,0.0,453.36,0.0,453.36,735.0,1822.16,-268.05,-10.579999999999998,251.21,57.830000000000005,15.04900918836141,1.06,0.25,0.14,0.14,1.0,5.689703483350925,6.617100086364071,7.168525093561077,7.2311870261971,7.757547260339697,3.46,3.44,2.79,0.68,9,2008,4.025999999999982,744.3571428571428,104.21
2008-12-31,904.0699999999997,28.019999999999996,0.038142630265446564,0.058142630265446575,92.46999999999997,35.44000000000001,24.169999999999987,1.84,868.6300000000001,53.910000000000025,147.72,185.5,739.17,1081.11,965.2,2106.59,119.8,105.23,0.0,281.96,0.0,281.96,735.0,1806.08,260.05,-9.890000000000008,-200.72,-11.27000000000001,12.057375089221985,0.75,0.16,0.18,0.2,1.11,5.323015957044544,6.111296982530439,6.2045345231793085,6.1791061030023435,6.941958708311275,3.38,3.36,3.83,1.21,12,2008,42.71222222222222,734.6111111111111,132.23
2009-03-31,731.29,64.67,0.08999999999999998,0.0,113.68,70.19,69.21,2.08,661.1,73.01,148.44,192.92,662.19,1012.32,945.7,2016.96,0.0,80.76,0.0,127.38,0.0,127.38,735.05,1870.95,124.1,-3.55,-119.84,-0.98,5.7775,0.82,0.07,0.09,0.0,0.0,12.84,13.24,13.84,13.92,14.84,8.89,8.84,7.95,2.75,3,2009,0.0,718.5555555555557,64.67
2009-06-30,1015.5900000000001,102.48,0.14101346096320672,0.06,152.95,108.78999999999999,159.54000000000002,2.8,906.8000000000001,104.46999999999998,205.34,237.26,704.76,1159.6,927.41,2145.73,0.0,141.23,0.0,197.51,0.0,197.51,735.05,1929.33,99.42000000000002,-5.46,-37.03999999999999,50.75,4.962469506245121,1.07,0.1,0.23,0.06,0.26,19.104258450493568,20.820944062219564,21.237853425067307,22.047148070595274,22.537629673945556,9.64,9.57,5.87,2.3,6,2009,43.60434782608696,726.7391304347826,167.15
2009-09-30,998.0099999999998,75.26999999999998,0.10246308060391056,0.0006425427662375306,121.25999999999999,77.4,103.23000000000002,3.56,920.6100000000001,72.21000000000001,323.78,209.73,676.23,1242.61,909.21,2211.41,2.1,133.3,0.0,187.83,0.0,187.83,735.05,2004.6,143.49999999999997,-20.189999999999998,-4.860000000000014,25.82999999999999,8.687763385146805,1.31,0.09,0.33,0.06,0.18,13.612065011137693,14.133695239666693,15.015498721227619,15.735845227291474,15.735845227291474,8.89,8.83,6.62,3.02,9,2009,0.47201581027667316,734.6060606060605,242.42
2009-12-31,872.48,51.76000000000002,0.07037867971989942,6.885085816352503e-05,99.27000000000004,56.620000000000005,82.24000000000001,3.78,815.8599999999997,53.56,435.8,172.31,723.98,1380.73,885.84,2329.11,0.0,160.68,0.0,253.04,0.0,253.04,735.05,2056.36,86.83000000000004,-19.44,44.610000000000014,25.620000000000005,13.427361862442034,1.35,0.12,0.4,0.06,0.15,8.888827248623295,9.930431708477805,10.071189067917606,10.71867292134068,10.613104901760831,8.19,8.13,5.46,2.6,12,2009,0.05063636363636448,735.4499999999999,294.18
2010-03-31,743.67,32.13,0.04,0.0,78.96,36.66,61.58,4.14,707.02,36.74,275.76,105.71,475.8,1335.89,381.23,1957.98,0.0,39.71,0.0,67.38,0.0,67.38,735.05,1890.6,-135.95,31.82,-43.38,24.92,25.875,1.61,0.04,0.04,0.0,0.0,6.56,7.36,6.8,6.84,7.76,4.36,4.32,19.83,12.76,3,2010,0.0,803.25,32.13
2010-06-30,843.09,63.529999999999994,0.08633598160150532,0.35999999999999993,110.04,67.34,91.91000000000001,3.1,775.73,62.37,188.28,208.68,642.68,1135.84,844.39,2043.47,0.28,91.35,0.0,135.24,0.0,135.24,735.05,1887.4,251.15999999999997,-83.62,-267.54,24.57,8.978006453643948,1.21,0.07,0.13,0.36,2.77,12.432381350616767,13.202763955676353,13.468413129834833,13.309023625339744,14.477879991637048,6.09,6.03,8.4,3.65,6,2010,264.90461538461534,735.8461538461538,95.66
2010-09-30,930.55,94.6,0.12927572795122463,-0.00200567644276251,146.89,100.88,125.40999999999997,3.1,829.6799999999998,98.02999999999999,493.34,223.28,504.66,1284.01,828.56,2176.26,2.45,118.7,0.0,172.2,0.0,172.2,735.05,1982.0,269.57,33.37,2.1200000000000045,24.529999999999994,5.9933911205073995,1.15,0.09,0.26,0.36,1.38,17.382613266056975,18.575927677914432,19.09303058971933,18.973699148533584,20.326122148638706,7.62,7.56,7.46,4.53,9,2010,-1.467692307692289,731.7692307692307,190.26
2010-12-31,819.02,70.62,0.09474471021159153,0.006569598754511383,120.43,75.57,99.98000000000002,3.24,743.4500000000003,73.59000000000003,494.84,176.18,698.07,1446.37,806.8,2333.47,0.74,128.02,0.0,239.01,0.0,239.01,742.63,2071.57,-62.71999999999997,-17.1,81.32000000000002,24.41000000000001,8.551928632115548,1.16,0.12,0.35,0.36,1.03,12.105666973321068,13.02604415823367,13.632410303587859,13.686550137994482,14.498647654093837,7.89,7.82,6.05,3.13,12,2010,4.896791208791228,745.3714285714286,260.88
2011-03-31,766.99,57.51,0.08,0.0,104.18,62.16,85.93,3.32,704.83,54.05,490.98,197.96,720.59,1489.34,786.47,2357.57,0.42,125.71,0.0,201.69,37.21,238.9,742.63,2096.02,32.35,-5.96,-30.25,23.77,10.375,1.18,0.11,0.08,0.0,0.0,9.76,11.52,10.96,11.56,11.52,7.58,7.5,7.38,3.81,3,2011,0.0,718.875,57.51
2011-06-30,871.05,64.06,0.08431027391626225,0.20999999999999996,113.51999999999998,68.83000000000001,92.78,3.04,802.2199999999999,60.57000000000001,573.44,202.53,599.6,1413.7,765.59,2258.36,0.13,107.05,0.0,179.46,38.05,217.52,747.81,2017.08,176.78,47.550000000000004,-141.88,23.95,9.014322510146737,1.13,0.11,0.16,0.21,1.31,11.33973184173727,12.836239203750926,12.709773792876534,13.131325162457845,13.278868141811303,7.5,7.42,7.88,4.54,6,2011,159.56062499999996,759.8124999999999,121.57
2011-09-30,1073.19,94.9,0.12713539982445604,-0.003759787730401354,142.54000000000002,103.53,127.03,2.96,969.6600000000001,89.47,665.78,188.88,700.5,1577.87,752.26,2413.46,0.5,149.51,0.0,236.7,38.89,275.59,747.81,2111.98,79.14999999999998,10.419999999999995,2.780000000000001,23.5,5.822335879873551,1.05,0.13,0.29,0.21,0.72,15.72971774379822,17.92170739594401,17.97431514759551,18.553000415762,18.88618284288816,8.07,7.98,6.67,3.71,9,2011,-2.8064870689654526,746.4482758620691,216.47
2011-12-31,1100.7599999999998,90.23999999999998,0.12062991099083822,0.0004561424416414585,142.65999999999997,101.25999999999996,123.32999999999998,3.26,999.5,88.97999999999999,676.2,200.09,787.28,1782.92,750.86,2616.27,6.11,237.28,0.0,285.6,39.59,325.2,774.04,2267.8,62.410000000000025,-110.94,58.94,22.070000000000007,6.755165392287235,1.11,0.14,0.41,0.21,0.51,13.793000554269504,15.970223338006583,15.911379478986662,16.641043330833686,16.95880016954126,8.14,8.05,6.24,3.49,12,2011,0.3412279226240287,748.0731707317074,306.71
2012-03-31,982.42,87.93,0.11,0.21000000000000002,141.34,96.13,117.48,3.92,886.3,86.27,708.73,185.39,780.31,1756.7,738.84,2577.53,0.55,133.74,0.0,155.19,41.58,196.77,774.04,2355.73,29.45,34.51,-31.43,21.35,8.91,1.29,0.08,0.11,0.21,1.91,13.640000000000002,15.600000000000001,14.92,15.8,15.879999999999999,9.05,8.95,11.32,6.29,3,2012,167.86636363636364,799.3636363636364,87.93
2012-06-30,1023.08,79.57,0.10926029850746267,-0.02050306648575306,133.77,97.08000000000001,118.17999999999999,3.64,925.99,80.88000000000001,416.73,198.78,610.16,1270.06,760.33,2112.9,0.22,217.65,0.0,236.34,43.6,279.95,787.55,1806.51,326.92,9.68,-628.61,21.1,8.330793640819405,1.59,0.15,0.23,0.21,0.91,15.06842029850746,16.79758328358209,17.61466029850746,16.64556895522388,19.571844776119402,8.47,8.35,5.37,2.79,6,2012,-14.931581027667988,728.2608695652174,167.5
2012-09-30,1031.6100000000001,64.06,0.08852651580583866,-0.0013453551337994805,122.57,74.66,96.08000000000001,3.78,956.9499999999998,67.00999999999999,309.6,225.74,738.46,1353.1,757.48,2201.98,2.12,236.18,0.0,258.95,45.02,303.97,787.55,1870.57,-51.94,-56.61,1.42999999999995,21.419999999999995,10.672508585700905,1.59,0.16,0.32,0.21,0.66,11.641236828467783,12.847410606322335,13.699478320953533,12.869542235273796,15.259758162031437,7.72,7.62,5.23,2.37,9,2012,-0.9735326086956491,723.625,231.56
2012-12-31,1080.5300000000002,40.379999999999995,0.05642568213576524,-0.0023456460984040816,88.17000000000002,45.360000000000014,63.90999999999997,3.66,1035.17,35.53999999999999,459.36,251.62,818.97,1610.58,784.84,2489.9,0.17,238.69,0.0,261.86,46.88,308.74,773.63,2157.47,-47.360000000000014,-16.11,213.23000000000002,18.550000000000004,16.213361812778604,1.31,0.14,0.38,0.21,0.55,6.485983672869015,7.287822313745679,7.483827314848863,7.299701404721628,8.351000956093255,6.68,6.6,6.15,3.02,12,2012,-1.6786184210526471,715.6315789473684,271.94
2013-03-31,908.74,21.1,0.03,0.20999999999999996,69.61,21.11,39.16,3.32,887.63,12.71,328.0,217.36,758.0,1546.04,784.98,2433.21,0.14,160.02,0.0,175.27,105.41,280.69,773.63,2130.42,45.87,-177.28,0.06,18.05,27.6675,1.21,0.13,0.03,0.21,7.0,3.48,3.36,3.96,3.76,3.72,2.35,2.32,8.82,4.5,3,2013,147.7,703.3333333333334,21.1
2013-06-30,1012.26,62.63999999999999,0.07480296154764748,0.03362073083353233,118.02999999999999,72.79,91.00999999999999,2.76,939.4699999999999,61.88999999999999,830.9,231.52,664.08,1838.17,774.43,2709.86,0.39,167.59,0.0,178.23,106.68,284.91,922.18,2401.97,153.6,140.3,209.0,18.220000000000002,9.224233716475098,1.06,0.12,0.1,0.21,2.1,9.24564604728923,11.639340816813947,10.442493432051588,11.908631478385479,11.100759493670886,4.41,4.36,10.31,6.59,6,2013,28.153999999999968,837.3999999999999,83.74
2013-09-30,1118.4099999999999,87.87000000000002,0.10240661966085894,0.005053901287803808,143.97000000000003,94.93,113.18,2.72,1023.48,84.63,889.93,228.44,575.11,1988.0,769.8,2855.11,0.0,215.48,0.0,222.09,118.74,340.83,922.18,2489.85,242.89000000000001,-183.64000000000001,-0.22999999999998977,18.25,6.640195743712302,1.01,0.14,0.2,0.21,1.05,12.309275683235244,15.299548977332325,14.111632189266361,16.118801934619196,14.685109259367172,5.71,5.65,8.95,6.36,9,2013,4.336500000000058,858.0500000000001,171.61
2013-12-31,954.6100000000001,62.25999999999999,0.07187839397956129,0.001972313678539329,106.62,66.72,85.25000000000003,2.7,887.8800000000001,56.120000000000005,821.28,222.77,688.48,2036.3,788.62,2914.22,0.0,226.93,0.0,238.28,102.09,340.37,922.18,2550.59,-18.590000000000032,-47.56,-2.5,18.529999999999994,9.390860905878574,0.98,0.13,0.27,0.21,0.78,8.550866720827807,10.073623808098516,9.7648129302604,10.574110403215458,10.16946166673793,5.92,5.86,8.55,5.66,12,2013,1.7083888888888623,866.1851851851851,233.87
2014-03-31,799.27,33.91,0.04,0.22,83.84,39.14,57.1,2.86,760.13,28.91,863.85,221.64,666.83,2073.53,780.34,2941.52,0.0,221.28,0.0,235.72,97.3,333.02,922.18,2584.51,60.51,-17.93,0.0,17.96,17.875,1.02,0.13,0.04,0.22,5.5,4.6,5.84,5.24,5.76,5.8,4.31,4.24,8.8,5.97,3,2014,186.50499999999997,847.7499999999999,33.91
2014-06-30,931.4100000000001,38.55,0.04256141319348607,0.014087772564173361,82.72999999999999,43.89,62.419999999999995,3.04,887.5300000000001,26.84,810.8,239.46,569.78,1826.34,781.11,2703.02,1.34,148.07,0.0,158.66,99.19,257.85,922.18,2420.18,41.809999999999995,106.61000000000001,-201.48,18.53,17.856549935149154,1.16,0.11,0.08,0.22,2.75,5.703229367927133,6.53317692520011,6.362931272426166,6.4054926856196515,6.937510350538228,4.26,4.19,11.51,7.92,6,2014,12.76000000000002,905.7499999999999,72.46
2014-09-30,1090.3500000000001,46.89,0.05107415165479682,0.002953917050691223,101.88999999999999,57.33000000000001,76.57000000000001,3.02,1033.01,44.099999999999994,705.7,218.46,525.17,1940.31,773.59,2808.79,0.38,206.71,0.0,214.96,100.2,315.16,922.18,2467.06,182.74,-286.84000000000003,-1.0,19.239999999999995,14.781939112817232,1.13,0.13,0.13,0.22,1.69,6.678927524088814,7.794701298701299,7.606119815668204,7.574689568496021,8.50188186007541,4.29,4.23,9.03,6.58,9,2014,2.711923076923057,918.076923076923,119.35
2014-12-31,1013.7099999999996,58.09,0.062201871055004514,0.0037262433238538107,104.20000000000005,61.889999999999986,81.59,2.88,951.8199999999997,51.78999999999999,623.9,261.26,613.87,2017.97,774.1,2887.18,0.0,225.51,0.0,238.31,99.24,337.54,922.18,2525.15,-39.370000000000005,-38.55000000000001,-3.880000000000024,19.70000000000001,11.576822172490962,1.05,0.13,0.19,0.22,1.16,8.053505410279532,9.127306131650135,9.205876916140669,9.15349639314698,10.00467989179441,4.69,4.63,8.47,5.89,12,2014,3.479919028340106,933.8947368421052,177.44
2015-03-31,847.92,27.28,0.03,0.17,79.79,27.82,47.32,2.8,820.11,19.1,173.05,215.82,611.94,1984.19,769.79,2849.35,4.15,155.83,0.0,174.39,97.26,271.65,922.18,2552.43,18.35,-473.34,4.15,19.5,23.332500000000003,1.01,0.11,0.03,0.17,5.67,3.84,3.84,4.28,4.24,4.16,3.25,3.22,11.38,7.87,3,2015,154.58666666666667,909.3333333333334,27.28
2015-06-30,877.11,25.07,0.02873352435530086,-0.007176695319961783,74.14,26.35,47.089999999999996,2.9,850.7499999999999,14.420000000000002,32.85,191.69,602.87,1885.16,751.27,2731.05,0.61,160.38,0.0,188.36,96.08,284.43,922.18,2420.72,63.38,-65.10000000000008,-138.49,20.740000000000002,25.23011069006781,1.1,0.12,0.06,0.17,2.83,3.67789111747851,3.8119808978032474,4.137627507163324,4.137627507163324,4.080160458452721,3.07,3.03,10.01,6.81,6,2015,-6.261666666666656,872.5,52.35
2015-09-30,892.0699999999999,34.449999999999996,0.035720046082949305,0.016206797235023045,88.91,39.769999999999996,59.99000000000001,2.8,852.3,33.410000000000004,34.13,209.12,584.38,2017.86,738.03,2842.27,0.0,208.56,0.0,264.26,96.3,360.56,922.18,2455.18,99.45,-124.88999999999999,26.730000000000004,20.22,19.59613933236575,1.05,0.15,0.09,0.17,1.89,4.842050691244239,5.2706912442396305,5.61995391705069,5.604078341013824,5.7787096774193545,3.36,3.32,7.64,5.42,9,2015,15.63055555555556,964.4444444444445,86.8
2015-12-31,888.69,58.760000000000005,0.06458917284968399,-0.010220451283930286,108.14000000000001,53.99000000000001,73.85,2.62,834.7000000000003,39.17999999999999,25.49,206.1,668.9,2006.89,730.05,2827.41,0.48,189.1,0.0,204.0,84.57,288.57,922.18,2513.0,-23.890000000000015,66.37,-51.13000000000001,19.859999999999992,10.144115044247785,0.96,0.11,0.16,0.17,1.06,8.315856004396814,8.364297884034075,9.349282769991758,9.333135476779336,9.107073371805441,4.21,4.15,9.84,6.56,12,2015,-9.298055555555578,909.75,145.56
2016-03-31,774.61,45.56,0.05,0.12000000000000001,101.33,57.11,76.55,2.68,717.5,41.92,37.5,191.36,590.23,2036.43,724.3,2880.94,0.0,162.28,0.0,184.12,93.75,277.87,922.18,2576.04,116.78,-104.28,-0.48,19.44,13.4,0.96,0.11,0.05,0.12,2.4,6.32,7.96,7.08,7.119999999999999,8.48,6.01,5.88,11.06,7.85,3,2016,109.34400000000001,911.2,45.56
2016-06-30,854.2099999999999,52.81999999999999,0.05905875177881682,-0.002258995730839606,103.10000000000001,67.15,86.64,2.7,787.06,44.8,37.03,193.07,541.48,2050.9,717.44,2888.33,0.0,224.2,0.0,243.98,97.6,341.57,922.18,2518.2,161.98,-51.83000000000001,-110.63,19.49,11.431413290420297,0.99,0.14,0.11,0.12,1.09,7.323285220573286,9.492352104086194,8.397080707460866,8.547412075625125,10.09367757674324,6.18,6.04,8.41,6.19,6,2016,-2.0203636363636406,894.3636363636364,98.38
2016-09-30,963.51,84.70000000000002,0.09252785667467776,0.0027576618269211615,124.11000000000001,96.55,116.08999999999997,2.78,866.96,66.88,36.14,210.42,532.53,2180.39,713.07,2983.15,0.0,234.07,0.0,252.32,97.72,350.04,922.18,2602.9,80.38999999999999,-81.26999999999998,-0.010000000000005116,19.54,7.5112514757969295,0.98,0.13,0.2,0.12,0.6,11.362420799650428,14.027223071881146,13.009416648459693,13.398033646493339,14.97100720996286,7.25,7.06,8.64,6.53,9,2016,2.5243636363636313,915.4,183.08
2016-12-31,886.6199999999999,65.05999999999997,0.07079148867574754,0.0004748932054485248,109.43,76.32999999999998,95.02000000000004,3.1,810.29,54.05000000000001,42.54,203.22,703.79,2197.04,711.43,2995.53,0.0,168.8,0.0,193.58,98.09,291.68,922.18,2676.55,-149.89999999999998,161.32,-5.009999999999991,18.689999999999998,10.946231171226565,1.07,0.11,0.27,0.12,0.44,8.68375594422503,10.707868138953815,9.722031111469327,10.026172322076244,11.116885629080352,7.32,7.13,11.35,7.71,12,2016,0.4364444444444331,919.037037037037,248.14
2017-03-31,781.05,41.87,0.05,0.24,95.43,49.02,63.22,3.0,732.02,36.51,43.22,196.83,597.97,2245.45,698.6,3031.39,0.0,149.87,0.0,182.92,101.97,284.88,922.18,2718.42,151.87,-151.19,0.0,14.2,15.0,1.02,0.1,0.05,0.24,4.8,5.5200000000000005,6.64,6.16,6.32,6.88,5.45,5.36,12.28,9.01,3,2017,200.97599999999997,837.3999999999999,41.87
2017-06-30,813.06,44.49,0.04636521537748958,0.030553033811949997,96.35,51.4,67.89000000000001,3.56,761.6600000000001,39.54,44.24,180.54,612.42,2059.79,701.01,2851.17,0.0,160.13,0.0,176.97,103.71,280.68,922.18,2541.58,53.97,168.21,-221.15,16.490000000000002,19.19758147898404,1.29,0.11,0.09,0.24,2.67,6.243849004168596,7.212366836498379,7.006299212598425,7.026905974988422,7.748142658638259,5.5,5.42,11.64,8.18,6,2017,29.31733333333335,959.5555555555555,86.36
2017-09-30,897.2700000000002,56.3,0.05919669143417916,-0.002142156175522209,111.22999999999999,65.2,80.51999999999998,3.56,832.0800000000002,53.11,60.21,217.21,537.01,2168.55,699.2,2958.5,0.0,215.68,0.0,225.29,105.26,330.55,922.18,2597.89,150.42999999999998,-134.34,-0.12999999999999545,15.319999999999997,15.032512433392542,1.26,0.13,0.15,0.24,1.6,7.6087480723398295,8.792681901023412,8.66639562596383,8.66639562596383,9.566185335763352,5.81,5.73,9.63,7.24,9,2017,-2.037333333333322,951.0666666666667,142.66
