,revenue,net_profit,eps,dps,gross_profit,ebit,ebitda,close_price,allowance_doubtful_accounts,expense,operating_profit,cash,account_receivable,inventory,current_asset,property_plant_equipment,total_asset,short_term_loan,account_payable,current_portion_long_term_debt,current_liability,non_current_liability,total_liability,paid_in_capital,total_equity,cash_flow_operation,cash_flow_investment,cash_flow_financing,depreciation,P/E,P/BV,D/E,EPS,DPS,DPR%,ROA%,ROAA%,ROE%,ROAE%,ROCE%,NPM%,NPMA%,TIE,CurrentRatio,QuickRatio,month,year,dividend,number_of_shares,return_old
2000-03-31,1645.7,-217.07,-5.43,0.0,388.42,-111.05,-29.08,7.55,0.0,1756.75,-168.45,489.57,2154.27,663.99,5704.53,2067.21,13337.88,1467.72,777.39,4155.22,8698.92,5296.85,13995.77,400.0,-1105.3,279.7,-66.17,-61.48,81.97,-0.3475,-2.73,-12.66,-5.43,0.0,0.0,-6.52,0.0,78.56,0.0,-9.56,-14.66,-13.19,0.0,0.66,0.58,3,2000,0.0,39.97605893186004,-217.07
2000-06-30,1600.6299999999999,-404.76000000000005,-10.121766399176625,0.0,409.68,-305.77,-260.36,5.5,0.0,1906.4,26.839999999999975,346.33,2114.27,705.06,5581.14,1681.29,12807.25,1321.73,644.11,8424.86,13264.21,655.24,13919.44,400.0,-1501.35,-162.95,147.18,115.03,45.41,-0.13442564729716375,-1.47,-9.27,-15.55,0.0,0.0,-12.653835292604091,0.0,107.84400366659699,0.0,237.50676036858948,-21.27,-19.15,0.0,0.42,0.37,6,2000,0.0,39.989067524115754,-621.83
2000-09-30,1663.04,-853.87,-21.345303449210544,0.0,351.7800000000001,-727.97,-658.1300000000001,3.85,0.0,2391.0099999999998,-19.639999999999986,481.56,2199.25,690.13,5178.41,1444.74,12210.03,1420.97,641.5,9109.98,13812.93,575.46,14388.39,400.0,-2492.64,-515.8199999999999,-68.30000000000001,48.69,69.84,-0.04320622577207304,-0.62,-5.77,-36.89,0.0,0.0,-27.98207847123399,0.0,137.01729077725827,0.0,165.30025181269906,-33.14,-30.06,0.0,0.37,0.32,9,2000,0.0,40.002710761724046,-1475.7
2000-12-31,2224.2200000000003,-210.18000000000006,-5.2548740123852244,0.0,442.4599999999998,-268.71000000000004,-173.45999999999992,1.43,0.0,2492.9300000000003,-234.05,494.43,2289.63,822.85,6049.5,1421.84,12812.82,939.68,849.67,9272.02,14196.35,573.02,14769.38,400.0,-2287.48,-21.220000000000027,292.24,426.62,95.25000000000003,-0.06015843562660575,-0.25,-6.46,-42.15,0.0,0.0,-6.562670652715497,0.0,36.75295038792798,0.0,50.95046053099866,-26.37,-23.63,0.0,0.43,0.37,12,2000,0.0,39.997153024911036,-1685.88
2001-03-31,1965.91,2751.2,27.59,0.0,430.4,-12.39,51.68,1.25,0.0,1978.3,17.74,364.21,2495.06,974.6,5850.94,1392.62,11507.76,958.86,943.34,750.89,3174.16,6458.95,9633.12,1150.0,1546.95,-855.58,100.88,-62.96,64.07,0.0125,0.93,6.23,27.59,0.0,0.0,95.64,-0.4,711.4,4983.48,-0.6,154.42,139.95,0.0,1.84,1.54,3,2001,0.0,99.71728887277999,2751.2
2001-06-30,2334.71,-8.199999999999818,-0.05500546846518288,0.0,420.01,157.72000000000003,220.01999999999998,1.03,0.0,2176.99,-4.719999999999999,254.88,2942.67,937.82,5451.61,1369.48,11275.16,889.15,1060.53,716.85,3139.15,6085.49,9224.64,1998.08,1735.57,-235.03999999999985,67.41,-430.03000000000003,62.30000000000001,-5.017682926829379,1.18,5.32,18.4,0.0,0.0,-0.2909310973386738,-0.014468829748450282,-1.8899161502004684,-28.007827925628252,-0.021404301859277688,70.53,63.78,0.0,1.74,1.44,6,2001,0.0,149.07608695652175,2743.0
2001-09-30,1841.2399999999998,115.44999999999982,0.6946911787857045,0.0,280.82000000000005,279.89,335.09,0.5,0.0,1561.3500000000004,-36.34,473.01,2676.75,1023.88,5506.73,1340.17,10748.48,797.96,970.9,716.01,3211.29,5984.71,9196.0,1998.08,1250.14,463.9799999999999,-31.53,-84.71000000000004,55.19999999999999,0.1856940233867478,0.8,7.36,17.2,0.0,0.0,4.295776382305089,0.5977575259318852,36.93979954170961,-74.33357169095127,0.9111763368259008,52.18,46.54,0.0,1.71,1.4,9,2001,0.0,166.18895348837208,2858.45
2001-12-31,2286.080000000001,-220.19999999999982,-1.2611473514640377,0.0,152.99,-18.52000000000004,-62.95999999999992,0.77,0.0,2304.5999999999995,-84.84,705.69,3075.45,715.32,5837.3,1051.12,11353.54,871.94,1152.45,732.98,3147.24,5758.5,8905.74,1998.08,2071.91,-453.41999999999996,737.69,252.32000000000005,-44.44,-0.14976441871026352,0.74,4.3,15.11,0.0,0.0,-7.758852269496818,-1.1251003506111998,-42.510097223538295,817.1834208281997,-1.655934047190371,34.3,31.3,0.0,1.85,1.63,12,2001,0.0,174.60291197882196,2638.25
2002-03-31,2398.65,278.47,1.39,0.0,325.78,424.3,450.48,1.17,0.0,1974.34,27.31,1048.37,2309.79,802.58,5858.61,1045.95,11236.63,934.68,1093.1,723.45,3186.24,5306.91,8493.14,1998.08,2362.82,551.64,423.01,-335.2,26.18,0.21,0.99,3.59,1.39,0.0,0.0,9.92,14.92,47.16,56.96,21.08,13.93,11.61,0.0,1.84,1.59,3,2002,0.0,200.3381294964029,278.47
2002-06-30,1953.9100000000003,1238.96,6.197126984440798,0.0,262.94000000000005,67.38999999999999,96.06999999999994,1.14,0.0,1886.53,-74.07,325.14,2280.7,832.95,4064.57,1039.76,8862.83,853.32,1111.25,500.11,2836.38,2099.56,4935.94,1998.08,3557.94,-246.01,-33.579999999999984,-1608.07,28.68,0.045928540872990246,0.64,1.39,7.59,0.0,0.0,55.912945440646354,15.937802205044054,139.29247214039526,187.2365164785196,26.650095490401537,39.84,34.86,0.0,1.43,1.14,6,2002,0.0,199.92490118577075,1517.43
2002-09-30,2015.5099999999993,7.6599999999998545,0.03832285307752257,0.0,263.48,73.85999999999996,101.42000000000007,0.85,0.0,1941.6599999999999,-45.830000000000005,365.59,2025.9,1102.55,4352.78,1018.91,8973.87,760.89,1256.93,653.27,3099.22,2206.92,5306.14,1998.08,3294.58,221.01999999999998,-68.88999999999999,62.16000000000008,27.560000000000002,5.47519255874684,0.52,1.61,7.63,0.0,0.0,0.3413395930731892,0.11532014504061837,0.9299946888380181,1.348281347330296,0.19347264751588064,26.74,23.95,0.0,1.4,1.05,9,2002,0.0,199.88073394495413,1525.09
2002-12-31,3450.16,365.3900000000001,1.8284189200626302,0.0,495.45000000000005,331.2900000000001,370.8299999999999,0.79,0.0,3118.87,29.590000000000003,628.52,2631.08,842.16,5040.81,1122.51,9642.93,849.45,1640.03,600.03,3603.76,2069.69,5673.45,1998.08,3583.99,298.15,-15.319999999999993,96.94999999999982,39.53999999999999,0.10347738033334243,0.44,1.58,9.46,0.0,0.0,15.153070119757949,6.60240912360882,40.781859633532235,51.68279272988871,11.480769963183956,21.36,19.25,0.0,1.4,1.17,12,2002,0.0,199.83932346723043,1890.48
2003-03-31,2562.64,247.68,1.24,0.0,387.98,353.35,383.56,0.99,0.0,2209.29,-15.24,609.36,2473.88,1160.9,5086.27,1152.48,10067.07,1051.29,1494.23,375.39,3677.61,2043.57,5721.18,1998.08,3924.83,-185.56,-103.28,96.03,30.21,0.1975,0.5,1.46,1.24,0.0,0.0,9.84,13.28,25.24,31.519999999999996,22.12,11.3,9.67,0.0,1.38,1.07,3,2003,0.0,199.74193548387098,247.68
2003-06-30,3144.5899999999997,119.38,0.598428594780145,0.0,415.52,191.16999999999996,227.23999999999995,1.9,0.0,2953.4300000000003,26.79,616.52,2870.47,784.01,5047.65,1150.36,10408.22,1215.02,1307.27,368.48,3667.92,1911.16,5579.08,1998.08,4411.76,-34.93000000000001,98.52,23.14,36.07,0.7917402412464399,0.86,1.26,1.84,0.0,0.0,4.592288999073721,7.3502642619735195,10.823751975153925,11.981581212880728,10.511528360486023,7.1,6.43,0.0,1.38,1.16,6,2003,0.0,199.4891304347826,367.06
2003-09-30,2332.8,142.99,0.7148799137339477,0.0,426.31999999999994,215.46000000000004,254.66000000000008,3.35,0.0,2117.33,64.37,508.58,2469.38,967.5,4755.5,1160.9,10630.02,1100.28,1110.24,378.48,3220.66,1900.33,5121.0,1998.08,5025.47,-8.629999999999995,-42.29,-111.16,39.2,1.1682031960276942,1.33,1.02,2.55,0.0,0.0,5.382625232820312,8.690696990491128,11.382009606901285,13.748121948828548,11.505361435153418,6.94,6.34,0.0,1.48,1.18,9,2003,0.0,200.01960784313727,510.05
2003-12-31,2781.6600000000008,-34.80000000000001,-0.017573908469226726,0.0,371.3900000000001,-6.220000000000027,55.40999999999997,6.0,0.0,2787.88,-171.41,1414.85,2570.24,901.82,5462.7,1186.45,11122.32,1116.01,1296.64,449.21,3367.92,2227.4,5595.32,1998.08,4976.37,-48.620000000000005,461.82,316.87,61.63000000000001,-85.35380747126435,2.41,1.12,0.24,0.0,0.0,-1.2506764860599686,-2.126442924776434,-2.7971804313519213,-3.2511730668069445,-2.84697317201473,4.77,4.39,0.0,1.62,1.35,12,2003,0.0,1980.2083333333335,475.25
2004-03-31,2298.02,104.35,0.05000000000000001,0.0,432.41,167.8,209.09,4.58,0.0,2130.22,65.8,874.64,2445.65,1109.94,5524.88,1167.68,11213.73,1131.5,1283.76,451.07,3384.05,2197.66,5581.72,1998.08,5084.6,61.33,-43.24,-13.76,41.29,22.9,1.8,1.1,0.05,0.0,0.0,3.7199999999999998,6.32,8.2,9.28,8.56,4.76,4.54,0.0,1.63,1.3,3,2004,0.0,2086.9999999999995,104.35
2004-06-30,2490.7500000000005,47.28,0.024944931741739763,0.1,411.04,95.90999999999997,168.73,3.76,0.0,2394.8400000000006,-47.959999999999994,632.58,2419.41,1358.88,5645.47,1139.67,11500.5,1107.48,1309.23,473.18,3619.3,2119.12,5738.42,1998.08,5072.58,21.239999999999995,77.77000000000001,-190.96,72.82,37.68300549915397,1.48,1.13,0.08,0.1,1.25,1.6463654949548243,3.005864274879641,3.729267295390095,3.9911890786783624,4.17827606674141,3.34,3.17,0.0,1.56,1.18,6,2004,189.53750000000002,1895.375,151.63
2004-09-30,2556.8099999999995,3.6100000000000136,0.0018603452718371624,0.0023254315897964385,349.47,48.79000000000002,98.94999999999999,4.04,0.0,2508.0099999999993,-69.62,669.41,2688.55,1347.74,5664.76,1126.34,11491.83,1071.66,1501.69,457.12,3823.06,2089.58,5912.65,1998.08,4918.5,11.530000000000001,-161.89,-77.46000000000001,50.16000000000001,542.909972299167,1.64,1.2,0.08,0.1,1.25,0.12557330584900844,0.26323885596495844,0.29393455295027165,0.29021386240659736,0.37858026281886253,2.23,2.11,0.0,1.48,1.13,9,2004,4.512499999999989,1940.5,155.24
2004-12-31,3315.16,46.97,0.023228326986795906,0.00403540873349488,418.91999999999985,104.45999999999998,155.63,3.4,0.0,3210.710000000001,-162.65,1180.96,2761.57,1254.58,6112.35,1114.86,11974.91,1157.81,1693.02,387.37,3949.38,2186.14,6135.52,1998.08,5202.15,247.38000000000002,209.69,52.20000000000002,51.16999999999999,36.5932510112838,1.31,1.18,0.1,0.1,1.0,1.5702349043074029,3.3541704168933286,3.6143276791454424,3.6886583255031895,4.831492013253548,2.02,1.9,0.0,1.55,1.23,12,2004,8.159999999999997,2022.1,202.21
2005-03-31,2251.98,-94.35,-0.05,0.0,312.51,-50.7,16.54,3.34,0.0,2302.68,-142.06,758.31,2644.85,1423.16,5762.08,1098.96,11443.93,1338.58,1369.44,367.12,3757.37,2138.45,5895.82,1998.08,4921.06,-536.61,-34.23,138.22,67.24,-16.7,1.36,1.2,-0.05,0.0,0.0,-3.28,-1.8,-7.68,-7.56,-2.64,-4.37,-4.19,0.0,1.53,1.15,3,2005,0.0,1886.9999999999998,-94.35
2005-06-30,2805.7900000000004,-219.45000000000002,-0.11189292543021033,0.05,373.88,-176.11,-108.25,2.66,0.0,2981.9,-328.05,568.38,2903.11,1372.78,5591.11,1090.89,10681.15,1207.24,1393.06,509.33,3963.85,2094.47,6058.32,1998.08,4065.44,-7.669999999999959,33.72,-58.120000000000005,67.86,-5.94496924128503,1.31,1.49,-0.16,0.05,-0.31,-8.224130019120459,-5.734512428298279,-21.595334608030594,-19.217609942638624,-9.454952198852773,-6.54,-6.2,0.0,1.41,1.06,6,2005,98.0625,1961.25,-313.8
2005-09-30,2606.49,-37.14999999999998,-0.019053996295768618,-0.0002956261575723021,328.23,-12.659999999999997,54.199999999999996,2.22,0.0,2619.1499999999996,-106.12,541.19,2570.2,1590.76,5652.75,1064.33,10720.97,1155.24,1641.75,463.92,4070.37,2066.62,6137.0,1998.08,4047.11,269.61999999999995,43.01,-117.8,66.86000000000001,-29.11987550471065,1.1,1.52,-0.18,0.05,-0.28,-1.3845903974925196,-0.9145918221968936,-3.6710699529847535,-3.3153953554637394,-1.5243197036614893,-4.8,-4.58,0.0,1.39,1.0,9,2005,-0.5763888888888857,1949.7222222222222,-350.95
2005-12-31,3001.4799999999996,-302.65000000000003,-0.15280676254589964,0.0007796562627498969,196.43999999999994,-290.42999999999995,-213.59,2.04,0.0,3291.91,-351.73,520.89,2750.96,1049.21,5077.66,1369.75,10463.53,972.33,1863.14,710.22,4443.76,1894.36,6338.12,1998.08,3661.95,64.65000000000003,-235.88,-57.769999999999996,76.84,-3.3365669915744256,1.11,1.73,-0.33,0.05,-0.15,-11.576269889840882,-8.742399020807834,-33.061826805385564,-27.319996940024485,-16.299388004895963,-6.38,-6.13,0.0,1.14,0.91,12,2005,1.544191919191917,1980.6060606060605,-653.6
2006-03-31,2375.35,-0.39,0.0,,425.56,32.29,65.87,2.8,0.0,2343.06,-57.87,397.06,2778.93,1133.59,4981.03,966.46,9738.74,882.1,1508.23,712.14,4020.14,1608.5,5628.64,1998.08,3706.0,100.37,-206.36,-72.2,33.58,0.0,1.51,1.52,0.0,0.0,0.0,-0.0,1.2,-0.04,-0.04,2.24,-0.02,-0.02,0.0,1.24,0.96,3,2006,,-inf,-0.39
2006-06-30,3259.98,534.26,0.2701972390282279,,297.03000000000003,590.1800000000001,647.2,2.36,0.0,2669.7999999999997,-207.18,534.99,2927.14,1064.08,5401.46,928.67,9891.98,665.78,1521.12,832.04,4027.68,1219.67,5247.35,1998.08,4235.07,-99.31,951.86,-484.96,57.019999999999996,2.1834049900797363,1.11,1.24,0.27,0.0,0.0,21.61577912225823,24.21767846104857,50.476847172532636,51.477577687452,42.47100305317774,11.26,9.47,0.0,1.34,1.08,6,2006,,1977.296296296296,533.87
2006-09-30,2356.63,98.24000000000001,0.04973311607156983,0.0,407.41999999999996,132.28999999999996,163.05999999999995,2.36,0.0,2224.34,-21.46999999999997,772.78,2675.56,823.31,5121.07,970.41,9507.95,750.06,1255.26,925.32,3839.19,1157.46,4996.66,1998.08,4076.03,92.64,-30.74000000000001,115.42999999999995,30.77000000000001,11.871365533387621,1.16,1.23,0.32,0.0,0.0,4.1340652734492425,4.6376130736738865,9.6420078783756,9.67309107592033,8.27434718640743,9.1,7.91,0.0,1.33,1.12,9,2006,0.0,1975.34375,632.11
2006-12-31,2882.7599999999993,-12.450000000000045,-0.006228415582738945,0.0,367.5,4.230000000000018,44.48000000000002,1.9,0.0,2878.54,-169.3,431.41,2863.15,731.88,4651.16,953.52,9034.82,711.9,1401.9,684.9,3734.54,974.37,4708.91,1998.08,3896.86,93.10000000000001,-203.06,-550.53,40.25,-76.27541767068244,0.97,1.21,0.31,0.0,0.0,-0.5513152373882473,-0.6260562243811145,-1.2778297776199898,-1.318013103960241,-1.1508504663847958,6.42,5.7,0.0,1.25,1.05,12,2006,0.0,1998.9032258064515,619.66
2007-03-31,2589.37,108.11,0.05,0.05,450.02,156.81,190.22,1.59,0.0,2432.56,44.41,725.02,3160.3,764.56,4996.13,936.22,9515.38,966.28,1323.06,706.47,4141.06,972.98,5114.04,1998.08,4000.32,-259.44,-106.56,354.53,33.41,7.95,0.79,1.28,0.05,0.05,1.0,4.56,6.52,10.8,11.24,11.68,4.37,4.18,0.0,1.21,1.02,3,2007,108.11,2162.2,108.11
2007-06-30,2538.49,64.67,0.03368619053131149,-0.006313809468688502,365.51,124.10000000000002,156.98,1.73,0.0,2414.39,-22.899999999999995,596.01,2939.59,810.25,4619.14,1006.24,9280.18,1138.87,1273.57,380.1,3923.28,867.86,4791.14,2000.0,4083.7,95.56,134.01,-358.58,32.88000000000001,12.837604762641101,0.85,1.17,0.09,0.05,0.56,2.7847250839217503,4.386690589188564,6.333003819886562,6.213230697997454,7.845139483736544,3.56,3.37,0.0,1.18,0.97,6,2007,-12.121111111111105,1919.7777777777778,172.78
2007-09-30,2966.59,103.28999999999999,0.05238019342920274,0.0013223296828904023,481.01,189.38,224.45,1.84,0.0,2777.21,46.91,405.61,3386.94,933.21,5004.03,922.86,9790.64,1141.82,1642.62,381.12,4315.75,872.43,5188.19,2000.0,4223.54,-80.24000000000001,13.080000000000002,-123.24000000000001,35.06999999999999,8.780036305547489,0.87,1.23,0.14,0.05,0.36,4.22034701343862,7.288329771434781,9.78761328648531,9.95223675154852,12.855596044481471,3.59,3.41,0.0,1.16,0.94,9,2007,2.6075396825396666,1971.928571428571,276.07
2007-12-31,3090.8900000000003,-47.129999999999995,-0.022644797763606186,0.0026268579415692247,361.8600000000001,7.829999999999984,42.90999999999997,2.32,0.0,3083.0499999999993,-125.46000000000001,563.3,3310.6,697.37,4804.74,899.97,9434.75,957.64,1649.33,883.27,4527.99,496.7,5024.7,2000.0,4063.74,160.68,227.78,-230.76999999999998,35.08,-25.61184277530236,1.14,1.24,0.11,0.05,0.45,-2.000976675111383,-4.265456451472001,-4.636007687603739,-4.734821350572202,-8.020375644273608,2.15,2.05,0.0,1.06,0.91,12,2007,5.467207792207802,2081.272727272727,228.94
2008-03-31,2748.89,121.54,0.06,0.0,407.05,190.8,224.19,2.34,0.0,2558.09,21.91,740.35,2975.72,873.34,4790.77,993.99,9522.65,916.04,1523.89,999.29,4525.15,493.92,5019.07,2000.0,4157.24,133.83,15.98,27.25,33.39,9.75,1.13,1.21,0.06,0.0,0.0,5.12,8.0,11.68,11.92,15.28,4.72,4.42,0.0,1.06,0.87,3,2008,0.0,2025.6666666666667,121.54
2008-06-30,2798.6700000000005,-1805.19,-0.9006382561696313,0.0,438.36999999999995,-1741.74,-1708.73,2.4,0.0,4540.41,24.16,370.73,3222.29,1182.65,5022.88,981.84,9802.11,1053.49,1781.99,764.55,4520.39,590.07,5110.46,2000.0,4330.1,-538.69,111.0,58.06999999999999,33.010000000000005,-0.6668604135852736,1.11,1.18,-0.84,0.0,0.0,-73.68078686187746,-69.73513354913433,-166.74673999940606,-171.63591910432692,-125.91780571971609,-32.76,-30.35,0.0,1.11,0.85,6,2008,0.0,2004.3452380952383,-1683.65
2008-09-30,3026.2599999999993,140.3900000000001,0.07004671928255776,0.0,504.17999999999995,231.55999999999995,266.53999999999996,2.12,0.0,2794.7000000000007,75.61000000000001,972.94,3322.37,882.85,5436.82,832.73,10202.91,1129.95,1347.48,769.03,4309.57,1200.96,5510.53,2000.0,4325.02,17.410000000000025,-10.439999999999998,595.23,34.97999999999999,7.557456015385706,0.98,1.27,-0.77,0.0,0.0,5.505490196078435,4.803203607946816,12.98320490390473,13.139672900224209,8.147252180449186,-19.28,-18.0,0.0,1.26,1.06,9,2008,0.0,2004.2337662337661,-1543.26
2008-12-31,1975.6599999999999,-443.45000000000005,-0.22097613642655448,0.0,317.26,-427.40999999999985,-393.8499999999999,1.5,0.0,2403.0699999999997,-152.16,508.93,2647.76,882.43,4294.34,938.78,8681.5,973.89,1255.29,194.48,3364.93,1069.65,4434.58,2000.0,3885.84,503.98,-14.920000000000002,-953.0699999999999,33.56,-1.702446273537039,0.77,1.14,-0.99,0.0,0.0,-20.42801616743259,-17.213817819409982,-45.65054487066558,-44.62378706504724,-29.338488254450827,-19.62,-18.83,0.0,1.28,1.01,12,2008,0.0,2006.7777777777778,-1986.71
2009-03-31,2330.05,73.98,0.04,0.0,385.38,140.68,173.48,1.8,0.0,2189.37,41.1,364.65,2738.85,749.89,4173.16,923.55,8634.42,896.85,1078.36,191.14,3229.98,1049.62,4279.59,2000.0,3997.58,-63.07,54.07,-135.27,32.8,11.25,0.9,1.07,0.04,0.0,0.0,3.44,6.2,7.4,7.24,10.4,3.32,3.18,0.0,1.29,1.06,3,2009,0.0,1849.5,73.98
2009-06-30,2567.24,69.07000000000001,0.03379867179307935,0.0,394.51,121.80000000000001,154.93000000000004,2.52,0.0,2445.4300000000003,19.129999999999995,320.29,3062.88,757.17,4530.21,908.14,8930.94,885.71,1281.79,183.31,3452.99,1039.34,4492.34,2000.0,4077.33,-93.28,99.98000000000002,-51.06999999999999,33.13000000000001,18.63978572462719,1.24,1.1,0.07,0.0,0.0,3.090164278224397,5.407787486892694,6.779047885354771,6.566599091226844,9.251179307934288,3.05,2.92,4.82,1.31,1.09,6,2009,0.0,2043.5714285714284,143.05
2009-09-30,2644.5200000000004,138.32999999999998,0.06882578719169806,0.0,415.7700000000001,166.5,199.21999999999997,3.02,0.0,2478.0299999999997,37.87,731.15,2855.04,668.22,4684.75,908.99,9224.8,1028.61,1257.36,162.57,3508.36,1114.55,4622.92,2000.0,4237.26,285.18,-13.330000000000013,139.01,32.72,10.96899913250922,1.43,1.09,0.14,0.0,0.0,5.99767574099083,8.691713696780154,13.057235055796431,12.919583481413035,14.748382969649581,3.91,3.73,4.75,1.34,1.14,9,2009,0.0,2009.8571428571427,281.38
2009-12-31,3064.29,74.78000000000003,0.03779312668463613,0.0,387.51,125.24000000000001,158.12,3.1,0.0,2939.0499999999993,51.68000000000001,593.62,2475.64,885.26,5728.65,912.09,10182.61,763.47,1789.3,216.06,4356.52,1227.58,5584.1,2000.0,4314.52,-191.63,-289.74,343.84999999999997,32.879999999999995,20.50372826959079,1.44,1.29,0.18,0.0,0.0,2.9394654088050323,4.938301886792455,6.92873989218329,7.298272686433066,7.986947439353102,3.53,3.36,4.71,1.31,1.11,12,2009,0.0,1978.666666666667,356.16
2010-03-31,2599.97,124.16,0.05999999999999999,0.0,372.91,181.58,212.25,1.83,0.0,2418.39,30.17,806.46,2978.44,693.34,5256.75,991.38,9945.9,1088.95,1496.21,212.02,3954.2,1259.82,5214.02,2000.0,4495.57,377.43,5.59,-170.18,30.67,7.625,0.81,1.16,0.06,0.0,0.0,5.0,7.8,11.04,11.68,12.12,5.13,4.78,5.77,1.33,1.15,3,2010,0.0,2069.3333333333335,124.16
2010-06-30,2334.0400000000004,129.47,0.06636084059456689,0.0,368.54,167.11999999999998,199.01,1.91,0.0,2166.9200000000005,44.53,739.6,2909.17,696.27,5159.42,979.62,9817.59,1115.7,1263.67,217.51,3712.01,1237.26,4949.27,2000.0,4635.15,-160.26000000000002,102.97999999999999,-9.579999999999984,31.89,7.194378427434926,0.82,1.07,0.13,0.0,0.0,5.268029807199464,7.595763908055042,11.16903994007018,11.88369514647321,11.659089224460828,5.51,5.14,5.94,1.39,1.2,6,2010,0.0,1951.0,253.63
2010-09-30,2537.95,-288.76,-0.16439510389980075,0.0,415.0,-252.85,-222.59,2.64,0.0,2790.7999999999993,43.7,772.95,2010.1,706.03,4805.65,967.92,9554.19,668.81,1272.64,189.35,3681.48,1263.54,4945.02,2000.0,4371.18,115.51000000000002,1.4300000000000068,-83.60000000000002,30.25999999999999,-4.014718105000694,1.21,1.13,-0.02,0.0,0.0,-12.165237688585254,33.53660119555935,-26.30321662396812,-26.960797039567318,53.59280387133503,-0.5,-0.47,1.1,1.31,1.11,9,2010,0.0,1756.5,-35.13
2010-12-31,3297.8599999999997,-103.73000000000002,-0.052290796485669026,0.0,473.1199999999999,-69.44,-39.099999999999994,2.74,342.66,3367.29,-67.23,856.86,2411.4,664.63,4972.63,975.01,9792.86,716.59,1795.78,834.85,4800.73,757.38,5558.1,2000.0,4019.7,164.45,-12.719999999999999,-67.82,30.340000000000003,-13.09886339535332,1.36,1.38,-0.07,0.0,0.0,-4.243024629122858,0.7768918335013684,-10.308757021460465,-9.950191559844448,1.5836641221374048,-1.35,-1.29,0.23,1.04,0.9,12,2010,0.0,1983.7142857142858,-138.86
2011-03-31,2775.16,143.44,0.07,0.05,397.94,188.38,218.94,2.62,0.0,2586.78,-33.16,603.18,2739.46,715.5,4524.53,1022.4,9610.0,1047.21,1489.77,863.14,4444.07,789.99,5234.06,2000.0,4163.13,-119.01,-83.78,-50.88,30.56,9.3575,1.26,1.26,0.07,0.05,0.71,5.96,7.72,13.799999999999999,13.24,14.6,5.62,5.17,5.84,1.02,0.86,3,2011,102.45714285714286,2049.142857142857,143.44
2011-06-30,3516.6800000000003,110.44,0.05655112651646447,-0.0024634810596682313,530.8,199.22000000000003,231.86,2.58,0.0,3317.4599999999996,84.16,414.51,2210.14,1293.54,5711.67,1045.2,10715.03,810.26,1733.53,876.05,5518.55,778.53,6297.07,2000.0,4199.29,-456.13,253.17,14.280000000000001,32.64,11.407818725099602,1.23,1.5,0.13,0.05,0.38,4.1238821490467945,6.577331022530329,10.527209705372616,10.0051993067591,12.980658578856152,4.26,4.04,5.82,1.03,0.8,6,2011,-4.8109890109890046,1952.923076923077,253.88
2011-09-30,3531.8099999999995,91.38,0.04499391762729537,0.001920737548959756,514.4100000000001,149.87,183.49999999999994,2.92,9.52,3381.9400000000005,35.18000000000001,510.36,3663.82,1275.84,5949.75,1060.0,11373.09,1442.91,1854.76,879.67,6089.97,795.55,6885.52,2000.0,4270.95,-15.899999999999977,-39.70999999999998,151.46,33.629999999999995,16.227748960385206,1.37,1.61,0.17,0.05,0.29,3.218388460870069,5.44161733186584,8.55413775125992,8.45885651393153,10.766779818108093,3.69,3.51,4.85,0.98,0.77,9,2011,3.9009049773755606,2030.941176470588,345.26
2011-12-31,4803.630000000001,-47.19,-0.023747777367732408,-0.0011022874610977596,596.0699999999999,41.039999999999964,72.67000000000007,3.08,11.82,4762.59,7.219999999999999,976.24,4196.12,1316.06,7232.65,1065.83,12251.86,1955.54,2826.63,183.43,6242.57,1603.7,7846.27,2000.0,4197.04,-143.38,-10.670000000000002,619.93,31.63000000000001,-32.418823373596105,1.47,1.87,0.15,0.05,0.33,-1.5388559734290603,-3.3246888314825376,-4.49624584829067,-4.597569698392995,-6.098429228033684,2.11,2.04,3.67,1.16,0.95,12,2011,-2.1903921568627283,1987.1333333333334,298.07
2012-03-31,3658.42,164.91,0.08,0.08,485.38,237.74,271.76,3.88,2.3,3420.67,30.12,327.16,2074.07,1165.84,7454.31,1066.6,12602.09,2235.05,2403.07,170.37,6394.28,1628.43,8022.72,2000.0,4372.84,-1357.13,-11.27,719.32,34.02,12.125,1.77,1.83,0.08,0.08,0.94,5.24,8.56,15.08,15.44,15.32,4.78,4.51,4.87,1.17,0.98,3,2012,164.91,2061.375,164.91
2012-06-30,3567.1800000000003,67.39000000000001,0.034811881188118815,-0.005188118811881182,484.03,148.59999999999997,183.07999999999998,3.7,6.63,3418.59,-15.41,338.85,3380.87,1881.08,8885.46,1118.07,13969.72,2354.15,2061.12,209.8,7806.98,1661.0,9467.98,2000.0,4299.18,-1314.48,170.06,1156.1,34.48,26.56851535836177,1.72,2.2,0.12,0.08,0.63,1.9262574257425744,3.6320396039603966,6.266138613861387,6.347366336633664,7.275683168316832,3.39,3.21,3.34,1.14,0.9,6,2012,-10.043333333333322,1935.8333333333335,232.3
2012-09-30,3710.9400000000005,135.44,0.06629466470876162,0.004196443139174426,532.9700000000001,237.55,274.40000000000003,4.56,8.92,3473.3899999999994,50.589999999999996,406.87,1811.39,1315.06,6805.6,1121.14,12053.24,1998.54,1548.38,152.34,5661.3,1736.0,7397.3,2000.0,4449.25,1375.91,-30.560000000000002,-1277.33,36.849999999999994,17.193691302421737,2.05,1.66,0.18,0.08,0.42,4.493305052482732,7.852234731059988,12.18348615869908,12.41920052210801,14.378576167944743,3.55,3.36,3.47,1.2,0.97,9,2012,8.573333333333352,2043.0000000000002,367.74
2012-12-31,4043.1699999999983,158.31999999999994,0.07824810858077023,-0.0007786184085465847,539.26,246.26999999999998,283.90999999999997,5.05,11.22,3796.91,-23.409999999999997,558.29,1885.43,1233.01,7874.19,1121.2,13329.97,2259.48,2000.78,179.91,6699.62,1828.53,8528.15,2000.0,4600.15,-331.8899999999999,25.659999999999997,457.65,37.640000000000015,16.13201932794341,2.2,1.85,0.26,0.08,0.29,4.755077367600652,8.185955974603655,13.77166711021556,14.397651978861724,15.7940797627647,3.72,3.51,3.7,1.18,0.99,12,2012,-1.575384615384678,2023.307692307692,526.06
2013-03-31,4055.33,379.83,0.19,0.1,522.62,472.09,509.84,7.0,2.3,3583.24,23.38,874.37,3037.45,1089.88,8844.0,1163.3,14104.23,2134.84,1906.44,180.59,6937.17,1837.53,8774.71,2000.0,5038.63,-200.6,674.76,-158.07,37.75,9.21,2.78,1.74,0.19,0.1,0.53,10.76,14.16,30.16,32.28,26.359999999999996,10.54,9.37,8.09,1.27,1.12,3,2013,199.91052631578947,1999.1052631578946,379.83
2013-06-30,3850.5299999999997,103.00999999999999,0.04906863557286058,0.0047729660909792415,575.34,207.08999999999997,245.90000000000003,5.45,0.0,3643.4400000000005,28.27,825.98,7085.12,1120.02,9871.01,1171.6,15000.32,3546.06,2331.45,183.83,7839.85,1862.31,9702.16,2099.96,5001.91,-439.09000000000003,235.07000000000005,155.63,38.81,27.77232307542957,2.29,1.94,0.23,0.1,0.43,2.7478435920801925,4.002293927595063,8.234997100488775,8.857955430370309,8.098458288459945,6.64,6.11,5.94,1.26,1.12,6,2013,10.019908466819203,2099.3043478260865,482.84
2013-09-30,3674.9399999999996,58.79000000000002,0.028221110352085382,-0.000773430281701993,523.1599999999999,149.80000000000007,189.35000000000002,4.58,6.12,3525.1499999999996,-2.1499999999999986,800.87,2803.84,1320.2,8545.53,1209.45,13646.54,1301.97,2081.6,189.25,6640.98,1664.53,8305.51,2099.96,5030.34,1384.5700000000002,-100.12,-1309.57,39.55,40.583094914101025,1.91,1.65,0.26,0.1,0.38,1.7236585861196765,2.800402488783857,4.6760208998763,4.962573712682091,5.13624208407954,5.02,4.68,4.75,1.29,1.09,9,2013,-1.6112040133778862,2083.1923076923076,541.63
2013-12-31,4381.560000000001,48.639999999999986,0.023072831077303603,0.0011818581066552248,603.77,120.13999999999999,162.4699999999999,3.6,9.76,4261.41,-90.19,758.57,3253.33,1277.31,8172.12,1247.55,13330.06,973.76,2063.17,227.02,6427.4,1513.87,7941.27,2099.96,5076.39,21.25,297.47,-361.02,42.33,39.015584909539484,1.49,1.56,0.28,0.1,0.36,1.460180595320785,2.3468365324343092,3.8333860775577273,4.021264844901484,4.532163247327493,3.95,3.7,4.37,1.27,1.07,12,2013,2.4914835164834983,2108.1071428571427,590.27
2014-03-31,3690.62,102.95,0.05,0.1,541.61,198.46,241.96,3.78,0.25,3492.17,1.56,776.22,2303.33,1674.12,7423.88,1118.87,12818.62,1296.34,1529.14,286.29,5773.4,1474.78,7248.18,2099.96,5260.47,600.0,-51.37,-530.98,43.5,18.9,1.51,1.38,0.05,0.1,1.9,3.2,5.88,7.84,8.0,11.28,2.95,2.79,4.23,1.29,1.0,3,2014,205.9,2059.0,102.95
2014-06-30,4117.36,55.730000000000004,0.02809679858835392,-0.003806402823292152,519.58,141.17999999999998,184.21,4.48,0.51,3976.17,77.64999999999999,541.66,3142.96,1561.96,7328.66,1111.84,12811.5,1202.37,1915.31,283.72,5803.05,1488.18,7291.23,2099.96,5200.6,-131.98000000000002,284.56,-387.14,43.03,39.86219271487529,1.81,1.4,0.08,0.1,1.19,1.742001512477943,3.427809427779178,4.2847617847239725,4.369052180489034,6.813473657675825,2.13,2.03,3.57,1.26,0.99,6,2014,-7.549999999999983,1983.5,158.68
2014-09-30,4324.0,100.44999999999999,0.04651719214293983,0.008146490178674784,566.26,176.94000000000005,221.75999999999993,4.9,2.73,4147.0599999999995,67.96,1623.59,2597.65,1284.11,8115.66,1132.79,13694.48,1113.24,2068.4,247.62,5834.18,1521.06,7355.23,2264.96,6032.17,508.46000000000004,70.38,503.09000000000003,44.81999999999999,26.332199850671977,1.84,1.22,0.12,0.1,0.79,2.9305831050052094,5.861166210010419,6.667464207154709,7.256681974298614,10.187265079303824,2.23,2.14,3.96,1.39,1.17,9,2014,17.59166666666664,2159.4166666666665,259.13
2014-12-31,3154.8999999999996,93.38,0.04238404584267113,0.0019867048688926203,652.9300000000001,157.91999999999996,202.5300000000001,4.26,71.45,2996.970000000001,-12.179999999999978,1757.05,2361.93,1319.31,8455.79,1039.17,13765.07,624.52,2324.38,343.37,6066.91,1286.86,7353.76,2264.96,6103.45,406.19000000000005,-73.88999999999999,-198.39999999999998,44.610000000000014,25.132098147354895,1.58,1.2,0.16,0.1,0.59,2.7125789339309523,5.276813707412556,6.124494624265978,6.68608323168137,9.282106039544978,2.44,2.31,4.13,1.39,1.18,12,2014,4.37708333333336,2203.1875,352.51
2015-03-31,2797.59,37.68,0.02,0.1,421.3,77.7,123.35,4.14,0.0,2719.88,-99.6,857.56,3934.64,1709.96,7514.34,1023.77,12934.13,1826.31,1522.1,282.54,5172.46,1295.39,6467.85,2264.96,6160.03,-1177.64,219.31,62.64,45.65,51.75,1.52,1.05,0.02,0.1,5.0,1.16,2.4,2.44,2.64,4.0,1.44,1.35,2.43,1.45,1.12,3,2015,188.4,1884.0,37.68
2015-06-30,2614.6499999999996,-4.299999999999997,-0.001288196524865188,0.04355901737567406,427.21999999999997,43.67,87.25,3.6,6.68,2570.99,67.66999999999999,512.11,2980.61,1483.67,7697.81,979.27,12998.26,507.11,1496.52,134.93,5174.34,1588.59,6762.93,2264.96,5930.72,-407.5899999999999,-39.44999999999999,96.47000000000001,43.580000000000005,-698.6511627906982,1.37,1.14,0.01,0.1,10.0,-0.13397243858597954,-0.48436189334931057,-0.2885560215698021,-0.30916716596764504,-0.7986818454164164,0.66,0.62,1.79,1.49,1.2,6,2015,145.4,3338.0,33.38
2015-09-30,3195.17,100.88,0.04508267540592879,-0.04917324594071207,495.77,157.26999999999998,200.02,2.6,9.24,3037.9000000000005,-122.73999999999998,507.83,2973.06,1311.79,7566.22,975.08,12987.89,533.48,1417.99,112.87,5052.93,1598.3,6651.23,2264.96,6026.6,10.910000000000082,138.61,-154.37,42.749999999999986,14.41684625297383,0.98,1.1,0.06,0.1,1.67,3.095677044540444,6.281519439892745,6.702291077014748,6.702291077014748,10.549346044987338,1.67,1.56,2.88,1.5,1.24,9,2015,-110.03333333333336,2237.6666666666665,134.26
2015-12-31,3642.6100000000006,75.66,0.032438071646341465,0.0040634527439024435,574.9300000000001,140.25,193.65999999999997,2.32,30.7,3502.3599999999988,48.18999999999998,734.81,3357.74,1043.89,8258.5,1687.77,14282.99,533.34,1774.36,124.15,5607.62,2081.96,7689.58,2264.96,6160.46,-208.1400000000001,96.97999999999996,338.28999999999996,53.41,17.881765794343114,0.85,1.25,0.09,0.1,1.11,2.1192873475609755,4.310659298780489,4.916169969512196,4.9305868902439025,6.963372713414635,1.83,1.71,2.69,1.47,1.29,12,2015,9.477777777777789,2332.4444444444443,209.92
2016-03-31,3332.02,121.86,0.05,0.05,493.83,191.47,243.13,2.52,1.96,3140.56,25.63,715.9,3589.64,1013.26,8324.88,1942.71,14728.48,1919.86,1723.56,142.42,5887.98,2196.12,8084.1,2264.96,6301.72,-857.36,482.68,356.36,51.66,12.6,0.91,1.28,0.05,0.05,1.0,3.32,5.52,7.719999999999999,7.84,8.68,3.89,3.66,6.05,1.41,1.24,3,2016,121.86,2437.2,121.86
2016-06-30,3735.0099999999998,64.14,0.027587096774193548,-0.0024129032258064513,452.40000000000003,107.69000000000003,158.51,2.64,4.76,3627.31,-72.14,587.28,4306.42,1050.67,8812.27,1921.5,15162.01,2064.96,2235.04,141.25,6411.2,2175.1,8586.29,2264.96,6246.7,-435.1,261.64000000000004,44.69,50.82000000000001,23.92422825070159,0.96,1.37,0.08,0.05,0.63,1.6966064516129031,2.9242322580645164,4.110477419354839,4.207032258064515,4.717393548387097,2.81,2.63,3.11,1.37,1.21,6,2016,-5.609999999999999,2325.0,186.0
2016-09-30,3677.7200000000003,89.41000000000003,0.03895719109691007,-0.000651755564431207,500.96000000000004,158.25,209.49,3.2,8.45,3519.4700000000003,15.389999999999997,515.08,4709.55,990.81,8560.78,1883.43,15024.81,2040.14,1859.05,139.13,6223.88,2159.66,8383.54,2264.96,6307.5,759.09,-616.01,-215.47,51.239999999999995,20.5379283637177,1.15,1.33,0.12,0.05,0.42,2.3763886569115145,4.246333829563198,5.674764169783233,5.8046214734396,6.752579790131079,2.72,2.56,3.41,1.38,1.22,9,2016,-1.495833333333323,2295.0833333333335,275.41
2016-12-31,3764.2700000000004,-102.99000000000004,-0.0477856397169702,-0.0032440165487375825,492.3799999999999,-47.81,4.470000000000027,3.12,88.42,3812.08,-110.51999999999998,833.67,3939.18,1334.1,9328.35,1823.13,15709.87,1582.8,2311.48,140.57,6953.82,2131.46,9085.28,2264.96,6295.39,1468.3899999999999,-578.48,-571.73,52.28,-16.322895426740452,1.12,1.44,0.08,0.05,0.63,-2.6282101844333616,-6.522739821366434,-6.546632641224919,-6.618311100800374,-11.181839693771028,1.26,1.19,2.16,1.34,1.15,12,2016,-6.991666666666674,2155.25,172.42
2017-03-31,4100.91,200.29,0.09,0.07,596.37,277.24,333.13,3.2,3.07,3823.68,104.97,648.39,2606.39,1129.17,7229.96,1829.73,15141.56,1510.74,1816.78,137.63,6216.67,2112.32,8328.99,2264.96,6479.98,-833.63,756.33,-106.8,55.89,8.89,1.12,1.29,0.09,0.07,0.78,5.28,7.44,12.36,12.52,12.44,5.15,4.88,7.83,1.16,0.98,3,2017,155.78111111111113,2225.4444444444443,200.29
2017-06-30,3302.87,18.610000000000014,0.00850159890360896,-0.0011654230749708141,483.41999999999996,86.01999999999998,134.09000000000003,3.24,22.66,3216.8400000000006,-37.91,977.1,2450.1,1085.66,7222.52,1798.76,14951.82,637.0,1728.36,135.51,5181.18,3110.53,8291.72,2264.96,6371.43,-138.61,526.65,-58.730000000000004,48.06999999999999,95.27619559376672,1.15,1.3,0.1,0.07,0.7,0.49649337597076326,0.8195541343079038,1.169820009136593,1.1800219278209239,1.2650379168570134,3.12,2.96,4.15,1.39,1.18,6,2017,-2.551111111111112,2189.0,218.9
2017-09-30,4364.670000000001,-83.77000000000001,-0.03719529342115001,0.0019632946051949913,500.3900000000001,-60.81999999999999,-7.090000000000032,3.4,0.0,4425.49,-367.67,695.3,4405.47,1428.07,7491.66,1259.67,14835.26,1289.18,2105.02,70.56,5384.04,3014.38,8398.42,2264.96,6315.14,-209.46000000000004,-159.54999999999995,87.17,53.730000000000004,-22.853697922884084,1.22,1.33,0.06,0.07,1.17,-2.2565144675497675,-5.033763042995634,-5.306528528084068,-5.306528528084068,-7.934995929845336,1.21,1.15,2.56,1.39,1.13,9,2017,4.421666666666653,2252.1666666666665,135.13
