,revenue,net_profit,eps,dps,gross_profit,ebit,ebitda,close_price,expense,operating_profit,cash,account_receivable,inventory,current_asset,property_plant_equipment,total_asset,short_term_loan,account_payable,current_portion_long_term_debt,current_liability,non_current_liability,total_liability,paid_in_capital,total_equity,cash_flow_operation,cash_flow_investment,cash_flow_financing,depreciation,P/E,P/BV,D/E,EPS,DPS,DPR%,ROA%,ROAA%,ROE%,ROAE%,ROCE%,NPM%,NPMA%,TIE,CurrentRatio,QuickRatio,month,year,dividend,number_of_shares,return_old
1999-06-30,,,,,,,,19.5,,,63.83,854.16,892.44,1892.01,2271.03,4739.14,2727.58,221.78,0.0,3171.4,59.3,3230.7,518.4,1508.45,,,,,,6.7,2.14,0.78,1.25,1.6,,,,,,3.09,3.03,0.0,0.6,0.32,6,1999,,51.705128205128204,40.33
1999-09-30,1405.4399999999998,67.81,1.310550212687257,0.0008817511013740647,305.25,28.08,175.82999999999998,16.25,1377.3600000000001,68.75999999999999,62.5,937.83,861.29,1973.42,2203.41,4773.74,2697.54,254.5,0.0,3199.2,62.81,3262.02,518.4,1511.72,170.77000000000004,-77.25,-94.83999999999997,147.75,3.1017888217077125,5.57,2.16,2.09,1.25,0.6,5.6936822637321995,0.0,17.93384501572036,0.0,17.231540595524322,4.01,3.95,0.0,0.62,0.35,9,1999,0.045623236412723145,51.74162679425838,108.14
1999-12-31,1435.0100000000002,149.78000000000003,2.891999069478909,1.25119561571705,248.50000000000006,260.99,409.2,18.25,1174.02,185.57999999999998,728.86,838.63,867.79,2548.73,2139.39,5309.4,2963.5,358.15,0.0,3645.57,63.29,3708.86,518.4,1600.55,546.74,-81.55,201.16,148.20999999999998,1.5756229136066229,5.91,2.32,4.98,2.5,0.5,11.289249379652608,0.0,37.421771091811415,0.0,51.544947270471475,6.28,6.18,0.0,0.7,0.46,12,1999,64.80087815376336,51.791164658634536,257.92
2000-03-31,5557.99,308.8,5.96,0.0,983.85,342.07,930.41,20.0,5215.91,255.16,72.06,808.56,897.75,1920.0,2078.05,4616.15,2394.73,265.84,0.0,2933.62,56.22,2989.85,518.4,1626.3,1061.13,-277.42,-759.55,588.34,0.84,6.38,1.84,5.96,0.0,0.0,26.76,0.0,75.96,0.0,81.32,5.65,5.56,0.0,0.65,0.35,3,2000,0.0,51.81208053691275,308.8
2000-06-30,-4119.5199999999995,-215.41000000000003,-4.151814969482815,1.25,-683.8,-186.19,-661.81,20.0,-3933.31,-115.82999999999998,59.98,850.94,998.87,2068.56,2043.33,4734.84,2293.78,275.87,0.0,2942.66,73.6,3016.26,518.4,1718.58,-896.4300000000001,201.60000000000002,658.5999999999999,-475.62,-1.204172160066849,6.03,1.76,1.8,1.25,0.69,-18.175723310846987,-30.354380554663248,-50.098567298425955,-53.42001927401221,-80.26842274333441,6.61,6.49,0.0,0.7,0.36,6,2000,64.85416666666667,51.88333333333333,93.39
2000-09-30,1567.8,106.76,2.0589238071446414,-0.0007473561495546304,367.96,188.82999999999998,304.40999999999997,22.5,1378.96,201.42999999999998,39.59,929.57,991.62,2113.69,2034.35,4770.27,2244.19,276.32,0.0,2921.89,90.84,3012.72,518.4,1757.54,198.41000000000003,-104.42000000000002,-114.39,115.58000000000001,2.7324711970775573,6.64,1.71,3.86,1.25,0.32,8.961119160629528,15.404590557082187,24.30170172370722,26.115261553834625,39.7916362727954,6.73,6.66,0.0,0.72,0.38,9,2000,-0.038752158894652666,51.85233160621762,200.15
2000-12-31,1608.5800000000004,148.35,2.86057962697274,0.00018770303521388417,432.95000000000005,248.26000000000005,366.38,26.5,1360.3200000000002,235.59000000000003,70.17,912.89,915.36,2031.69,2013.58,4672.19,2003.21,271.76,0.0,2725.02,117.99,2843.01,518.4,1829.18,366.73,-159.96999999999997,-176.17999999999998,118.12,2.313936636332996,7.51,1.55,6.72,1.25,0.19,12.702335724533715,20.22838450502152,32.43692969870875,34.599391678622666,51.848005738880914,7.63,7.55,0.0,0.75,0.41,12,2000,0.009734301751791463,51.86011904761905,348.5
2001-03-31,6120.51,433.41,8.36,1.5,1511.55,775.97,1241.34,27.0,5344.54,808.43,49.23,977.41,1004.87,2157.87,1972.78,4564.59,1969.78,276.65,0.0,2635.99,135.39,2771.38,518.4,1793.21,866.66,-321.97,-567.52,465.37,0.8075,7.81,1.55,8.36,1.5,0.18,38.0,67.6,96.68,101.4,160.92,7.09,7.08,0.0,0.82,0.44,3,2001,77.76495215311006,51.84330143540671,433.41
2001-06-30,-4550.81,-265.78000000000003,-5.121215772833026,1.501576117314648,-1089.6299999999999,-511.11,-882.75,30.0,-4039.7,-561.67,139.05,1006.0,1066.88,2361.55,1955.44,4772.86,1870.49,290.92,0.0,2642.67,160.48,2803.15,518.4,1969.71,-603.3499999999999,247.76000000000005,468.24,-371.64,-1.4648230679509364,7.9,1.42,3.23,3.0,0.93,-22.260640696772654,-35.32529022251387,-53.970955079639694,-57.649351548052266,-78.83184155580744,10.82,10.68,0.0,0.89,0.49,6,2001,77.9285462989023,51.89783281733746,167.63
2001-09-30,1537.7,143.36,2.7658767162931284,-0.0038296752695397072,373.72999999999996,227.86,326.83,29.5,1309.8500000000001,200.44,56.15,954.87,1149.61,2275.23,1949.17,4686.89,1774.56,305.6,0.0,2467.57,187.68,2655.26,518.4,2031.63,174.75,-83.95,-173.70000000000002,98.96999999999998,2.6682317243303566,7.53,1.31,6.0,3.0,0.5,12.243614264124249,19.21362358918293,28.230381684298536,30.258691276246825,40.934975401138296,10.16,10.01,0.0,0.92,0.46,9,2001,-0.19849845201235894,51.83166666666667,310.99
2001-12-31,1400.1399999999999,102.75,1.9817880794701987,1.5008940397350994,273.9599999999999,160.64,240.71000000000004,31.75,1239.48,144.45999999999998,28.02,878.03,1129.58,2176.17,2045.69,4694.77,1791.22,326.2,0.0,2441.36,191.69,2633.05,518.4,2061.72,127.53000000000003,-172.33,16.660000000000025,80.07,4.0065333333333335,7.98,1.28,7.98,4.5,0.56,8.751655629139073,13.857615894039734,19.937086092715234,21.129139072847682,28.79801324503311,9.31,9.18,0.0,0.89,0.43,12,2001,77.81703007518797,51.847117794486216,413.74
2002-03-31,5866.06,513.17,9.9,0.0,1271.05,799.25,1144.34,39.5,5066.81,700.15,58.08,869.09,1002.6,2000.13,2170.49,4666.3,1746.34,303.66,0.0,2307.58,194.05,2501.63,518.4,2164.67,913.19,-525.38,-378.96,345.09,0.9975,9.46,1.16,9.9,0.0,0.0,44.0,69.28,94.84,103.72,135.52,8.9,8.75,0.0,0.87,0.43,3,2002,0.0,51.835353535353526,513.17
2002-06-30,-4540.84,-419.16999999999996,-8.071252127659573,0.0,-1006.47,-661.29,-944.8799999999999,47.0,-3879.55,-595.3299999999999,64.04,865.74,972.93,1937.42,2170.34,4602.54,1513.4,289.23,0.0,2127.26,216.97,2344.23,518.4,2258.31,-621.34,466.2,152.24999999999997,-283.59,-1.4559605887825942,10.79,1.04,1.81,0.0,0.0,-36.38752340425532,-52.44084255319148,-74.2020085106383,-79.37474468085105,-99.3522085106383,7.28,7.09,0.0,0.91,0.45,6,2002,0.0,51.93370165745856,94.0
2002-09-30,1383.3700000000001,102.13999999999999,1.9684368308351177,1.5,327.42,150.52,215.62999999999997,42.0,1232.8500000000001,154.8,40.44,888.42,951.77,1922.96,2198.08,4613.9,1439.66,341.29,0.0,2093.84,241.61,2335.44,518.4,2278.46,216.69,-82.56,-157.73,65.11,5.333648423732132,9.56,1.03,3.78,1.5,0.4,8.85275823391455,12.914612011828286,17.93464668094218,18.955317630264094,23.850372183134493,7.32,7.24,0.0,0.92,0.46,9,2002,77.83333333333333,51.888888888888886,196.14
2002-12-31,1300.8899999999999,98.61000000000001,1.9002707379134862,1.250107435679955,269.04999999999995,152.39999999999998,220.94,39.5,1148.4899999999998,130.95999999999998,62.3,859.07,989.56,1962.93,2380.44,4845.95,1616.08,340.79,0.0,2265.93,265.44,2531.38,518.4,2314.57,87.93,-242.49,176.42,68.54,5.193470489808336,8.85,1.09,5.68,2.75,0.48,8.136370483460562,12.365141984732826,17.03552569974555,18.02580763358779,22.87015979643766,7.44,7.35,0.0,0.87,0.43,12,2002,64.87133215962443,51.892605633802816,294.75
2003-03-31,5342.25,395.08,7.62,0.0,1168.62,604.36,866.91,36.75,4737.89,547.01,49.66,698.91,978.75,1787.5,2506.39,4799.0,1420.2,387.6,0.0,2090.6,289.76,2380.36,518.4,2418.65,1035.01,-574.73,-468.7,262.55,1.205,7.88,0.98,7.62,0.0,0.0,32.92,51.07999999999999,65.32,68.96,89.24,7.48,7.4,0.0,0.86,0.39,3,2003,0.0,51.84776902887139,395.08
2003-06-30,-3913.37,-257.03,-4.952551973922492,0.0,-876.6299999999999,-413.87,-608.93,41.5,-3499.5,-394.07,42.29,779.68,1136.51,2025.38,2554.22,5107.57,1552.35,354.82,0.0,2234.26,306.69,2540.95,518.4,2566.62,-1067.82,468.01,600.85,-195.06,-2.0946776640859044,8.38,0.99,2.66,0.0,0.0,-20.108105758783047,-29.19399058312205,-40.06726258601955,-42.599394422310745,-49.37657080767837,9.92,9.66,0.0,0.91,0.4,6,2003,0.0,51.8984962406015,138.05
2003-09-30,1362.1099999999997,96.60999999999999,1.8650102275632827,1.25,225.91999999999996,133.95,204.38,48.75,1228.16,88.55000000000001,76.52,689.89,1191.41,2017.56,2828.86,5177.81,1515.95,446.74,0.0,2234.4,328.64,2563.04,518.4,2614.77,221.07,-105.43,-81.4,70.42999999999999,6.533851568160647,9.67,0.98,4.53,1.25,0.28,7.460040910253131,10.918338020966504,14.771869087189977,15.7928901389244,18.14782579050541,8.67,8.41,0.0,0.9,0.37,9,2003,64.75165562913907,51.80132450331126,234.66
2003-12-31,1436.8900000000003,88.91,1.7146163117717959,1.2512738167140718,259.05000000000007,136.68,211.01999999999998,47.25,1300.21,111.0,29.35,758.06,1099.22,1949.49,2868.52,5454.76,1818.55,356.65,0.0,2456.02,347.75,2803.77,518.4,2650.98,60.32000000000002,-393.76,286.26,74.34,6.887371780452143,9.24,1.06,6.24,2.5,0.4,6.517740210773557,9.837061532280496,13.420169978675403,14.32144265537596,16.904358253237323,7.86,7.65,0.0,0.79,0.35,12,2003,64.88376103752759,51.854166666666664,323.57
2004-03-31,5728.74,442.1,8.53,0.0,1038.61,627.39,917.0,44.75,5101.35,492.41,53.21,847.42,1055.25,2012.82,2872.67,5525.47,1806.28,361.6,0.0,2424.82,345.6,2770.42,518.4,2755.04,435.45,-686.88,254.97,289.61,1.3125,8.42,1.01,8.53,0.0,0.0,32.0,48.6,64.2,68.36,80.92,7.9,7.72,0.0,0.83,0.39,3,2004,0.0,51.828839390386875,442.1
2004-06-30,-4217.73,-333.74,-6.43703026947213,0.0,-779.0699999999999,-476.95,-680.91,45.0,-3740.7700000000004,-356.13,56.81,821.37,1199.9,2132.75,2943.7,5716.57,1834.07,380.29,0.0,2509.7,346.99,2856.69,518.4,2859.89,-298.41999999999996,530.69,-232.21,-203.96,-1.747611014562234,8.16,1.0,2.09,0.0,0.0,-23.407382798080473,-34.2486969361388,-46.6915688445921,-49.155503875968996,-57.779276485788124,7.24,7.17,0.0,0.85,0.37,6,2004,0.0,51.84688995215311,108.36
2004-09-30,1609.86,115.05999999999999,2.2196249216721866,1.25,286.96999999999997,166.57999999999998,254.66,44.0,1443.27,156.4,121.2,854.85,1266.05,2289.72,3072.7,6002.27,2009.13,454.48,0.0,2738.89,353.73,3092.62,518.4,2909.65,165.57000000000002,-218.26,117.07000000000001,88.07999999999998,4.956366678254824,7.84,1.06,4.31,1.25,0.29,7.66311341867335,11.68006803330051,15.820621251454657,16.66521170888909,20.002374004117804,7.22,7.16,0.0,0.84,0.37,9,2004,64.7969837587007,51.83758700696056,223.42
2004-12-31,1616.5299999999997,96.94000000000003,1.8700499438132103,1.2500144848646204,277.78999999999996,149.0,238.07000000000005,42.5,1467.5300000000002,148.13,92.99,882.28,1193.85,2226.9,3096.1,5958.69,1980.43,422.34,0.0,2669.27,345.3,3014.57,518.4,2944.12,108.88,-111.99000000000001,-25.090000000000018,89.07000000000002,5.684126263668247,7.48,1.02,6.18,2.5,0.4,6.511889124734675,9.888872518416784,13.169024847047075,13.858946185541267,17.151202397303038,6.8,6.76,0.0,0.83,0.39,12,2004,64.79848549696275,51.83818770226538,320.36
2005-03-31,6309.19,385.15,7.43,0.0,1050.53,575.86,930.99,42.25,5733.34,548.21,79.5,932.61,1185.99,2253.44,3094.67,5983.18,1961.05,421.48,0.0,2623.22,350.85,2974.07,518.4,3009.11,592.67,-581.59,15.21,355.13,1.4224999999999999,7.28,0.99,7.43,0.0,0.0,25.76,40.04,51.2,53.44,68.56,6.14,6.1,0.0,0.86,0.41,3,2005,0.0,51.8371467025572,385.15
2005-06-30,-4734.69,-284.09,-5.48164951513952,0.0,-796.4,-427.49,-682.24,38.75,-4307.21,-416.88,72.28,992.91,1334.22,2459.04,3136.74,6307.98,2126.91,435.26,0.0,2852.97,344.82,3197.79,518.4,3110.19,-544.99,370.45000000000005,141.03,-254.75,-1.7671003907212506,6.46,1.03,1.95,0.0,0.0,-17.99105481891945,-27.773690876706905,-36.54433010093013,-38.118547397585594,-48.23851573322778,6.49,6.42,0.0,0.86,0.39,6,2005,0.0,51.825641025641026,101.06
2005-09-30,1634.0100000000002,116.85,2.2521683263732735,1.25,283.49,178.15999999999997,280.09000000000003,40.5,1455.85,158.93999999999997,25.09,1058.63,1391.19,2529.31,3370.3,6625.73,2401.08,466.0,0.0,3115.56,346.27,3461.84,518.4,3163.89,66.05000000000001,-335.20000000000005,221.95999999999998,101.93,4.494335472828412,6.64,1.09,4.2,1.25,0.3,7.056794089302922,11.089247854618879,14.778514065439857,15.400541507962,19.947776605020422,6.87,6.79,0.0,0.81,0.37,9,2005,64.85416666666667,51.88333333333333,217.91
2005-12-31,1651.46,108.77000000000001,2.0976215256520145,1.249292120729766,258.33000000000004,171.54000000000002,274.4599999999999,39.75,1479.9199999999996,141.31,42.86,1032.08,1275.04,2400.53,3351.68,6497.01,2331.75,365.66,0.0,2943.43,347.03,3290.46,518.4,3206.56,172.39,-83.76999999999998,-70.84999999999997,102.92000000000002,4.7378661395605395,6.43,1.03,6.3,2.5,0.4,6.6990706501775446,10.654585527121343,13.571278315170808,14.143962287253583,18.672161136280153,6.82,6.72,0.0,0.82,0.38,12,2005,64.78075396825396,51.853968253968254,326.68
2006-03-31,6469.51,401.34,7.74,0.0,1018.72,623.94,1034.8,40.0,5845.57,543.4,41.53,885.36,1161.35,2152.83,3388.01,6298.35,2039.42,419.9,0.0,2668.52,346.36,3014.88,518.4,3283.47,868.31,-768.58,-137.7,410.86,1.2925,6.32,0.92,7.74,0.0,0.0,25.480000000000004,40.64,48.88,51.040000000000006,68.76,6.28,6.2,0.0,0.81,0.37,3,2006,0.0,51.85271317829457,401.34
2006-06-30,-4916.07,-338.09,-6.521261660079051,0.0,-819.74,-515.3100000000001,-819.0,40.25,-4400.76,-444.9,51.3,990.98,1285.49,2395.56,3523.95,6666.01,2283.3,454.5,0.0,2983.49,341.1,3324.59,518.4,3341.42,-846.5899999999999,536.11,358.22,-303.69,-1.5429452956313412,6.24,0.99,1.22,0.0,0.0,-20.312126482213436,-35.70658023715414,-40.41044110671936,-41.90712411067194,-63.074498023715414,4.1,4.07,0.0,0.8,0.37,6,2006,0.0,51.84426229508197,63.25
2006-09-30,1687.0700000000002,79.38999999999999,1.5305839876612448,1.25,234.10999999999999,134.21,246.5,39.5,1552.8600000000001,133.73,69.82,963.01,1258.69,2355.78,3658.27,6758.87,2416.37,428.56,0.0,3062.56,338.44,3401.0,518.4,3357.86,224.12,-245.59,39.98999999999998,112.29,6.450152412142588,6.1,1.01,2.75,1.25,0.45,4.697501402131239,8.081483454851373,9.46179192372406,9.728948401570387,14.626817162086372,4.42,4.4,0.0,0.77,0.36,9,2006,64.83636363636363,51.86909090909091,142.64
2006-12-31,1564.38,69.18,1.3357860447549808,1.2480845657977186,221.13000000000005,121.71000000000001,240.23999999999995,35.25,1442.67,115.72,54.37,1011.35,1301.03,2440.14,3625.63,6812.6,2542.31,346.23,0.0,3111.39,342.58,3453.97,518.4,3358.63,-28.819999999999993,-84.93,98.31,118.53,6.598324660306446,5.44,1.03,4.09,2.5,0.61,4.062879803606836,7.159029364554812,8.243334906996507,8.426229817769807,12.86796336512133,4.43,4.41,0.0,0.78,0.37,12,2006,64.63796399199823,51.789731051344745,211.82
2007-03-31,6323.82,250.25,4.83,0.0,832.64,442.69,899.38,35.5,5881.13,417.4,41.29,833.68,1372.06,2302.41,3560.4,6618.24,2301.35,396.78,0.0,2874.6,345.67,3220.26,518.4,3397.98,588.38,-613.56,24.95,456.69,1.8375,5.42,0.95,4.83,0.0,0.0,15.12,27.4,29.44,29.96,47.32,3.98,3.96,0.0,0.8,0.32,3,2007,0.0,51.81159420289855,250.25
2007-06-30,-4821.0,-238.64,-4.522032730404823,0.0,-688.42,-403.22,-732.51,36.0,-4417.780000000001,-381.57,28.16,961.1,1313.15,2362.59,3531.9,6644.9,2347.51,347.22,0.0,2889.96,343.06,3233.02,518.4,3411.88,-529.75,522.02,-5.169999999999998,-329.28999999999996,-1.990299614482065,5.47,0.95,0.22,0.0,0.0,-13.97719207579673,-48.509078380706285,-27.95438415159346,-27.95438415159346,-86.3297157622739,0.77,0.77,0.0,0.82,0.36,6,2007,0.0,52.77272727272727,11.61
2007-09-30,1509.0200000000002,-1.9699999999999989,-0.0388278008298755,1.25,145.79999999999998,22.58,156.17000000000002,31.0,1486.4500000000003,27.04,37.52,963.08,1342.44,2398.95,3513.69,6667.96,2409.46,379.05,0.0,2971.97,348.47,3320.44,518.4,3347.52,151.25,-114.58,-27.32,133.59,-199.60182741116762,4.8,0.99,0.19,1.25,6.58,-0.1144398340248962,-0.7520331950207464,-0.23705394190871354,-0.23705394190871354,-1.3732780082987543,0.32,0.32,0.0,0.81,0.36,9,2007,63.421052631578945,50.73684210526316,9.64
2007-12-31,1505.9399999999996,44.519999999999996,0.8548892171344166,1.2821659022001086,190.59000000000003,85.33999999999999,219.08999999999997,27.75,1420.5900000000001,78.66999999999999,55.53,981.19,1260.18,2355.62,3444.24,6551.82,2329.79,323.42,0.0,2872.75,352.82,3225.58,518.4,3326.24,175.74,-63.50999999999999,-94.21,133.75,8.114267744833782,4.32,0.97,1.04,2.5,2.4,2.729069423929099,7.26655834564254,5.359497784342688,5.326617429837518,13.185022156573115,1.2,1.2,0.0,0.82,0.38,12,2007,66.77125506072873,52.07692307692307,54.16
2008-03-31,6151.55,119.34,2.3,0.0,607.37,238.82,768.57,27.75,5912.72,147.06,52.59,924.47,1402.51,2477.26,3376.26,6634.81,2306.23,410.68,0.0,2880.7,359.05,3239.75,518.4,3395.06,562.07,-340.02,-210.76,529.75,3.0175,4.24,0.95,2.3,0.0,0.0,7.2,14.4,14.08,14.04,25.44,1.98,1.94,0.0,0.86,0.37,3,2008,0.0,51.88695652173914,119.34
2008-06-30,-4716.89,-155.15,-2.9894861770455177,0.0,-473.53,-248.13,-639.83,28.0,-4468.75,-108.34,45.95,924.57,1444.33,2468.48,3306.52,6546.23,2216.59,394.66,0.0,2841.12,193.46,3034.58,518.4,3511.64,-396.55000000000007,279.52,99.1,-391.7,-2.3415562359007414,4.13,0.86,-0.69,0.0,0.0,-9.53169505724658,-2.426249650935493,-17.67696174253002,-17.850265289025412,-4.332588662384809,-2.51,-2.5,0.0,0.87,0.36,6,2008,0.0,51.89855072463769,-35.81
2008-09-30,1633.9599999999998,74.0,1.4338832155014403,1.25,207.29,109.91,237.58999999999997,23.8,1524.05,99.25,65.53,876.46,1535.85,2531.75,3301.7,6606.62,2281.75,375.1,0.0,2898.35,194.7,3093.05,518.4,3513.57,142.08,-121.65,-0.8500000000000085,127.68,4.149291891891891,3.51,0.88,0.74,1.25,1.69,4.49541764859911,11.781094527363186,8.448284891332811,8.603299293008643,21.004451427075153,1.25,1.24,0.0,0.87,0.34,9,2008,64.51013513513513,51.608108108108105,38.19
2008-12-31,1447.9000000000005,71.73,1.3834388646288212,1.2558088929540894,202.51999999999998,107.95000000000002,237.59999999999997,22.5,1339.9500000000003,97.65,51.08,870.19,1742.93,2729.26,3245.52,6744.54,2520.82,317.2,0.0,3042.66,195.34,3238.01,518.4,3506.54,-152.54000000000002,-72.63999999999999,210.73000000000002,129.64999999999998,4.064726056043496,3.33,0.92,2.12,2.5,1.18,4.254727074235808,8.196222707423582,8.170120087336246,8.405043668122271,14.695775109170306,2.45,2.43,0.0,0.9,0.32,12,2008,65.11250637429882,51.84905660377358,109.92
2009-03-31,5721.76,89.68,1.73,0.0,615.27,209.79,735.21,23.0,5511.98,226.26,17.74,723.06,1480.63,2265.49,3261.09,6336.98,2226.63,267.58,0.0,2653.5,195.05,2848.55,518.4,3488.43,659.19,-420.67,-273.38,525.42,3.3224999999999993,3.42,0.82,1.73,0.0,0.0,5.68,12.919999999999998,10.28,10.44,22.8,1.58,1.57,0.0,0.85,0.3,3,2009,0.0,51.83815028901734,89.68
2009-06-30,-4311.06,-15.040000000000006,-0.2901607717041802,0.0,-450.78,-111.30999999999999,-507.46000000000004,27.25,-4199.7699999999995,-137.12,71.36,784.5,1287.39,2191.48,3134.52,6133.76,1881.69,300.96,0.0,2372.09,185.2,2557.28,518.4,3576.48,-253.55000000000007,426.2,-84.16000000000003,-396.15,-23.473882978723395,3.95,0.72,1.44,0.0,0.0,-0.9833226152197218,-1.2493033226152204,-1.6845444801714904,-1.7006645230439448,-2.1117256162915337,5.39,5.29,7.1,0.92,0.38,6,2009,0.0,51.833333333333336,74.64
2009-09-30,1504.59,54.760000000000005,1.0579598145285936,1.25,185.86,85.58999999999999,215.95999999999998,31.0,1419.02,97.89,70.81,780.2,1332.55,2236.8,3078.48,6113.74,1786.97,370.08,0.0,2355.02,184.66,2539.68,518.4,3574.05,238.14,-72.15,-166.53000000000003,130.36999999999998,7.325420014609204,4.5,0.71,2.5,1.25,0.5,3.5885996908809896,4.892006182380217,6.127703245749614,6.178485316846986,8.294404945904175,4.5,4.44,7.61,0.95,0.38,9,2009,64.7,51.760000000000005,129.4
2009-12-31,1523.5200000000004,71.10999999999999,1.3724786793676125,1.2512393396838062,173.65999999999997,100.65000000000003,231.8,33.0,1422.8700000000003,85.26000000000002,155.7,894.39,1306.35,2408.71,3018.14,6241.88,1915.17,339.08,0.0,2475.27,184.3,2659.56,518.4,3582.31,36.879999999999995,-68.99000000000001,116.98000000000008,131.15000000000003,6.013044227253552,4.78,0.74,3.87,2.5,0.65,4.553650192010373,6.213391850780509,7.944062640267317,8.029177597127324,10.724484564360878,4.57,4.52,9.75,0.97,0.45,12,2009,64.82842377260981,51.81136950904392,200.51
2010-03-31,5959.52,256.68,4.95,0.0,666.6,358.74,880.75,33.5,5600.78,316.81,49.03,942.44,1201.31,2236.63,2941.83,6109.42,1532.96,359.23,0.0,2155.74,182.46,2338.2,518.4,3771.22,920.8,-343.34,-311.97,522.01,1.6925,4.6,0.62,4.95,0.0,0.0,16.8,23.04,27.24,28.28,36.28,4.36,4.31,9.28,1.04,0.48,3,2010,0.0,51.85454545454545,256.68
2010-06-30,-4559.42,-205.24,-16.19895800933126,0.0,-329.98,-77.75,-467.94,37.5,-4268.33,-63.49000000000001,142.0,808.12,1370.82,2355.98,2892.54,6510.95,1635.86,549.43,0.0,2346.09,178.57,2414.97,518.4,3696.33,-667.04,217.32999999999998,240.37000000000003,-390.19,-0.5789631650750341,5.26,0.65,4.06,0.0,0.0,-12.608055987558322,-70.86046656298602,-22.183794712286158,-22.50298600311042,-107.72706065318819,2.89,3.67,107.66,1.0,0.42,6,2010,0.0,12.669950738916256,51.44
2010-09-30,1714.0,91.53999999999999,4.648065463701217,1.25,327.03999999999996,236.96000000000004,368.13000000000005,38.75,1592.0600000000002,228.53000000000003,72.23,899.51,1587.74,2382.18,3026.65,6655.02,1755.58,451.94,0.0,2371.99,181.13,2539.18,518.4,4115.84,134.14,-181.99,-11.180000000000007,131.17000000000002,2.085190080838977,4.88,0.62,7.26,1.25,0.17,5.505972863337529,20.769041824031333,8.886384109665688,9.526613512379354,30.961493915232897,4.14,4.59,35.87,1.0,0.33,9,2010,24.617768595041323,19.694214876033058,142.98
2010-12-31,1731.56,93.72,1.9599239543726237,1.9851797442101624,2.9400000000000546,-197.94000000000005,-460.93000000000006,40.0,2676.2699999999995,-165.04000000000002,95.5,942.44,1251.7,2236.63,2973.56,6116.6,1532.96,340.22,0.0,2288.68,183.88,2338.2,518.4,3644.04,,,,,5.101728553137003,5.69,0.64,4.95,2.5,0.51,6.129216730038023,8.203964512040557,10.294550063371355,10.373738910012674,13.24037515842839,4.02,4.88,,0.98,0.43,12,2010,94.9276859504132,47.81818181818181,236.7
2011-03-31,1400.1,51.44,4.06,0.0,-64.71,280.99,280.99,39.5,1332.45,-148.01,,0.0,,,,,,0.0,,,,,,,,,,,2.4325,,,4.06,0.0,0.0,,,,,,3.74,3.67,,,,3,2011,0.0,12.669950738916256,51.44
2011-06-30,2113.08,324.71,2.3825590854712213,0.63,337.58,-91.4,-91.4,47.5,1592.0600000000002,246.62,,0.0,,,,,,0.0,,,,,,,,,,,4.9840946536909865,,,2.76,0.63,0.23,,,,,,12.27,10.71,,,,6,2011,85.86032608695652,136.28623188405797,376.15
2011-09-30,1954.15,180.14999999999998,3.4747609203667085,-1.0260871812206427,702.82,583.5899999999999,915.1899999999999,42.75,1769.6399999999994,603.59,71.85,1071.07,1724.77,2916.57,3001.5,6883.64,1343.07,508.43,0.0,2191.87,468.41,2660.28,518.4,4223.36,,,,,3.072542325839578,5.25,0.63,10.73,0.63,0.06,10.46638144885853,14.792831206183712,17.059683623943915,17.279892144526332,21.347273054107497,10.37,10.17,20.72,1.33,0.54,9,2011,-53.197791138214676,51.8452935694315,556.3
2011-12-31,1801.9899999999998,-198.26999999999998,-3.8266226293885985,1.2496111596910702,183.01,-174.16999999999996,-59.309999999999945,48.5,1976.1600000000008,-89.82000000000005,115.5,947.68,1703.89,2824.33,3153.83,6865.3,1288.32,676.54,0.0,2365.9,467.21,2833.11,518.4,4032.19,434.31,-264.51,-126.16000000000001,114.85999999999996,-3.169126191556968,6.24,0.7,6.91,1.88,0.27,-11.562934949585228,-20.445572717370055,-19.670280144122,-20.667084881155212,-29.483268999804487,4.97,4.93,12.57,1.19,0.47,12,2011,64.74649544199622,51.813314037626625,358.03
2012-03-31,1769.08,-80.98,-1.56,0.0,160.06,-67.99,48.03,53.75,1837.06,33.87,118.88,1022.35,1707.34,2898.12,3122.53,6803.26,1539.88,429.48,0.0,2370.7,468.05,2838.75,518.4,3964.52,-142.45,-82.64,228.47,116.02,-8.615,7.03,0.72,-1.56,0.0,0.0,-4.76,0.0,-8.16,0.0,-6.120000000000001,-4.65,-4.58,-3.98,1.22,0.5,3,2012,0.0,51.91025641025641,-80.98
2012-06-30,1850.38,-15.219999999999999,-0.29427442827442823,2.25,209.11,5.619999999999997,120.80000000000001,42.5,1844.7600000000002,80.67000000000002,72.89,1083.89,1793.17,3005.61,3165.41,6893.27,1609.65,634.12,0.0,2597.36,462.24,3059.6,518.4,3833.66,149.04999999999998,-146.43,-48.609999999999985,115.17999999999999,-36.10660315374508,5.75,0.8,-1.86,2.25,-1.21,-0.8859875259875258,0.0,-1.5884490644490643,0.0,-0.9176299376299375,-2.67,-2.66,-2.44,1.16,0.47,6,2012,116.37096774193549,51.72043010752688,-96.2
2012-09-30,2172.5699999999997,38.910000000000004,0.7538854948507594,-0.004700195383983216,227.22999999999996,58.36,176.75999999999996,48.0,2114.22,74.74999999999999,63.5,1264.99,1809.66,3206.85,3253.2,7174.25,1717.73,754.62,0.0,2884.34,463.98,3348.32,518.4,3825.93,95.95,-201.35000000000002,96.00999999999999,118.40000000000003,15.91634284245695,6.5,0.88,-1.11,2.25,-2.03,2.1733635887589458,0.16300226915692093,4.075056728923023,3.857720370047129,0.24450340373538143,-1.0,-0.99,-0.1,1.11,0.48,9,2012,-0.2425893635571157,51.61261261261261,-57.29
2012-12-31,2226.33,187.95,3.6249349456604927,1.2602670020395417,181.67000000000007,206.42999999999998,325.51000000000005,47.0,2019.8999999999996,-10.400000000000006,47.68,1382.07,1578.95,3076.79,3705.72,7543.97,2026.22,806.79,0.0,3053.37,464.66,3518.03,518.4,4025.94,325.74,-567.6700000000001,226.11,119.07999999999998,3.2412995477520616,6.05,0.87,2.52,3.5,1.39,9.954186438083575,16.168360630644422,18.700061227613652,18.642522577682534,25.949931118934636,1.67,1.63,3.68,1.01,0.49,12,2012,65.34384384384386,51.84920634920635,130.66
2013-03-31,1949.73,20.1,0.39,0.0,118.31,41.15,167.12,48.25,1908.58,6.33,73.09,1340.73,1721.77,3209.28,3773.5,7758.17,2253.44,762.77,0.0,3232.44,482.52,3714.96,518.4,4043.22,1.42,-191.08,215.07,125.97,30.929999999999996,6.19,0.92,0.39,0.0,0.0,1.04,2.28,2.0,2.0,3.64,1.05,1.03,2.32,0.99,0.46,3,2013,0.0,51.53846153846154,20.1
2013-06-30,2456.7900000000004,437.87,8.442457147848112,1.25,178.16000000000003,463.07000000000005,593.8,46.0,1993.7200000000003,63.08,114.61,1345.22,1786.85,3341.45,3766.12,8267.52,2383.58,735.92,0.0,3365.88,490.4,3856.28,518.4,4411.24,128.79000000000002,-118.00999999999996,30.75,130.73,1.3622900061662138,5.41,0.87,8.83,1.25,0.14,21.187412275913267,25.432543616394085,39.697714697469266,42.48955783129899,39.3535148590519,11.53,10.39,14.12,0.99,0.46,6,2013,64.83154020385052,51.865232163080414,457.97
2013-09-30,2246.16,155.48000000000002,2.9983346646018423,-0.0002357496316758916,294.65,201.65999999999997,329.86,47.25,2044.4899999999998,164.74,106.44,1308.21,1908.78,3391.83,3734.04,8308.68,2244.93,743.24,300.0,3614.47,197.74,3812.21,518.4,4496.47,225.42,-93.79000000000002,-139.82,128.2,3.9356597311551327,5.45,0.85,11.83,1.25,0.11,7.481896813106203,9.24592126497677,13.82832961121526,14.943517483087458,15.247659629961692,9.92,9.22,13.2,0.94,0.41,9,2013,-0.012224903765982731,51.85545224006763,613.45
2013-12-31,2360.1499999999996,58.8599999999999,1.135509214499262,1.249525487584453,192.51,86.39999999999998,215.27999999999997,48.25,2273.7599999999993,51.17999999999998,93.03,1562.42,1734.29,3462.05,3835.57,8492.05,2404.24,716.71,300.0,3744.09,198.8,3942.89,518.4,4549.15,194.54999999999995,-275.26,67.32,128.88,10.622635066258937,5.5,0.87,12.97,2.5,0.19,2.773549106810842,3.4599324716276665,5.1758908836697275,5.491066918534596,5.844764468771838,7.92,7.46,11.87,0.92,0.46,12,2013,64.77012186259857,51.83577486507324,672.31
2014-03-31,2254.94,127.52,2.46,0.0,248.87,167.51,292.41,54.0,2087.42,123.7,66.66,1470.09,1794.79,3464.75,3895.93,8598.05,2370.48,691.88,300.0,3713.58,202.22,3915.8,518.4,4682.25,312.47,-291.52,-47.33,124.9,5.4875,5.98,0.84,2.46,0.0,0.0,5.92,8.2,10.88,11.68,13.72,5.77,5.66,11.11,0.93,0.45,3,2014,0.0,51.83739837398374,127.52
2014-06-30,2320.02,72.61999999999999,1.400585590086939,1.25,207.21999999999997,93.98000000000002,223.26999999999992,70.75,2226.05,70.05999999999999,120.94,1571.87,1755.62,3559.21,3867.95,8675.86,1829.96,764.72,300.0,3279.51,704.55,3984.06,518.4,4691.8,239.63,-68.47000000000003,-116.86999999999999,129.29,12.629324566235196,7.82,0.85,3.86,1.25,0.32,3.3526971120215845,4.484776656340561,6.197409813130807,6.386089737183972,7.039212551214149,4.44,4.37,9.49,1.09,0.55,6,2014,64.81217616580311,51.84974093264248,200.14
2014-09-30,2440.76,98.47000000000003,1.8994246676266706,-0.00018631229706268985,203.76000000000005,130.02999999999997,262.48,69.0,2310.7299999999996,70.66000000000003,116.91,1547.71,1809.78,3600.69,3990.76,8869.75,2142.86,786.18,0.0,3430.6,708.66,4139.25,518.4,4730.5,197.03999999999996,-194.83000000000004,-6.240000000000009,132.45,9.082329135777393,7.56,0.88,5.76,1.25,0.22,4.445181340209639,6.01484478081779,8.323173369947424,8.534220555239278,9.497123338133354,4.33,4.26,8.83,1.05,0.52,9,2014,-0.00965880469199476,51.84201388888889,298.61
2014-12-31,2371.0899999999992,164.69,3.177916252967839,1.2495477979530905,261.68999999999994,209.49,343.08000000000004,64.75,2161.5999999999995,135.8,75.92,1502.76,1701.44,3374.68,4103.22,8816.69,2045.62,699.55,0.0,3220.75,773.12,3993.87,518.4,4822.81,304.19999999999993,-169.3499999999999,-175.85000000000002,133.59000000000003,5.091827069038801,6.96,0.83,8.94,2.5,0.28,7.464903949924455,9.867892078566804,13.664328944528382,14.062457155191023,15.271060651845456,5.04,4.94,11.22,1.05,0.52,12,2014,64.75564818698734,51.82326621923938,463.3
2015-03-31,2286.95,85.87,1.66,0.0,265.21,116.8,252.75,69.5,2170.15,89.1,146.12,1436.54,1935.26,3621.75,4149.65,9151.36,2308.07,780.46,0.0,3477.57,766.09,4243.65,518.4,4907.71,187.4,-366.3,249.1,135.95,10.4675,7.34,0.86,1.66,0.0,0.0,3.76,5.28,7.0,7.16,8.24,3.8,3.75,6.99,1.04,0.48,3,2015,0.0,51.72891566265061,85.87
2015-06-30,66.8100000000004,49.99000000000001,0.9640350360665392,1.25,14.670000000000016,57.040000000000006,57.920000000000016,69.25,9.769999999999982,28.330000000000013,100.06,1474.51,2008.16,3733.85,4179.42,9295.73,2397.39,768.9,0.0,3538.1,786.05,4324.15,518.4,4971.58,-52.73000000000002,185.58,-249.10999999999999,0.8800000000000239,17.957490498099617,7.22,0.87,2.62,1.25,0.48,2.1488414544383927,2.8405917856617107,4.0180391579567205,4.135783895186221,4.444863830413662,5.91,5.77,16.08,1.06,0.49,6,2015,64.81870229007635,51.85496183206107,135.86
2015-09-30,2298.1399999999994,107.23999999999998,2.0689247223364866,0.6294869858475601,275.14,137.99999999999997,279.67,67.0,2160.1400000000003,122.09,83.04,1308.43,1981.53,3550.55,4204.08,9149.83,2145.34,728.72,0.0,3285.14,826.01,4111.15,518.4,5038.68,352.57000000000005,-80.39000000000001,-289.21000000000004,141.67,8.098421764267066,6.89,0.82,4.69,1.88,0.4,4.6936799670917315,6.105313039901274,8.505089263677498,8.787415878239408,9.387359934183463,5.32,5.23,14.46,1.08,0.48,9,2015,32.62863246472108,51.83368869936034,243.1
2015-12-31,2090.1800000000003,112.27000000000001,2.1672403410529872,-0.0011062172324911765,220.53999999999996,140.98000000000002,284.29999999999995,65.25,1949.1999999999998,91.30999999999997,94.92,1271.65,2065.25,3566.96,4427.35,9422.53,2282.54,701.82,0.0,3518.75,824.04,4342.78,518.4,5079.75,103.39999999999998,-222.61,131.10000000000002,143.32,7.525538211454528,6.66,0.85,6.86,1.88,0.27,4.764137659340969,6.280574049582126,8.845878943073417,9.07334440160959,9.692555927624731,5.37,5.27,13.28,1.01,0.43,12,2015,-0.057305600278482416,51.803206997084544,355.37
2016-03-31,9048.99,449.78,8.68,1.25,1072.68,575.17,1140.76,64.0,8473.82,461.16,72.73,1602.27,1810.77,3570.1,4580.71,9622.32,1549.07,644.18,0.0,2567.11,1873.91,4441.02,518.4,5181.3,742.17,-900.79,85.23,565.59,1.8425,6.4,0.86,8.68,1.25,0.14,18.68,24.52,34.72,35.68,32.6,5.05,4.97,11.68,1.39,0.69,3,2016,64.77246543778801,51.81797235023041,449.78
2016-06-30,-6687.87,-308.59,-5.944930944117855,0.0021700829323366734,-816.7900000000001,-394.96999999999997,-803.62,67.0,-6292.889999999999,-351.15000000000003,142.69,1496.39,1786.66,3538.38,4523.97,9592.15,1273.44,722.39,545.43,2938.54,1359.83,4298.37,518.4,5293.77,-221.31999999999994,734.23,-369.57,-408.65000000000003,-2.8172572831264784,6.56,0.81,2.72,1.25,0.46,-12.851541893901834,-16.698261916566327,-23.342596501168636,-24.04200014165309,-23.692298321410863,6.16,5.98,21.82,1.2,0.6,6,2016,0.11264485632963783,51.908088235294116,141.19
2016-09-30,2258.0200000000004,48.96000000000001,0.944955035498291,1.2476815420488465,116.04000000000002,66.76000000000002,230.13,64.75,2191.2599999999998,7.459999999999994,95.15,1408.74,1842.68,3436.43,4599.79,9574.66,1318.76,771.36,538.2,2954.81,1339.86,4294.68,518.4,5279.98,209.17999999999995,-218.64999999999998,-38.06,163.37,17.127481617647057,6.36,0.81,3.67,2.5,0.68,2.0495482513804895,2.7189986852484886,3.707725479884303,3.80041861688141,3.841615566657902,4.24,4.12,9.08,1.16,0.54,9,2016,64.64486245792594,51.81198910081744,190.15
2016-12-31,2411.1799999999994,144.03,2.7799195044586753,1.249945166524983,249.24999999999994,185.85999999999999,348.63,58.75,2225.3100000000004,97.78999999999999,94.81,1521.72,1606.54,3335.04,4947.94,9851.05,1200.02,611.3,573.0,2735.39,1758.62,4494.02,518.4,5357.03,209.21000000000004,-86.63,-122.92000000000002,162.76999999999998,5.2842807054085945,5.69,0.84,6.45,3.75,0.58,5.844295888443354,7.740675085283381,10.757641989347059,11.03347896343288,10.481805015261235,4.91,4.75,13.21,1.22,0.63,12,2016,64.760724922375,51.81085271317829,334.18
2017-03-31,9445.27,377.83,7.29,0.0,872.08,500.08,1149.45,61.5,8945.19,254.07,70.55,1674.91,1396.68,3206.08,4823.11,9598.32,881.14,728.02,551.84,2485.43,1706.27,4191.69,518.4,5406.63,1393.36,-541.66,-853.89,649.37,2.11,5.9,0.78,7.29,0.0,0.0,15.76,20.8,27.96,28.56,28.12,4.11,4.0,10.22,1.29,0.73,3,2017,0.0,51.82853223593964,377.83
2017-06-30,-9445.27,,,,-872.08,-500.08,-982.51,63.25,-8945.19,-254.07,302.72,1416.28,1462.2,3234.29,4721.7,9553.38,1141.48,765.96,17.93,2340.67,1688.17,4028.84,518.4,5524.54,-855.0999999999999,491.86999999999995,596.5,-482.43,,5.94,0.73,,0.0,0.0,,,,,,,,0.0,1.38,0.76,6,2017,,,
2017-09-30,4407.04,,,,464.08,334.5,499.18,62.25,4072.54,239.64,74.06,1395.58,1451.52,2957.17,4581.37,9116.89,795.32,632.86,18.19,1860.77,1664.48,3525.25,518.4,5591.64,209.10000000000002,3.3999999999999986,-441.35,164.68,,5.77,0.63,4.78,1.25,0.26,,,,,,5.74,5.62,13.34,1.59,0.81,9,2017,,51.7928870292887,247.57
