,revenue,net_profit,eps,dps,gross_profit,ebit,ebitda,close_price,expense,operating_profit,cash,account_receivable,inventory,current_asset,property_plant_equipment,total_asset,short_term_loan,account_payable,current_liability,non_current_liability,total_liability,paid_in_capital,total_equity,cash_flow_operation,cash_flow_investment,cash_flow_financing,depreciation,P/E,P/BV,D/E,EPS,DPS,DPR%,ROA%,ROAA%,ROE%,ROAE%,ROCE%,NPM%,NPMA%,CurrentRatio,QuickRatio,month,year,dividend,number_of_shares,return_old
2013-06-30,,,,,,,,,,,504.36,58.35,151.62,1070.9,3421.22,5338.38,800.0,1457.88,2707.84,190.23,2898.07,720.0,2440.3,,,,,,0.0,1.19,1.34,0.0,0.0,,,,,,13.84,13.71,0.4,0.34,6,2013,,721.4776119402984,966.78
2013-09-30,3574.9699999999993,529.3500000000001,0.7005494174971427,0.0,2353.59,655.9000000000001,818.3399999999999,46.75,2919.0599999999995,583.48,355.94,84.82,158.7,4219.16,3972.06,13981.89,0.0,1524.26,1830.49,195.94,2026.44,905.85,11955.46,626.4,-8913.189999999999,8136.94,162.44,16.682549022385942,3.54,0.17,1.98,0.0,0.0,15.143189428726116,0.0,17.704794369473245,0.0,21.794870766577773,14.26,14.08,2.3,2.22,9,2013,0.0,755.6212121212122,1496.13
2013-12-31,3611.710000000001,543.04,0.6844023793994615,0.0,2321.17,675.7900000000002,837.1799999999998,51.25,2935.9400000000005,542.95,870.95,159.91,226.05,4942.77,4285.76,15006.18,0.0,1857.62,2278.1,203.86,2481.96,905.85,12524.22,789.1599999999999,-277.3000000000011,-0.010000000000218279,161.39000000000004,18.719178053182087,3.71,0.2,2.57,0.0,0.0,14.47630869422363,0.0,17.341744337156783,0.0,21.315006399662607,14.6,14.32,2.17,2.07,12,2013,0.0,793.4513618677043,2039.17
2014-03-31,3495.41,467.87,0.52,0.0,2235.62,581.43,755.42,53.75,2913.99,458.93,832.4,232.9,177.91,4803.61,4420.48,15010.63,0.0,1224.94,1791.97,210.01,2001.98,905.85,13008.64,570.56,-608.78,0.0,173.99,25.8425,3.74,0.15,0.52,0.0,0.0,12.48,0.0,14.4,0.0,17.6,13.87,13.39,2.68,2.58,3,2014,0.0,899.75,467.87
2014-06-30,3789.5200000000004,402.52,0.44396098300761727,1.6,2375.51,497.46000000000015,692.14,62.0,3292.05,385.04,1094.41,263.23,171.38,3845.01,4461.91,14132.16,0.0,1294.56,1771.79,217.76,1989.55,905.85,12142.61,705.6700000000001,1004.94,-1449.35,194.68,34.911175966411605,4.63,0.16,0.96,1.6,1.67,11.394998563862178,20.496198715518332,13.263334367352565,22.087058904628957,16.149080756902077,12.35,11.95,2.17,2.07,6,2014,1450.65,906.65625,870.39
2014-09-30,3856.0,522.4699999999999,0.5776630817167554,0.7961051361945922,2447.7799999999997,646.6699999999998,838.8000000000002,61.0,3209.330000000001,537.0999999999999,410.22,267.22,191.77,3586.23,4531.23,13964.04,0.0,1313.53,1747.89,226.12,1974.02,905.85,11990.02,750.71,-708.6400000000001,-724.6800000000003,192.12999999999994,26.399211725075126,4.61,0.16,1.54,2.4,1.56,14.959223181080654,18.53023132260241,17.43492210272389,17.449926338612638,21.20098531079936,12.9,12.5,2.05,1.94,9,2014,720.0409090909088,904.4545454545454,1392.86
2014-12-31,3963.6100000000006,649.5200000000002,0.7155475474691293,0.008645528523318513,2557.4699999999993,808.7200000000003,1010.8599999999997,58.5,3154.879999999999,685.8900000000001,372.58,100.23,282.95,9433.49,4630.36,14902.85,0.0,1461.08,1993.23,228.93,2222.15,907.08,12680.7,1004.21,-1041.52,1.2300000000000182,202.1400000000001,20.438893336617806,4.18,0.18,2.25,2.4,1.07,17.427558045025904,21.56183276373643,20.493281759515863,20.620490212399265,24.971019301011573,13.95,13.52,4.73,4.59,12,2014,7.847757575757896,907.7244444444445,2042.38
2015-03-31,3701.48,479.8,0.53,0.0,2366.52,595.81,798.48,57.5,3105.67,486.75,205.05,133.57,221.06,9666.26,4561.01,15182.25,0.0,1090.49,1743.67,242.21,1985.88,907.08,13196.36,785.17,-878.68,0.0,202.67,27.1225,3.95,0.15,0.53,0.0,0.0,12.64,15.800000000000002,14.56,14.64,17.72,13.39,12.96,5.54,5.42,3,2015,0.0,905.2830188679245,479.8
2015-06-30,3861.7999999999997,515.8699999999999,0.5699247742726004,1.0,2471.23,650.3800000000001,847.75,56.25,3211.42,529.22,432.78,175.56,221.5,9231.26,4474.84,14708.76,0.0,1127.2,1602.95,252.58,1855.53,907.08,12853.23,585.9900000000001,548.8199999999999,-907.08,197.37000000000003,24.67606364006436,3.97,0.14,1.1,1.0,0.91,14.030511715729103,17.906000180782787,16.06151636586419,16.51745618528227,19.70903492120883,13.58,13.16,5.76,5.62,6,2015,905.1545454545453,905.1545454545453,995.67
2015-09-30,3583.1400000000003,365.4900000000001,0.40277043110288296,0.9025185737298935,2260.9300000000003,443.5,668.19,57.75,3139.6399999999994,352.5,324.65,151.98,201.96,8754.42,4496.63,14273.69,0.0,1133.91,1541.56,261.85,1803.41,907.08,12470.28,552.03,156.22000000000003,-816.37,224.69,35.84548140852006,4.2,0.14,1.5,1.9,1.27,10.246479767257341,12.856432160804024,11.728674953715952,11.954226395133567,14.252702988627352,12.59,12.21,5.68,5.55,9,2015,818.9814545454547,907.44,1361.16
2015-12-31,3776.16,494.8399999999999,0.5438974137931034,0.0049367241379309435,2435.3600000000006,613.0099999999998,825.79,58.0,3163.1499999999996,506.01,287.23,108.41,282.13,9608.15,4494.04,15122.3,0.0,1390.73,1835.16,289.25,2124.41,910.25,12997.89,779.2799999999997,-819.86,3.160000000000082,212.77999999999997,26.658152129981413,4.06,0.16,2.04,1.9,0.93,13.085531896551721,16.359581034482755,15.229127586206893,15.421091379310342,18.481847413793098,12.82,12.44,5.24,5.08,12,2015,4.491450980392074,909.8039215686274,1856.0
2016-03-31,3685.22,438.27,0.48,0.0,2414.63,547.27,759.68,53.25,3137.95,451.61,401.64,92.78,251.39,9934.96,4448.15,15393.46,0.0,1089.26,1632.68,293.94,1926.62,910.25,13466.84,777.72,-663.32,0.0,212.41,27.735,3.6,0.14,0.48,0.0,0.0,11.4,14.319999999999999,13.0,13.16,15.92,12.21,11.89,6.09,5.93,3,2016,0.0,913.0625,438.27
2016-06-30,4135.380000000001,613.23,0.6765067047075606,1.0,2712.59,751.3700000000001,977.43,49.0,3384.01,663.16,142.73,104.51,231.17,9717.66,4356.8,15079.65,0.0,1088.42,1577.7,305.27,1882.98,910.25,13196.67,559.8599999999999,91.49000000000001,-910.25,226.06000000000003,18.107137615576537,3.38,0.14,1.16,1.0,0.86,16.259488730385165,20.34185677603424,18.592270470756063,18.82554864479315,22.441360342368043,13.79,13.45,6.16,6.01,6,2016,906.4655172413794,906.4655172413794,1051.5
2016-09-30,3816.529999999999,509.9200000000001,0.5617081887000295,1.0014725764655426,2463.13,624.99,843.4300000000001,52.0,3191.54,521.5699999999999,199.96,58.16,216.26,9412.66,4269.02,14677.87,0.0,1083.94,1539.32,315.79,1855.12,910.25,12822.76,793.3299999999999,174.14000000000004,-910.24,218.43999999999994,23.141731350015686,3.69,0.14,1.72,2.0,1.16,13.899011925042592,17.36070192517068,15.910711019456649,16.13278169871015,19.12420437806612,13.77,13.42,6.11,5.97,9,2016,909.1391339214114,907.8023255813954,1561.42
2016-12-31,3861.2300000000014,538.3400000000001,0.589677867946813,0.011253334821875826,2572.3999999999996,660.0,881.06,58.5,3201.24,583.9400000000003,322.52,103.95,323.84,10397.87,4261.48,15642.3,0.0,1479.55,1941.2,323.87,2265.07,914.85,13377.23,958.6100000000001,-840.6499999999999,4.599999999999909,221.06000000000006,24.797013411598613,4.0,0.17,2.3,2.0,0.87,13.762568674515185,17.22884901131558,16.100769611765156,16.326385491675243,19.34143406865547,13.89,13.55,5.36,5.19,12,2016,10.273609706774778,912.9391304347828,2099.76
2017-03-31,3887.82,552.75,0.6,0.0,2562.56,694.44,909.84,62.25,3193.38,602.69,142.63,69.47,243.67,10691.79,4161.0,15829.33,0.0,988.05,1563.73,319.47,1883.2,914.85,13946.13,613.92,-793.82,0.0,215.4,25.9375,4.08,0.14,0.6,0.0,0.0,13.96,17.800000000000004,15.84,16.12,19.48,14.56,14.22,6.84,6.68,3,2017,0.0,921.25,552.75
2017-06-30,4211.68,675.3800000000001,0.736900165291948,1.1,2807.6600000000003,813.6599999999999,1048.6799999999998,62.5,3398.01,733.73,136.4,84.76,256.1,10582.57,4056.69,15603.96,0.0,1135.02,1641.63,330.46,1972.1,914.85,13631.86,946.84,53.270000000000095,-1006.33,235.02,21.202872160857588,4.19,0.14,1.34,1.1,0.82,17.311654629395914,21.623070521850295,19.819314893374482,20.1492701912664,23.756781448218025,15.52,15.16,6.45,6.29,6,2017,1008.1664179104479,916.5149253731344,1228.13
2017-09-30,4128.299999999999,651.2099999999998,0.7103453872104034,1.1002835268145106,2738.3099999999995,792.06,1008.56,60.75,3336.249999999999,698.99,478.51,67.69,280.07,9707.98,3999.94,15330.47,0.0,1193.08,1718.45,335.96,2054.41,914.85,13276.06,1187.22,161.2299999999999,-1006.34,216.49999999999994,21.377452818599227,4.19,0.15,2.05,2.2,1.07,16.992847701852774,21.247989826215584,19.62632328370598,19.958972830887436,23.424072280694276,15.73,15.37,5.65,5.49,9,2017,1008.6862650163815,916.7512195121951,1879.34
