,revenue,net_profit,eps,dps,gross_profit,ebit,ebitda,close_price,allowance_doubtful_accounts,expense,operating_profit,cash,account_receivable,inventory,current_asset,property_plant_equipment,total_asset,short_term_loan,account_payable,current_portion_long_term_debt,current_liability,non_current_liability,total_liability,paid_in_capital,total_equity,cash_flow_operation,cash_flow_investment,cash_flow_financing,depreciation,P/E,P/BV,D/E,EPS,DPS,DPR%,ROA%,ROAA%,ROE%,ROAE%,ROCE%,NPM%,NPMA%,CurrentRatio,QuickRatio,month,year,dividend,number_of_shares,return_old
2000-03-31,9014.9,226.05,0.94,1.25,811.54,343.39,519.16,44.75,0.0,8671.51,96.55,1914.66,3.95,2568.87,5973.42,9133.68,15150.06,0.0,5884.75,0.0,6883.62,183.41,7067.03,2400.0,8083.03,-405.49,-334.26,0.0,175.77,11.9025,1.33,0.87,0.94,1.25,1.33,5.96,0.0,11.2,0.0,16.6,2.58,2.51,0.87,0.49,3,2000,300.59840425531917,240.47872340425533,226.05
2000-06-30,9462.08,251.49,1.048006659128031,-0.0026507192446394655,833.4000000000001,338.55000000000007,525.4800000000001,46.5,0.0,9123.53,99.86999999999999,2167.65,4.81,2337.74,5854.06,9154.15,15048.27,0.0,5948.26,0.0,6814.6,199.14,7013.74,2400.0,8034.52,540.82,-193.66999999999996,-300.0,186.92999999999998,11.093989621853751,1.39,0.87,1.99,1.25,0.63,6.6777509737404195,0.0,12.512883528081419,0.0,17.442201281568032,2.65,2.58,0.86,0.52,6,2000,-0.6360926975302164,239.96984924623118,477.54
2000-09-30,9925.939999999999,235.82999999999998,0.9818398586988519,0.0011556901374696598,807.7599999999998,330.6099999999999,503.01,50.0,0.0,9595.329999999998,42.97,1855.03,4.48,2405.95,6427.01,9409.48,15879.04,0.0,6397.45,0.0,7408.22,200.46,7608.68,2400.0,8270.35,874.6899999999999,-440.0300000000001,0.0,172.40000000000003,12.734968833481746,1.45,0.92,2.97,1.25,0.42,5.937321165734471,0.0,11.411822196055343,0.0,15.80200176626435,2.58,2.51,0.87,0.54,9,2000,0.27758743211001047,240.19191919191917,713.37
2000-12-31,10481.310000000005,314.13,1.3084928467153285,-0.0006343237730098977,909.8100000000004,433.02,631.8600000000001,52.0,0.0,10048.290000000005,132.90000000000003,1607.66,11.09,2870.58,7634.35,9644.03,17322.61,0.0,7368.03,0.0,8531.65,206.48,8738.13,2400.0,8584.48,1099.98,-625.0899999999999,0.0,198.84000000000003,9.935476554292809,1.45,1.02,4.28,1.25,0.29,7.251740729927007,0.0,14.637999416058395,0.0,20.10432,2.72,2.64,0.89,0.56,12,2000,-0.15228216746908174,240.0700934579439,1027.5
2001-03-31,9545.8,267.83,1.12,1.75,1049.44,388.56,576.15,62.5,0.0,9157.24,309.17,1658.83,16.73,2520.62,6603.37,9470.95,16118.63,0.0,6085.99,0.0,7056.02,210.3,7266.32,2400.0,8852.31,-534.98,-14.44,0.0,187.59,13.95,1.69,0.82,1.12,1.75,1.56,6.64,9.96,12.12,12.64,17.16,2.83,2.81,0.94,0.58,3,2001,418.48437499999994,239.13392857142853,267.83
2001-06-30,9770.09,257.52000000000004,1.0735106119729705,0.005485331207766521,600.9199999999998,363.32,553.4900000000001,50.0,0.0,9406.769999999999,-134.77,1100.15,9.26,2584.72,6580.83,9356.13,15981.59,0.0,6194.75,0.0,7066.96,224.8,7291.76,2400.0,8689.84,378.76,29.86,-420.0,190.17,11.643503902609504,1.38,0.84,2.19,1.75,0.8,6.450867421718855,9.509637384600742,11.86253735604835,12.313509850575809,16.529122299419438,2.8,2.72,0.93,0.57,6,2001,1.315853310502348,239.88584474885846,525.35
2001-09-30,9786.54,241.69999999999993,1.0083306173000455,-0.0013339816095528502,786.0000000000002,316.4,506.81999999999994,39.75,0.0,9470.140000000003,-9.680000000000007,592.6,9.75,2381.2,5820.86,9187.02,15059.65,0.0,5232.17,0.0,5906.82,221.29,6128.11,2400.0,8931.54,-577.39,70.35,0.0,190.41999999999996,9.853910839884156,1.07,0.69,3.2,1.75,0.55,6.415503552571538,8.709455706929143,10.826950003259237,11.242886382895506,14.709022879864412,2.72,2.64,0.99,0.58,9,2001,-0.319759560502348,239.70312499999997,767.05
2001-12-31,10384.07,218.44000000000005,0.9110071132127169,0.0005507650382044789,707.1799999999998,323.53,511.40999999999985,39.5,0.0,10060.54,-12.509999999999991,1032.2,21.21,2929.39,7718.96,9152.18,17067.5,0.0,6958.94,0.0,7694.67,222.85,7917.52,2400.0,9149.97,1587.9,-445.24,0.0,187.88,10.83885609320637,1.04,0.87,4.11,1.75,0.43,5.115825832834428,7.172795665100612,9.548950471339133,9.850402946757452,13.166380176358972,2.58,2.5,1.0,0.62,12,2001,0.13206166362533622,239.77858880778587,985.49
2002-03-31,9587.36,186.61,0.78,0.0,674.35,254.27,437.54,37.5,0.0,9333.09,-50.05,4335.56,22.72,2650.92,7403.02,9172.08,16764.94,0.0,6346.64,0.0,7192.28,236.08,7428.36,2400.0,9336.58,248.74,-198.5,0.0,183.27,12.02,0.96,0.8,0.78,0.0,0.0,4.44,6.199999999999999,8.0,8.2,10.64,2.01,1.95,1.03,0.66,3,2002,0.0,239.24358974358975,186.61
2002-06-30,9654.419999999998,350.68999999999994,1.4620241950493207,4.75,730.93,472.35,639.25,44.0,0.0,9182.060000000001,53.529999999999994,4000.93,12.8,2389.1,6738.48,8560.99,15483.52,0.0,5132.71,0.0,6703.68,232.57,6936.25,2400.0,8547.27,-780.94,866.31,-420.0,166.9,7.522720921611681,1.24,0.81,2.24,4.75,2.12,9.05932849432347,12.061699609156896,16.421664619393262,16.265019169923693,21.617072026800667,2.9,2.79,1.01,0.65,6,2002,1139.363839285714,239.8660714285714,537.3
2002-09-30,9243.34,208.91000000000008,0.8706799694455988,0.0014418994940160596,589.3299999999999,285.30999999999995,434.34000000000015,47.0,0.0,8958.029999999999,-26.650000000000002,3200.9,14.21,2590.59,6202.05,8422.29,14812.43,0.0,5267.67,0.0,5823.78,232.46,6056.25,2400.0,8756.18,18.200000000000045,-98.21999999999991,-720.0,149.02999999999997,13.492931286199793,1.29,0.69,3.11,4.75,1.53,5.644021924123238,7.592553302689594,9.541084681255949,9.45149703166669,12.609461679688028,2.72,2.62,1.06,0.62,9,2002,0.3459677882410688,239.93890675241158,746.21
2002-12-31,10166.829999999998,195.36,0.8133343245855327,0.005092617936102903,554.55,289.4,432.8799999999999,32.0,0.0,9877.43,-77.0,4720.68,15.34,2842.05,8000.8,8297.34,16481.82,0.0,6708.45,0.0,7441.57,88.71,7530.28,2400.0,8951.54,1508.79,10.980000000000018,0.0,143.47999999999996,9.832119164619165,0.86,0.84,3.92,4.75,1.21,4.738917340187134,6.440279957942585,8.730894994530411,8.631303036417897,11.942735643658995,2.53,2.44,1.08,0.69,12,2002,1.223228640330717,240.19642857142858,941.57
2003-03-31,9167.79,189.71,0.79,0.0,775.03,257.28,394.05,36.0,0.0,8910.51,177.15,3747.83,20.41,2818.98,6895.34,8213.36,15291.83,0.0,5464.63,0.0,6055.03,95.55,6150.58,2400.0,9141.25,-934.55,-38.3,0.0,136.77,11.392500000000002,0.95,0.67,0.79,0.0,0.0,4.96,6.44,8.32,8.2,11.16,2.09,2.07,1.14,0.67,3,2003,0.0,240.13924050632912,189.71
2003-06-30,10045.32,162.64000000000001,0.6785321413367391,3.5,780.04,224.10000000000002,362.53000000000003,34.75,0.0,9821.210000000001,155.85999999999999,3153.62,20.36,2769.42,6284.67,8192.93,14660.8,0.0,5501.46,0.0,6095.24,101.67,6196.91,2400.0,8463.89,288.51,-42.72,-840.0,138.42999999999998,12.80366760944417,0.99,0.73,1.47,3.5,2.38,4.43123031077054,5.889843621399177,7.680799205335604,7.643872286079183,10.376464311054349,1.85,1.83,1.03,0.58,6,2003,838.9285714285714,239.69387755102042,352.35
2003-09-30,10440.399999999998,269.64,1.1227955433367094,0.006656055563594458,949.4199999999998,364.06000000000006,502.30000000000007,34.25,0.0,10076.349999999999,300.24,2941.35,28.73,2937.58,6399.31,8147.58,14729.92,0.0,5292.51,0.0,5889.62,106.77,5996.38,2400.0,8733.54,16.75,-229.02000000000004,0.0,138.24,7.623783377837117,0.94,0.69,2.59,3.5,1.35,7.317679062364347,9.918749819128923,12.346415858775863,12.3290753870641,16.577490956446244,2.11,2.1,1.09,0.59,9,2003,1.5984555984556437,240.15057915057918,621.99
2003-12-31,10965.890000000003,322.29999999999995,1.3413665293500936,1.25184666128391,987.7900000000004,424.97,560.7399999999998,46.0,0.0,10540.910000000003,347.9,3711.69,34.69,3335.82,7575.75,8415.52,16174.65,0.0,6532.7,0.0,7333.73,85.09,7418.82,2400.0,8755.83,1445.08,-374.73999999999995,-300.0,135.77000000000004,8.569805305615887,1.26,0.85,3.93,4.75,1.21,7.973109955628037,10.621711550477077,14.717487212614765,14.567308771669719,19.618765421639537,2.34,2.32,1.03,0.58,12,2003,300.79040299841813,240.2773536895674,944.29
2004-03-31,10653.95,224.77,0.94,0.0,887.55,320.74,455.25,43.75,0.0,10333.21,254.67,3833.73,39.02,2897.65,7232.86,8536.81,15951.03,0.0,5989.06,0.0,6882.9,87.53,6970.42,2400.0,8980.6,232.26,-110.22,0.0,134.51,11.635,1.17,0.78,0.94,0.0,0.0,5.64,8.2,10.0,9.92,14.160000000000002,2.12,2.11,1.05,0.63,3,2004,0.0,239.11702127659578,224.77
2004-06-30,10862.829999999998,243.70000000000002,1.014397933699063,1.2500000000000002,926.71,340.78,478.73,53.0,0.0,10522.05,267.07000000000005,3634.41,54.02,2895.74,7096.62,8698.95,15976.97,0.0,6185.35,0.0,6963.56,89.11,7052.67,2400.0,8924.3,455.13,-354.45000000000005,-300.0,137.95,13.062181575707838,1.43,0.79,1.95,1.25,0.64,6.09679168356565,8.98912630477939,10.924285439836064,11.215599718231688,15.273191453027941,2.19,2.18,1.02,0.6,6,2004,300.3012820512821,240.24102564102566,468.47
2004-09-30,11965.380000000005,301.55999999999995,1.2571037492045762,0.9981434289772925,1111.78,434.6300000000001,582.5999999999999,45.5,0.0,11530.75,357.45000000000005,3638.54,63.75,3172.19,7399.1,8883.38,16465.92,0.0,6646.5,0.0,7384.22,95.84,7480.06,2400.0,8985.86,534.61,-290.48999999999995,-240.0,147.97000000000003,9.045733104523148,1.22,0.83,3.21,2.25,0.7,7.331147098165005,11.012385491474356,13.424771502408996,13.612749633131175,18.907466981805904,2.32,2.3,1.0,0.57,9,2004,239.43937215432538,239.8847352024922,770.03
2004-12-31,12775.46,336.8299999999999,1.4028750700178882,0.0020152359938464507,1168.4499999999998,490.1099999999999,646.2400000000002,49.0,0.0,12285.360000000004,406.66999999999985,4449.9,56.44,3902.94,9295.68,9054.21,18538.56,0.0,8210.68,0.0,9118.99,96.88,9215.87,2400.0,9322.69,1122.4899999999998,-311.12,0.0,156.12999999999994,8.73283392215658,1.26,0.99,4.61,2.25,0.49,7.266953724951664,11.125620945738394,14.448700287299204,14.911253455721589,20.498408832191963,2.41,2.39,1.02,0.59,12,2004,0.48385772497806556,240.09978308026027,1106.86
2005-03-31,13082.77,255.8,1.07,0.0,1065.27,370.4,523.19,56.0,0.0,12712.37,288.26,4206.64,173.32,3466.51,8521.32,9065.31,17971.41,110.81,7224.86,0.0,8265.22,127.7,8392.92,2400.0,9578.49,-110.2,-243.86,110.81,152.79,13.085,1.4,0.88,1.07,0.0,0.0,5.68,8.72,10.68,11.04,15.28,1.97,1.96,1.03,0.61,3,2005,0.0,239.06542056074767,255.8
2005-06-30,12405.869999999999,219.45999999999998,0.9143012245928543,1.75,1031.46,315.62,471.78999999999996,61.5,0.0,12090.249999999998,231.91999999999996,3794.07,158.45,3136.32,7625.47,9021.66,17028.46,100.96,6671.8,0.0,7528.28,122.24,7650.52,2400.0,9377.95,105.55,-88.27999999999997,-429.85,156.17,16.81579285519001,1.57,0.82,1.98,1.75,0.88,5.153334174977906,7.683824432941967,9.364661027648024,9.586309809367505,13.335868366788704,1.88,1.86,1.01,0.6,6,2005,420.0530303030303,240.03030303030303,475.26
2005-09-30,12577.870000000003,296.03999999999996,1.2320606767794633,0.0018213052343738379,1153.9099999999999,417.70000000000005,579.31,63.0,0.0,12160.170000000002,323.4000000000001,4267.11,135.92,3010.27,8014.42,8985.08,17379.5,91.54,6745.14,0.0,7583.44,122.06,7705.51,2400.0,9673.99,642.0699999999999,-159.61,-9.419999999999959,161.61,12.785957134171058,1.56,0.8,3.21,1.75,0.55,6.816634772462077,10.010013224426292,12.236166472189808,12.69674990276157,17.30258420847919,2.04,2.03,1.06,0.66,9,2005,0.4376239025771156,240.28037383177568,771.3
2005-12-31,14228.14,365.1700000000001,1.523054546094486,4.996213537590452,1274.0899999999997,508.6600000000001,680.5999999999999,69.5,0.0,13719.479999999996,401.11,4038.63,180.83,4048.13,9527.04,9044.57,18967.95,53.51,9068.24,0.0,10008.75,120.04,10128.79,2400.0,8839.15,1593.0,-583.45,-1238.03,171.94,11.4060918202481,1.89,1.15,4.74,6.75,1.42,7.698815806840482,11.053391642542259,16.528676339894588,16.078829005605076,23.135005763460548,2.19,2.17,0.95,0.55,12,2005,1197.9001685792027,239.76160337552741,1136.47
2006-03-31,14180.25,258.09,1.08,0.0,1126.64,376.65,538.11,81.5,0.0,13803.6,287.97,4191.02,156.52,3464.56,8675.67,8959.23,18039.36,50.2,7840.22,0.0,8824.07,118.05,8942.12,2400.0,9097.24,-66.12,221.82,-3.31,161.46,18.865,2.15,0.98,1.08,0.0,0.0,5.72,8.36,11.36,11.04,16.36,1.83,1.82,0.98,0.59,3,2006,0.0,238.97222222222217,258.09
2006-06-30,13929.130000000001,239.14000000000004,0.9955549745590572,4.0,1117.3700000000001,352.09000000000003,510.17999999999995,62.0,0.0,13577.039999999999,263.8399999999999,3163.31,164.87,3353.84,7322.32,8899.06,16622.24,54.53,7208.88,0.0,8125.34,120.52,8245.86,2400.0,8376.38,45.410000000000004,-117.46,-955.6700000000001,158.09,15.568326607844774,1.78,0.98,2.07,4.0,1.93,5.752095408563442,8.3299575649096,11.427239707982224,10.7731552802526,16.50601291152988,1.78,1.77,0.9,0.49,6,2006,960.8309178743963,240.20772946859907,497.23
2006-09-30,13864.069999999996,343.88,1.4309424451023052,1.501821149956145,1237.2199999999998,432.8299999999999,593.01,68.5,0.0,13431.239999999998,343.47,3310.18,177.73,3266.12,7346.43,8836.55,16579.3,56.8,7176.63,0.0,8097.63,121.4,8219.03,2400.0,8360.26,626.5500000000001,-121.94,-357.74,160.18,11.966763623938585,1.97,0.98,3.5,5.5,1.57,8.291289367621358,11.18588151371402,16.451749711690503,15.25793487177658,22.404470283316094,2.02,2.0,0.91,0.5,9,2006,360.9133678398895,240.31714285714287,841.11
2006-12-31,15433.350000000006,382.0400000000001,1.5929395413481584,-0.011095006452893397,1319.2099999999996,550.3600000000001,703.95,98.0,0.0,14882.990000000005,435.43000000000006,4871.4,207.91,4200.01,9919.54,8970.7,19282.59,64.55,9272.35,0.0,10421.95,118.35,10540.29,2400.0,8742.3,1701.5299999999997,-148.06,7.759999999999991,153.59000000000003,15.383823029002196,2.69,1.21,5.1,5.5,1.08,7.920969954625353,11.181810898090996,17.478607202714304,17.378658055021873,24.137719167722686,2.15,2.13,0.95,0.55,12,2006,-2.660952380952267,239.83333333333337,1223.15
2007-03-31,15326.05,316.07,1.32,0.0,1260.14,459.91,611.3,82.5,0.0,14866.14,364.52,4518.55,178.84,3900.45,9206.94,9145.37,18702.65,0.0,8357.32,0.0,9524.81,119.47,9644.28,2400.0,9058.37,64.37,-352.67,-64.55,151.39,15.625,2.19,1.06,1.32,0.0,0.0,6.76,10.000000000000002,13.96,13.92,20.04,2.08,2.06,0.97,0.56,3,2007,0.0,239.4469696969697,316.07
2007-06-30,15171.670000000002,282.22999999999996,1.1745824837038275,4.0,1273.5199999999998,412.10999999999996,573.77,88.5,0.0,14759.560000000001,328.15,2370.96,158.94,3939.9,7102.55,9872.22,17377.19,30.31,7720.53,0.0,8876.46,120.13,8996.58,2400.0,8380.6,-277.53999999999996,-940.3499999999999,-929.69,161.66000000000003,18.835331112922088,2.53,1.07,2.49,4.0,1.61,6.490865452114323,9.679691793414674,13.472319572121009,13.472319572121009,19.35938358682935,1.97,1.96,0.8,0.36,6,2007,961.1244979919677,240.28112449799193,598.3
2007-09-30,15043.07,301.22,1.255753068303095,2.2431776197640083,1380.52,434.20000000000005,600.1700000000001,100.0,0.0,14608.869999999999,364.2400000000001,1053.77,164.41,4097.7,5949.38,11238.46,17577.0,15.32,7675.69,0.0,9309.16,126.02,9435.17,2400.0,8141.82,85.88999999999999,-848.0799999999999,-554.99,165.96999999999997,19.910861164597303,2.95,1.16,3.75,6.25,1.67,6.858086090359304,10.246945037353257,14.80114283173248,14.600222340803985,21.163625044468162,1.99,1.98,0.64,0.2,9,2007,538.0755020080321,239.87199999999999,899.52
2007-12-31,18393.409999999996,392.0799999999999,1.633160730876432,1.0052678847940542,1759.5300000000002,531.54,735.9300000000001,99.0,0.0,17861.870000000003,448.91999999999985,1564.12,183.87,5486.29,8457.72,11913.7,20759.66,564.85,10199.41,0.0,12333.19,132.57,12465.75,2400.0,8293.9,1506.8899999999999,-1306.1,309.53,204.39,15.153438073862477,2.86,1.5,5.38,7.25,1.35,7.552609476618147,11.146777330442859,18.905808609476615,18.40796779188603,26.48270300402601,2.03,2.02,0.69,0.24,12,2007,241.33903345724912,240.07434944237917,1291.6
2008-03-31,18743.83,390.29,1.63,0.0,1629.91,582.6,804.43,100.0,0.0,18161.23,460.42,769.7,180.24,5249.06,6934.62,11837.5,19163.04,24.57,8816.94,0.0,10341.12,137.73,10478.85,2400.0,8684.19,121.31,-375.45,-540.28,221.83,15.3375,2.76,1.21,1.63,0.0,0.0,8.16,12.32,17.96,17.6,26.399999999999995,2.1,2.08,0.67,0.16,3,2008,0.0,239.44171779141107,390.29
2008-06-30,18853.549999999996,431.68,1.79610642724187,2.0,1559.26,652.2199999999999,876.0000000000001,91.0,0.0,18201.329999999998,397.08,835.55,144.03,5063.43,6736.62,11664.15,18753.8,155.83,8489.03,0.0,9976.68,141.26,10117.93,2400.0,8635.87,357.06,57.539999999999964,-348.74,223.78,12.667150261767976,2.53,1.17,3.42,2.0,0.58,9.201106609730282,14.36885141793496,19.99875226589778,20.29285156392569,29.55697945180481,2.21,2.19,0.68,0.17,6,2008,480.68421052631584,240.34210526315792,821.97
2008-09-30,18242.200000000004,467.64999999999986,1.947302693816783,2.99842262796303,1583.7299999999996,681.1500000000001,900.1000000000001,82.0,0.0,17561.050000000003,468.25,1744.59,108.55,5011.62,7526.1,11413.34,19288.39,1188.18,8462.05,0.0,10760.46,144.4,10904.86,2400.0,8383.52,505.68999999999994,90.99000000000004,312.35,218.94999999999993,10.52736950711002,2.35,1.3,5.37,5.0,0.93,9.703877111086985,15.07074487058203,22.30876382190102,22.642379925869633,32.592842852933416,2.33,2.31,0.7,0.23,9,2008,720.0792904047826,240.1527001862197,1289.62
2008-12-31,18470.699999999997,384.5,1.603116861395838,0.9935911186180992,1558.0600000000004,561.1600000000001,780.3799999999997,67.5,-1.73,17909.539999999994,502.25,1925.38,151.09,5617.38,8734.5,11035.24,20686.31,1214.75,9663.4,0.0,12010.62,147.67,12158.28,2400.0,8528.02,832.26,-438.0300000000001,-213.43000000000006,219.22000000000003,10.52583901170351,1.9,1.43,6.98,6.0,0.86,7.432215133921105,10.978364752825366,18.03391632618928,18.281963061190357,26.22864549733592,2.27,2.25,0.73,0.26,12,2008,238.3081323067238,239.8452722063037,1674.12
2009-03-31,18536.32,296.9,1.24,2.5,1438.91,457.22,672.19,67.0,0.31,18079.1,346.89,2230.7,129.69,5212.27,8417.49,10925.7,20252.28,1068.94,8985.69,0.0,11276.56,150.79,11427.35,2400.0,8824.93,565.54,-114.42,-145.81,214.97,13.5075,1.82,1.29,1.24,2.5,2.02,5.88,9.280000000000001,13.44,13.56,20.36,1.61,1.6,0.75,0.28,3,2009,598.5887096774193,239.43548387096772,296.9
2009-06-30,19007.86,288.80000000000007,1.2031278811678334,0.0063062120319225985,1514.3299999999997,449.36,668.02,72.5,0.0,18558.489999999998,357.40999999999997,2003.18,74.1,4944.89,7605.8,11457.82,19961.49,1091.91,8932.21,0.0,11290.43,157.33,11447.76,2400.0,8513.73,911.9100000000001,-562.39,-577.03,218.66,15.06331977146814,2.04,1.34,2.44,2.5,1.02,5.778958511183201,9.230554891582722,13.569704626942123,13.471087587502137,20.630684650845147,1.57,1.56,0.67,0.24,6,2009,1.5137493389742076,240.0409836065574,585.7
2009-09-30,19291.92,386.38,1.6097841741420458,1.9997788669488175,1782.46,581.4999999999999,823.52,74.0,0.0,18710.43,490.85000000000014,2470.66,90.98,4676.45,7890.6,11694.06,20481.81,1076.56,9249.46,15.4,11738.6,323.1,12061.7,2400.0,8420.11,1265.0399999999997,-294.62,-502.93999999999994,242.01999999999998,11.491214348568768,2.11,1.43,4.05,4.5,1.11,7.552073903382437,11.892529009958029,18.3475648094807,18.39526211834417,27.06027322854086,1.72,1.71,0.67,0.27,9,2009,479.9864298724955,240.01975308641977,972.08
2009-12-31,21572.390000000007,554.9499999999999,2.311337694740771,1.0014863274897454,1929.0500000000002,796.2400000000002,1043.38,87.5,0.0,20776.140000000007,792.49,3007.84,125.05,5931.67,9886.96,12152.27,22921.57,715.0,11349.21,15.75,13860.23,326.28,14186.51,2400.0,8735.06,1609.21,-560.4700000000001,-511.55999999999995,247.14,9.465687359221553,2.4,1.62,6.36,5.5,0.86,9.681452230800966,15.234477384203322,25.41017792708722,25.715448943373737,36.6470586694433,1.96,1.95,0.71,0.29,12,2009,240.4559224318657,240.09905660377356,1527.03
2010-03-31,21479.41,472.18,1.97,2.75,1941.6,731.0,975.68,97.0,0.0,20748.41,622.98,3029.8,117.44,5551.01,9322.03,12318.83,22518.54,715.0,10263.46,16.11,12985.75,325.56,13311.3,2400.0,9207.24,579.71,-538.1,-19.66,244.68,12.31,2.53,1.45,1.97,2.75,1.4,8.4,13.68,20.52,20.96,30.679999999999996,2.21,2.2,0.72,0.29,3,2010,659.1345177664974,239.68527918781726,472.18
2010-06-30,21731.719999999998,432.09,1.8014302144271068,0.0019964922205807922,1889.5100000000002,640.5999999999999,896.14,110.0,0.0,21091.12,572.22,2705.22,96.07,5203.17,8683.04,12452.55,22003.25,760.0,10175.5,16.47,12713.68,310.24,13023.92,2400.0,8979.33,728.1800000000001,-407.48,-645.2800000000001,255.54000000000002,15.26684174593256,2.94,1.45,3.77,2.75,0.73,7.855573667156933,12.50010992292125,19.247111150430733,19.763170734404547,28.211257257235115,2.1,2.09,0.68,0.27,6,2010,0.4788774589667355,239.85941644562334,904.27
2010-09-30,21194.800000000003,502.9000000000001,2.094270059765345,2.003114765080822,2078.2599999999998,722.6399999999999,984.6000000000001,150.0,0.0,20472.17,638.7,2657.18,104.37,5371.29,8824.37,12515.18,22201.03,760.0,10382.75,16.85,12888.48,310.32,13198.8,2400.0,9002.23,788.1499999999999,-342.9799999999999,-493.19000000000005,261.9599999999999,17.907910121296478,4.0,1.47,5.86,4.75,0.81,9.063257460008387,14.02374695310446,22.34364575708692,23.087004413112844,32.15026187312123,2.2,2.18,0.68,0.27,9,2010,481.01075153221507,240.13139931740614,1407.17
2010-12-31,24257.68,473.8599999999999,1.975014965205233,1.2459592294752315,2129.88,780.4000000000001,1048.15,170.0,0.0,23477.270000000004,731.19,5293.59,144.48,5898.4,12227.14,12406.38,25491.67,1200.0,12812.07,19.41,15948.85,366.72,16315.57,2400.0,9176.09,2754.6800000000003,-192.41000000000008,74.12000000000012,267.7500000000001,21.515178744776943,4.45,1.78,7.84,6.0,0.77,7.436535940415621,11.971009074815393,20.657044278932283,21.160874627198925,30.35074017958246,2.13,2.12,0.77,0.4,12,2010,298.93962875252487,239.92729591836735,1881.03
2011-03-31,23804.84,685.03,2.85,3.7499999999999996,2282.94,1019.27,1255.7,146.0,0.0,22785.57,912.18,5872.68,138.34,6061.29,12821.18,12972.4,26684.97,2040.0,12119.34,19.8,16447.93,375.91,16823.84,2400.0,9861.13,549.96,-821.06,850.19,236.43,12.8075,3.55,1.71,2.85,3.75,1.32,10.28,16.56,27.8,28.72,39.84,2.9,2.88,0.78,0.41,3,2011,901.3552631578946,240.3614035087719,685.03
2011-06-30,23788.44,572.6400000000001,2.385867198867748,-0.005437896226647167,2121.7999999999997,827.0699999999999,1066.3500000000001,196.0,0.0,22961.370000000003,722.39,4509.79,129.99,6123.5,11534.32,13811.39,26230.75,2060.0,11689.96,21.05,16320.35,376.63,16696.98,2400.0,9533.77,32.110000000000014,-543.72,-851.2900000000001,239.27999999999997,20.535090982117907,4.93,1.75,5.24,3.75,0.72,8.723896093569858,13.950948659028205,24.022586529057705,24.75109559741427,33.93030985870698,2.66,2.64,0.71,0.33,6,2011,-1.3051677380472029,240.01335877862596,1257.67
2011-09-30,24344.14,669.06,2.7884300343068302,3.2488764558493544,2499.0600000000004,1005.1299999999999,1265.9199999999996,218.0,0.0,23339.009999999995,894.0000000000002,3181.71,156.68,6257.47,10450.91,14665.82,25996.78,2075.0,11743.55,21.23,16200.08,373.88,16573.96,2400.0,9422.83,777.5299999999999,-1322.9800000000002,-782.62,260.79,19.54634842166622,5.55,1.76,8.03,7.0,0.87,10.292536266108899,16.431943863437013,28.405177684470576,29.0441205565907,40.433971755253715,2.69,2.68,0.65,0.26,9,2011,779.5401910060557,239.94146948941471,1926.73
2011-12-31,27732.600000000006,677.71,2.82331460889865,1.752889447358723,2795.3499999999995,1101.8300000000004,1377.1399999999999,239.0,0.0,26630.76000000001,1270.7999999999997,6288.33,174.92,7212.13,14585.46,14824.0,30319.45,2050.0,15595.91,22.52,20248.58,390.34,20638.92,2400.0,9680.53,4236.960000000001,-631.6399999999999,-498.70000000000005,275.30999999999995,21.1653263195172,5.93,2.13,10.85,8.75,0.81,8.940929950392407,14.748891431555343,27.998954093778316,28.748368478444505,40.853492497427474,2.63,2.61,0.72,0.36,12,2011,420.7645522837745,240.04055299539172,2604.44
2012-03-31,27952.97,863.88,3.6,5.5,2701.69,1154.58,1434.77,358.0,0.0,26798.39,1039.23,6100.43,156.17,6813.3,13889.89,15053.29,29848.32,2090.0,13725.92,22.64,18914.13,389.78,19303.91,2400.0,10544.41,229.16,-469.03,51.97,280.19,24.86,8.15,1.83,3.6,5.5,1.53,11.56,16.32,32.76,33.88,42.24,3.11,3.09,0.73,0.37,3,2012,1319.8166666666666,239.96666666666667,863.88
2012-06-30,27951.729999999996,768.7600000000001,3.2019110152881223,0.002919606690187987,2649.4599999999996,1042.19,1338.31,356.0,0.0,26909.54,910.24,4611.3,148.09,6887.38,12470.57,15374.19,28749.07,2090.0,13773.11,22.87,18366.78,389.12,18755.9,2400.0,9993.16,533.99,-775.5699999999999,-1247.55,296.11999999999995,27.79433893542848,8.55,1.88,6.8,5.5,0.81,10.698149745197963,15.048981771854177,30.77601528812231,31.49173657389259,39.85437475499804,2.94,2.92,0.68,0.3,6,2012,0.7009803921571347,240.09411764705885,1632.64
2012-09-30,27771.14,759.9399999999998,3.1667078216820332,3.4973372087134087,2827.4500000000007,1058.87,1360.4099999999999,397.0,0.0,26712.269999999997,922.5800000000002,2450.55,190.68,6559.22,10476.0,16056.78,27441.97,2090.0,12241.71,23.39,17141.85,387.01,17528.86,2400.0,9913.11,-576.95,-700.5,-883.3000000000002,301.5400000000001,31.34212424665106,9.61,1.77,9.97,9.0,0.9,11.078713021090202,15.474624380375992,30.66973994599971,31.44474165963102,40.16033470145198,2.88,2.86,0.61,0.23,9,2012,839.2837571538141,239.9779338014042,2392.58
2012-12-31,31280.01000000001,1163.3400000000001,4.8484495714189295,1.7486004155236083,3393.709999999999,1521.0899999999997,1835.6599999999999,446.0,0.0,29758.92,1442.0999999999995,6055.83,234.94,7275.51,14687.54,16499.15,32084.56,2070.0,15728.46,23.99,21001.24,426.74,21427.98,2400.0,10656.59,4980.110000000001,-886.29,-488.52999999999975,314.57000000000005,22.993628861725718,10.04,2.01,14.82,10.75,0.73,14.499546896443116,20.035023735067156,43.66876172692299,45.76255911269095,56.401667079124394,3.11,3.09,0.7,0.35,12,2012,419.5602692016673,239.94062078272606,3555.92
2013-03-31,31468.39,1009.78,4.21,7.25,3217.57,1327.04,1645.09,532.0,0.0,30141.35,1202.65,7286.5,190.97,7639.45,16114.65,17089.6,34298.57,2045.0,16214.21,24.55,21998.37,428.53,22426.89,2400.0,11871.67,1989.55,-765.82,6.94,318.05,31.5925,10.76,1.89,4.21,7.25,1.72,11.76,16.56,34.04,36.04,43.16,3.23,3.21,0.73,0.39,3,2013,1738.9323040380048,239.85273159144893,1009.78
2013-06-30,31586.43,959.22,3.994720162519045,0.00812854590572052,3215.4199999999996,1241.94,1576.97,780.0,0.0,30344.489999999998,1133.1599999999999,2541.22,183.07,7535.88,11724.75,17227.78,30029.74,2060.0,13879.01,25.35,18508.01,430.87,18938.88,2400.0,11090.86,-2194.0,-791.5199999999999,-1759.76,335.03000000000003,48.813431746627465,16.88,1.71,8.2,7.25,0.88,12.783104520060943,17.03114840020315,34.58843067546978,36.40066957846623,43.45476079228035,3.14,3.12,0.63,0.23,6,2013,1.9518423034589887,240.12195121951223,1969.0
2013-09-30,31245.07,1024.13,4.266737863039695,-0.0028842064588077854,3301.1100000000006,1308.6599999999999,1657.65,610.0,0.0,29936.410000000003,1196.08,4099.11,183.42,7884.89,13198.23,17502.0,32033.13,2126.94,14562.53,29.74,19400.99,515.0,19915.98,2400.0,12117.14,2295.41,-748.51,10.990000000000009,348.99,35.74348949840353,12.08,1.64,12.47,7.25,0.58,12.7831055784413,17.847076739065795,33.80542909930407,37.18597200923448,42.0172742246411,3.19,3.17,0.68,0.27,9,2013,-0.6922858763473414,240.02646351242984,2993.13
2013-12-31,35480.83,1305.4499999999998,0.2733239814078137,7.385653477562682,3679.26,1632.02,1960.87,29.0,0.0,33848.81,1489.4500000000003,5010.82,278.3,9791.95,16435.76,18097.74,36104.34,3060.0,18176.92,27.87,24539.98,542.96,25082.94,2400.0,11021.4,3215.29,-933.3299999999999,-1370.25,328.85,26.52346845915202,12.63,2.28,0.9,7.75,8.61,14.467949415853607,19.630735731334532,47.376156777354375,48.177907122817295,57.871797663414426,3.33,3.31,0.67,0.27,12,2013,35275.35813953488,4776.2,4298.58
2014-03-31,35370.95,1270.6,0.26,0.3,3755.11,1650.86,1980.47,32.0,0.0,33720.09,1498.05,4388.48,229.87,9652.2,15470.0,19215.17,36417.13,3159.32,16528.28,33.02,23508.71,615.81,24124.52,2400.0,12292.61,914.82,-1583.79,46.64,329.61,30.769999999999996,12.5,1.96,0.26,0.3,1.15,13.96,18.68,41.36000000000001,42.08,51.16,3.61,3.59,0.66,0.25,3,2014,1466.0769230769229,4886.923076923076,1270.6
2014-06-30,34938.130000000005,1051.7200000000003,0.2173798615177926,-0.00302323671023931,3426.8699999999994,1368.47,1708.34,41.5,0.0,33569.66,1179.01,2282.0,211.26,9520.62,13181.33,20081.66,35400.72,4183.33,15399.22,35.95,22816.81,679.52,23496.33,2400.0,11904.39,-94.57000000000005,-1510.13,-501.8,339.87,47.72843228235651,16.73,1.97,0.48,0.3,0.63,11.883432429639328,16.720134348410213,35.34234248510111,36.59227668882841,43.45785731509869,3.32,3.3,0.58,0.16,6,2014,-14.626923076922822,4838.166666666667,2322.32
2014-09-30,33937.20999999999,1082.5,0.22573146304356764,0.34733216440222986,3629.630000000001,1447.6599999999999,1820.5700000000002,39.75,0.0,32489.550000000003,1254.3600000000001,2781.45,242.22,8905.52,13272.37,21532.09,37052.35,5616.67,15596.85,54.48,24903.28,842.13,25745.41,2400.0,11306.94,2039.48,-1319.8400000000001,-220.18,372.9100000000001,44.026760230946884,16.87,2.28,0.71,0.65,0.92,11.687167016171193,16.443424321990587,38.291686491503214,36.96909087705077,46.761385330208356,3.28,3.27,0.53,0.18,9,2014,1665.6387323943666,4795.521126760564,3404.82
2014-12-31,38285.64,1480.0700000000002,0.30904921093412546,-0.0008704406941105175,4245.539999999999,1861.08,2259.67,36.25,0.0,36424.55,1693.0900000000001,4564.23,311.8,10627.81,17405.69,23654.58,43665.53,3094.97,20629.31,60.8,27975.49,2903.33,30878.81,2400.0,12786.71,4801.15,-2553.6499999999996,-464.7199999999999,398.5899999999999,29.324456039241387,13.61,2.41,1.02,0.65,0.64,13.561806550403386,19.23376853931204,46.29678375562194,49.738743595045136,48.878253635189324,3.44,3.43,0.62,0.24,12,2014,-4.168634355150516,4789.107843137255,4884.89
2015-03-31,39775.79,1539.29,0.32,0.42,4577.34,2022.86,2449.76,35.75,0.0,37752.93,1834.93,3973.46,258.34,10124.33,15931.75,24545.66,43396.98,3102.63,18590.06,62.33,26174.5,2896.3,29070.79,2400.0,14326.19,1636.02,-2224.79,-2.0,426.9,27.929999999999996,11.98,2.03,0.32,0.42,1.31,14.2,20.28,42.96,46.28,47.0,3.89,3.87,0.61,0.22,3,2015,2020.318125,4810.28125,1539.29
2015-06-30,38089.88,1168.6799999999998,0.24167948684808177,0.0022043264881072716,3989.42,1525.1700000000003,1975.8999999999996,40.0,0.0,36564.71,1369.7899999999997,1259.6,244.98,9620.68,12600.9,25285.96,40960.49,3679.2,17015.94,63.7,24587.99,2893.83,27481.82,2400.0,13478.67,-24.519999999999982,-1250.6799999999998,-1438.66,450.73,41.37794287144471,14.24,2.04,0.56,0.42,0.75,11.410724343327288,16.037160234419137,34.68100636269973,36.83885892384332,37.40853199998523,3.49,3.48,0.51,0.12,6,2015,10.659374999999727,4835.660714285714,2707.97
2015-09-30,37405.630000000005,1247.0300000000002,0.25854983565107464,0.39891237673830593,4314.949999999999,1660.2099999999996,2134.0,38.5,0.0,35745.42,1518.0900000000006,895.18,254.74,10475.96,13213.48,26112.67,42633.12,4657.36,18476.65,73.64,26849.43,2975.78,29825.21,2400.0,12807.91,2017.7800000000002,-1399.4600000000005,-982.74,473.7900000000001,37.22589873539529,14.43,2.33,0.82,0.82,1.0,11.704109633375475,16.484128546144124,38.94643378002529,41.36797370417194,41.620217446270544,3.45,3.43,0.49,0.1,9,2015,1924.0224999999998,4823.170731707317,3955.0
2015-12-31,40645.89,1423.4799999999996,0.29642159123023604,-0.0035784087697641105,4398.600000000002,1842.0700000000006,2360.5599999999995,35.5,0.0,38803.82000000001,1627.6399999999994,2229.53,394.24,12953.7,17325.68,27038.71,47909.8,2301.71,22163.84,80.19,28683.83,5019.02,33702.85,2400.0,14206.95,3071.8399999999997,-1495.83,-241.65999999999985,518.49,29.943837637339485,11.99,2.37,1.12,0.82,0.73,11.888623105412679,16.303187517662977,40.08043372848834,42.18714432330323,38.82064196575983,3.47,3.45,0.6,0.15,12,2015,-17.18428571428649,4802.214285714284,5378.48
2016-03-31,42578.33,1254.19,0.26,0.45,4452.77,1649.59,2144.26,34.0,0.0,40928.75,1441.74,2576.09,350.4,12315.85,16878.97,27617.44,48267.06,3190.45,20098.33,81.75,27768.91,5037.15,32806.06,2400.0,15460.99,943.37,-1267.04,670.22,494.67,32.6925,10.56,2.12,0.26,0.45,1.73,10.4,14.400000000000002,32.44,33.68,32.2,2.96,2.95,0.61,0.16,3,2016,2170.7134615384616,4823.807692307692,1254.19
2016-06-30,43072.22,1132.4899999999998,0.23725216618901568,-0.00475586621131905,4262.42,1476.22,1986.1399999999994,33.25,0.0,41595.990000000005,1306.9199999999998,931.02,284.57,11426.44,14326.98,28750.44,46894.74,4396.69,19400.34,83.48,27402.52,5058.76,32461.28,2400.0,14433.46,1072.79,-1646.7600000000002,-1071.1,509.92,35.036561029236466,11.06,2.25,0.5,0.45,0.9,9.66090820721672,13.513883386126334,31.39320663013055,32.456096334657346,30.44419796537449,2.8,2.79,0.52,0.11,6,2016,-22.7014615384619,4773.36,2386.68
2016-09-30,42202.67,1408.1100000000001,0.2931405690433463,0.3628265121390118,4746.129999999999,1844.94,2383.2300000000005,32.5,0.0,40357.73999999999,1681.46,926.73,321.43,10736.63,13616.71,29851.73,47326.7,4612.76,19335.1,97.43,27829.95,5390.29,33220.24,2400.0,14106.45,2731.04,-1227.5500000000002,-1507.77,538.2900000000001,27.717589641434262,11.06,2.35,0.79,0.81,1.03,11.903733487228543,16.4010293059695,39.92648763172666,41.85602049125248,37.848529167621926,2.98,2.97,0.49,0.1,9,2016,1742.848632911393,4803.53164556962,3794.79
2016-12-31,44936.91,1617.7300000000005,0.3377419205841272,-0.002315245983363174,4908.970000000001,2053.6400000000003,2611.0700000000006,35.0,0.0,42883.259999999995,1896.71,2550.13,445.41,13485.41,18528.62,30318.75,52859.47,3190.75,24458.0,2101.13,33704.44,3413.39,37117.83,2400.0,15721.46,4324.29,-1402.5299999999997,-1298.3600000000001,557.4299999999998,25.90446866906096,10.69,2.36,1.13,0.81,0.72,12.242397404536153,16.665919904222065,41.16267017950974,43.24292130098365,43.84069461175203,3.15,3.13,0.55,0.15,12,2016,-11.089659460064468,4789.840707964602,5412.52
2017-03-31,46562.83,1622.27,0.3400000000000001,0.49,5378.29,2099.12,2673.74,34.0,0.0,44463.71,1849.64,2218.36,798.73,13217.3,18044.18,30478.24,55277.39,5227.42,21870.68,2116.01,34079.3,3651.35,37730.64,2400.0,17336.73,1148.16,-3176.82,1696.89,574.62,25.0,9.41,2.18,0.34,0.49,1.44,11.72,16.2,37.44,39.56,39.6,3.5,3.48,0.53,0.14,3,2017,2337.977352941176,4771.382352941176,1622.27
2017-06-30,45430.119999999995,1231.27,0.2545782782088213,0.006598106830360242,4875.05,1582.21,2179.1500000000005,36.75,0.0,43847.909999999996,1356.34,1663.7,772.0,10894.97,15091.8,30835.06,52863.86,7088.4,18855.68,2121.9,32616.13,3710.09,36326.21,2400.0,16214.65,934.7099999999998,-1057.9,-431.47,596.9399999999999,36.09017652505137,10.88,2.24,0.59,0.49,0.83,9.320153914085664,12.737543682583738,30.376797942205123,32.13727145931019,31.37785151075506,3.12,3.1,0.46,0.13,6,2017,31.91179960119689,4836.5084745762715,2853.54
2017-09-30,45878.56999999999,1446.7799999999997,0.30279188525505074,0.39401359961860144,5279.33,1888.6900000000005,2490.33,34.75,0.0,43989.880000000005,1664.4699999999998,2413.83,763.0,11143.98,16012.85,31103.67,54233.12,6400.88,21343.68,2123.39,34413.81,3705.29,38119.1,2400.0,15716.19,4409.43,-1109.0900000000001,-2550.21,601.6400000000001,28.69049807157965,10.61,2.43,0.9,0.89,0.99,10.671731778100234,14.762786583324031,36.81949324701417,38.811190981136285,37.81534211407523,3.13,3.12,0.47,0.14,9,2017,1882.6495141242935,4778.133333333333,4300.32
