,revenue,net_profit,eps,dps,gross_profit,ebit,ebitda,close_price,expense,operating_profit,cash,account_receivable,inventory,current_asset,property_plant_equipment,total_asset,short_term_loan,account_payable,current_portion_long_term_debt,current_liability,non_current_liability,total_liability,paid_in_capital,total_equity,cash_flow_operation,cash_flow_investment,cash_flow_financing,depreciation,P/E,P/BV,D/E,EPS,DPS,DPR%,ROA%,ROAA%,ROE%,ROAE%,ROCE%,NPM%,NPMA%,TIE,CurrentRatio,QuickRatio,month,year,dividend,number_of_shares,return_old
2000-03-31,805.04,-47.96,-0.96,0.0,128.09,-31.84,-0.93,9.6,836.88,-36.52,117.57,382.14,635.28,1218.32,1161.6,2475.02,736.87,583.17,51.28,1595.11,121.07,1716.18,700.0,758.81,12.69,-36.39,30.09,30.91,-2.5,4.43,2.26,-0.96,0.0,0.0,-7.76,0.0,-25.280000000000005,0.0,-14.48,-5.99,-5.96,0.0,0.76,0.37,3,2000,0.0,49.958333333333336,-47.96
2000-06-30,739.74,-77.22,-1.5421792618629173,0.0,113.47,-61.69,-28.82,7.3,801.43,-70.78,102.95,316.49,772.2,1296.58,1146.69,2538.04,705.11,751.9,56.46,1745.5,110.9,1856.4,700.0,681.61,43.300000000000004,-19.839999999999996,-40.44,32.870000000000005,-1.1833903133903134,3.75,2.72,-2.5,0.0,0.0,-12.164710017574691,0.0,-45.327732864674864,0.0,-29.11634446397188,-8.18,-8.1,0.0,0.74,0.3,6,2000,0.0,50.072,-125.18
2000-09-30,733.5000000000002,-87.98999999999998,-1.7583965848853025,0.0,143.99,-72.32,-38.870000000000005,5.6,805.8200000000002,-74.61,93.48,321.46,664.43,1179.32,1121.49,2398.23,679.74,717.49,54.12,1701.96,102.15,1804.11,700.0,593.98,12.130000000000003,-17.82,-5.390000000000001,33.45,-0.7934216956472329,3.3,3.04,-4.26,0.0,0.0,-14.67807102312708,0.0,-59.257139372331935,0.0,-39.328644743631834,-9.42,-9.36,0.0,0.69,0.3,9,2000,0.0,50.039906103286384,-213.17
2000-12-31,831.0099999999998,-94.85,-1.896876826180118,0.0,185.62999999999994,-74.4,-41.06999999999999,4.4,905.4099999999999,-81.15,89.66,461.56,537.41,1148.63,1101.57,2346.35,673.15,639.09,46.3,1596.94,212.41,1809.35,700.0,536.94,44.56,-12.63000000000001,-33.269999999999996,33.33,-0.5764211913547707,2.87,3.37,-6.16,0.0,0.0,-16.172722550483737,0.0,-70.6648204662035,0.0,-39.48952665411337,-9.98,-9.91,0.0,0.72,0.38,12,2000,0.0,50.00324675324675,-308.02
2001-03-31,666.65,8.95,0.18,0.0,157.66,26.84,64.22,3.6,639.81,17.86,89.65,371.45,616.01,1132.94,1081.36,2310.68,671.4,632.68,40.02,1547.27,217.29,1764.56,700.0,546.06,41.3,-15.88,-25.5,37.38,5.0,2.31,3.23,0.18,0.0,0.0,1.56,4.480000000000001,6.56,5.48,14.08,1.36,1.34,0.0,0.73,0.33,3,2001,0.0,49.72222222222222,8.95
2001-06-30,781.65,-57.61,-1.1484114262227703,0.0,118.54999999999998,-38.79,-1.75,4.9,820.44,-47.129999999999995,112.2,369.16,546.19,1071.58,1006.87,2174.72,679.62,659.21,31.15,1557.05,129.33,1686.38,700.0,488.33,7.490000000000002,33.74,-18.9,37.04,-1.0663643464676271,3.51,3.45,-0.97,0.0,0.0,-10.608006576243323,-2.415215782983971,-47.167743526510485,-39.40116728318948,-9.13993423756679,-3.4,-3.36,0.0,0.69,0.34,6,2001,0.0,50.16494845360825,-48.66
2001-09-30,714.9600000000003,-65.39,-1.3072266549758877,0.0,101.57,-49.019999999999996,-12.449999999999996,3.3,763.9699999999998,-62.0,83.21,424.85,529.26,1089.33,979.06,2164.67,659.97,738.88,27.0,1638.64,102.97,1741.6,700.0,423.06,-12.170000000000002,-6.84,-10.11,36.56999999999999,-0.632254549625325,2.73,4.12,-2.28,0.0,0.0,-12.086113108285838,-6.123324857518632,-61.829527400263046,-51.44051556334941,-26.58027531784305,-5.35,-5.27,0.0,0.66,0.34,9,2001,0.0,50.021929824561404,-114.05
2001-12-31,849.9299999999998,-133.18,-2.661122032115844,0.0,133.56,-104.19,-63.830000000000005,3.6,954.1300000000001,-123.84000000000002,88.02,459.65,408.95,1008.67,900.39,2041.66,679.61,780.62,25.99,1677.23,76.09,1753.33,700.0,288.33,39.31000000000001,-26.72,-6.580000000000005,40.36,-0.33878566601591825,4.37,6.08,-4.94,0.0,0.0,-26.094079197508393,-16.225302754520083,-184.77021397079645,-129.09135299114186,-97.65348218258302,-8.34,-8.2,0.0,0.6,0.36,12,2001,0.0,50.04655870445344,-247.23
2002-03-31,617.97,-48.89,-0.98,0.0,95.82,-32.34,5.56,3.92,650.31,-39.46,14.16,379.1,406.78,846.4,853.74,1922.53,701.14,748.26,25.7,1627.01,55.77,1682.78,700.0,239.76,-7.38,-5.22,15.0,37.9,-1.0,5.72,7.02,-0.98,0.0,0.0,-10.16,-6.12,-81.56,-49.760000000000005,-43.76,-8.0,-7.91,0.0,0.52,0.27,3,2002,0.0,49.88775510204082,-48.89
2002-06-30,682.22,-60.519999999999996,-1.2113956676720592,0.0,108.44,-39.66,-3.5999999999999996,3.9,721.8800000000001,-43.43,7.27,302.63,513.63,872.28,825.08,1915.22,645.96,845.23,25.53,1686.06,49.45,1735.51,700.0,179.71,57.63,-3.0900000000000007,-61.44,36.059999999999995,-0.8044852941176471,7.6,9.66,-2.19,0.0,0.0,-12.633916461018188,-7.788333790329951,-134.70277305547938,-72.4846065259117,-69.51972945800202,-8.49,-8.41,0.0,0.52,0.21,6,2002,0.0,49.95890410958904,-109.41
2002-09-30,655.3999999999999,-41.110000000000014,-0.8220907520595272,0.0,111.97000000000003,-26.099999999999994,10.600000000000001,3.0,681.5,-35.989999999999995,7.7,291.15,586.65,950.06,797.86,1963.88,711.94,875.48,25.4,1781.96,43.77,1825.72,700.0,138.16,-52.14,-5.879999999999999,58.449999999999996,36.7,-0.9153490634882021,7.6,13.21,-3.01,0.0,0.0,-8.368392240233858,-5.189277172468776,-119.02563114536278,-58.60059526973161,-58.906489503056086,-7.78,-7.7,0.0,0.53,0.2,9,2002,0.0,50.00664451827243,-150.52
2002-12-31,843.6099999999999,5.590000000000003,0.11185399848202587,0.0,172.85999999999996,21.33,58.209999999999994,3.34,822.2799999999997,0.4399999999999977,8.84,427.3,545.01,1057.42,777.82,2043.53,761.53,881.17,23.4,1862.68,37.05,1899.73,700.0,143.8,-40.68,-6.040000000000001,46.21,36.879999999999995,7.453913237924861,8.13,13.21,-2.9,0.0,0.0,1.0938549644656046,0.5800979783343686,15.550020009659844,10.349194783688683,6.549244462844135,-5.26,-5.18,0.0,0.57,0.28,12,2002,0.0,49.97586206896552,-144.93
2003-03-31,762.57,-11.17,-0.22,0.0,145.42,1.6,36.64,3.28,760.97,-7.96,6.48,276.42,578.29,944.7,766.2,1903.76,690.86,858.11,23.4,1739.82,31.2,1771.02,700.0,132.74,56.29,17.58,-76.24,35.04,-3.7275,8.65,13.34,-0.22,0.0,0.0,-2.36,0.32,-33.64,-24.000000000000004,3.9199999999999995,-1.49,-1.46,0.0,0.54,0.21,3,2003,0.0,50.77272727272727,-11.17
2003-06-30,841.2199999999999,-27.28,-0.5463094928478543,0.0,137.84,-14.78,18.659999999999997,4.04,856.0,-34.78,7.51,294.57,574.92,933.45,747.36,1873.87,677.48,892.81,23.4,1742.81,25.35,1768.16,700.0,105.71,23.339999999999996,-3.839999999999998,-18.47,33.440000000000005,-1.849912939882698,13.38,16.73,-0.77,0.0,0.0,-5.817841352405721,-1.9865799739921972,-103.21701950585175,-76.45494928478544,-28.549992197659297,-2.45,-2.4,0.0,0.54,0.21,6,2003,0.0,49.935064935064936,-38.45
2003-09-30,800.3600000000001,-39.83,-0.798838783852836,0.0,138.97000000000003,-26.340000000000003,5.850000000000001,7.35,826.6899999999998,-30.669999999999995,4.38,296.87,612.63,970.91,727.52,1890.0,712.46,913.67,23.4,1804.21,19.5,1823.71,700.0,66.29,-23.509999999999998,-9.79,30.179999999999993,32.19,-2.2994627165453174,38.81,27.51,-1.57,0.0,0.0,-8.42596831885539,-4.172278998467041,-240.34362289218188,-155.8600613183444,-93.76433827286662,-3.31,-3.26,0.0,0.54,0.2,9,2003,0.0,49.859872611464965,-78.28
2003-12-31,861.9899999999998,-19.22,-0.38439999999999996,0.0,160.36,-4.919999999999995,46.74,7.95,866.9200000000001,-9.310000000000002,17.59,352.38,500.49,918.36,717.13,1820.88,706.55,879.64,23.4,1760.06,13.65,1773.71,700.0,47.17,43.9,-15.809999999999999,-14.849999999999994,51.66000000000001,-5.17429760665973,58.99,37.6,-1.95,0.0,0.0,-4.2185435897435895,-1.8135794871794868,-162.98559999999998,-80.5150441025641,-57.616631794871786,-3.02,-2.99,0.0,0.52,0.24,12,2003,0.0,50.0,-97.5
2004-03-31,711.61,-20.38,-0.41,0.0,125.42,-9.95,22.43,5.3,721.56,-15.19,31.04,241.5,551.9,873.0,697.39,1755.82,654.13,895.81,23.4,1721.2,7.8,1729.0,700.0,26.82,83.36,-10.92,-58.98,32.38,-3.2325,69.16,64.47,-0.41,0.0,0.0,-4.64,-2.16,-303.96,-102.19999999999999,-114.96000000000001,-2.89,-2.86,0.0,0.51,0.19,3,2004,0.0,49.707317073170735,-20.38
2004-06-30,841.41,10.989999999999998,0.22237486687965916,0.0,154.40999999999997,21.229999999999997,51.93,3.9,820.19,-12.1,12.17,231.93,664.59,956.01,721.57,1880.76,582.88,951.16,41.4,1732.81,65.88,1798.69,700.0,82.07,-16.689999999999998,-6.029999999999999,3.8399999999999963,30.699999999999996,4.3852752502274805,16.63,21.92,-0.19,0.0,0.0,2.340788072417465,-2.808945686900958,53.55723109691159,46.8157614483493,-35.673610223642164,-0.62,-0.6,0.0,0.55,0.17,6,2004,0.0,49.42105263157895,-9.39
2004-09-30,842.0,7.0,0.14644351464435149,0.0,166.44,17.42,45.95,3.9,824.5799999999999,2.75,6.21,283.22,668.43,1017.95,707.11,1915.27,593.06,981.1,40.5,1774.9,51.44,1826.34,700.0,88.94,-4.649999999999999,3.629999999999999,-4.93,28.53,6.657857142857144,15.35,20.53,-0.05,0.0,0.0,1.4058577405857737,-17.690376569037653,31.514644351464433,36.0836820083682,-239.581589958159,-0.1,-0.1,0.0,0.57,0.2,9,2004,0.0,47.8,-2.39
2004-12-31,942.1799999999998,24.23,0.4881501831501832,0.0,182.56000000000006,34.55,64.78,3.94,907.6300000000001,13.0,6.22,364.73,642.03,1078.48,714.02,1985.68,614.48,1007.74,39.98,1820.05,52.33,1872.38,700.0,113.31,10.82,-26.089999999999996,15.270000000000003,30.230000000000004,2.016797358646306,12.17,16.52,0.44,0.0,0.0,4.881501831501832,14.733260073260073,85.51503663003663,120.79498168498169,169.47686813186814,0.67,0.65,0.0,0.59,0.24,12,2004,0.0,49.63636363636363,21.84
2005-03-31,766.47,-14.18,-0.28,0.0,137.09,-2.76,28.19,5.5,769.23,-10.34,3.25,286.99,753.06,1103.29,702.99,1995.57,602.39,1063.29,36.06,1851.78,44.67,1896.44,700.0,99.12,38.04,-15.88,-25.13,30.95,-4.91,19.42,19.13,-0.28,0.0,0.0,-2.84,-0.6,-57.24,-90.08,-7.679999999999999,-1.87,-1.85,0.0,0.6,0.19,3,2005,0.0,50.64285714285714,-14.18
2005-06-30,969.9200000000001,2.0299999999999994,0.040098765432098754,0.0,166.79999999999998,13.66,44.980000000000004,4.9,956.26,6.369999999999999,5.3,281.56,869.6,1226.11,700.54,2119.71,631.95,1149.35,29.65,1963.74,54.91,2018.64,700.0,101.06,13.39,-25.229999999999997,13.879999999999999,31.320000000000004,30.55455665024632,16.97,19.97,-0.24,0.0,0.0,0.3809382716049381,-0.3608888888888888,8.033119341563783,8.86851028806584,-4.671506172839504,-0.71,-0.7,0.0,0.62,0.18,6,2005,0.0,50.625,-12.15
2005-09-30,1025.3299999999997,7.04,0.13776908023483367,0.0,165.14,18.659999999999997,50.05,3.96,1006.6699999999998,8.02,7.16,296.62,704.84,1045.1,698.54,1976.77,558.4,1072.53,32.78,1814.1,54.57,1868.66,700.0,108.11,138.60999999999999,-49.67,-87.08,31.389999999999993,7.1859375000000005,12.82,17.28,-0.1,0.0,0.0,1.43279843444227,-8.376360078277886,26.06590998043053,28.60086105675147,-100.13056751467711,-0.19,-0.19,0.0,0.58,0.19,9,2005,0.0,51.1,-5.11
2005-12-31,968.5,9.68,0.1906345733041575,0.0,163.94000000000005,20.84,51.610000000000014,3.88,947.6600000000003,-3.8099999999999996,5.94,349.31,618.03,1017.33,713.31,1981.63,493.84,1051.76,57.32,1758.26,105.64,1863.9,700.0,117.72,46.97,-60.0,11.829999999999998,30.77000000000001,5.088137913223141,11.54,15.83,0.09,0.0,0.0,1.9487089715536103,21.52052516411378,32.87387308533916,33.55168490153172,191.14293216630193,0.12,0.12,0.0,0.58,0.23,12,2005,0.0,50.777777777777786,4.57
2006-03-31,977.66,7.54,0.13,0.0,183.28,20.21,53.09,4.88,957.45,7.96,31.16,318.61,664.3,1084.27,844.84,2122.53,567.85,1096.33,58.67,1907.24,89.73,1996.96,700.0,125.57,73.8,-24.95,-23.94,32.88,9.385,13.6,15.9,0.13,0.0,0.0,1.44,3.92,24.0,26.84,37.56,0.78,0.77,0.0,0.57,0.22,3,2006,0.0,58.0,7.54
2006-06-30,1008.9499999999999,15.25,0.24089512944273803,0.0,189.65,29.22,61.42,6.85,979.74,22.439999999999998,5.45,308.24,801.08,1207.59,941.57,2339.35,604.45,1162.69,88.28,2056.01,142.47,2198.49,700.0,140.86,-14.86,-54.16,43.260000000000005,32.199999999999996,7.109732786885247,17.02,15.61,0.36,0.0,0.0,2.5963141728828436,5.9420798595875395,43.307591048705575,50.427380430013166,46.70688898639754,1.16,1.15,0.0,0.59,0.2,6,2006,0.0,63.30555555555556,22.79
2006-09-30,1075.0600000000002,19.17,0.29239275500476647,0.0,194.83999999999997,36.910000000000004,65.58,6.55,1038.1399999999999,20.770000000000003,7.22,408.85,717.11,1221.52,949.56,2371.19,653.07,1111.85,107.79,2097.35,113.77,2211.12,700.0,160.07,13.400000000000006,-42.72,31.060000000000002,28.67,5.597949921752739,14.32,13.81,0.64,0.0,0.0,3.2345948522402295,7.254995233555768,47.8975881792183,57.181058150619634,57.619647283126795,1.39,1.37,0.0,0.58,0.24,9,2006,0.0,65.5625,41.96
2006-12-31,1101.1000000000004,-16.7,-0.2512272367379256,0.0,180.87,0.37999999999999545,31.049999999999983,6.4,1100.7200000000003,-28.41,8.86,494.63,565.54,1139.52,971.41,2312.53,531.32,1073.14,100.94,2053.54,115.55,2169.09,700.0,143.44,133.6,-31.36999999999999,-100.66,30.67,-6.36794011976048,15.62,15.12,0.38,0.0,0.0,-2.8825019794140934,-10.683768804433885,-46.56959619952493,-51.144576405384,-88.5377672209026,0.62,0.61,0.0,0.55,0.28,12,2006,0.0,66.47368421052632,25.26
2007-03-31,980.25,-24.68,-0.35,0.0,147.15,-7.87,26.74,7.1,988.12,-18.89,15.67,445.28,666.35,1201.3,941.77,2343.81,552.21,1134.73,82.67,2138.38,85.81,2224.19,700.0,119.62,21.84,-28.79,13.75,34.61,-5.0725,20.77,18.59,-0.35,0.0,0.0,-4.2,-1.4,-82.52,-80.52,-15.32,-2.55,-2.52,0.0,0.56,0.25,3,2007,0.0,70.51428571428572,-24.68
2007-06-30,1079.71,-61.77,-0.8788559861191441,0.0,133.48999999999998,-46.24,-7.809999999999999,9.4,1125.9500000000003,-57.31,12.07,391.94,744.03,1234.91,927.59,2370.92,508.81,1219.11,114.74,2195.19,117.88,2313.07,700.0,57.85,33.03,-21.130000000000003,-15.48,38.43000000000001,-2.673134207544115,56.87,39.98,-1.23,0.0,0.0,-10.43194910352805,-6.573556969346443,-427.10971891266627,-248.68051821862352,-87.99992134181608,-4.25,-4.2,0.0,0.56,0.22,6,2007,0.0,70.28455284552845,-86.45
2007-09-30,926.3499999999999,-28.569999999999993,-0.40736219787862965,0.0,169.88,-12.39,18.82,9.25,938.7399999999998,-21.599999999999994,8.12,410.74,804.26,1277.44,909.09,2397.51,533.05,1312.04,119.61,2270.06,98.18,2368.23,700.0,29.27,24.020000000000003,-5.799999999999997,-22.169999999999998,31.209999999999994,-5.676520826041303,110.61,80.91,-1.64,0.0,0.0,-4.769118414188836,-2.772050078247261,-390.43182750825935,-120.71830985915491,-51.84429142757781,-3.9,-3.85,0.0,0.56,0.21,9,2007,0.0,70.13414634146342,-115.02
2007-12-31,1081.85,22.5,0.32101167315175105,0.0,215.99,37.71,72.97,8.0,1044.1399999999999,10.519999999999996,13.71,478.67,691.27,1254.48,876.11,2343.37,490.96,1248.05,121.81,2231.33,60.27,2291.6,700.0,51.77,48.459999999999994,-17.239999999999995,-25.64,35.25999999999999,6.229679999999998,54.09,44.27,-1.32,0.0,0.0,3.842412451361868,1.2062256809338523,173.8424124513619,92.2081712062257,25.0,-2.31,-2.27,0.0,0.56,0.25,12,2007,0.0,70.09090909090908,-92.52
2008-03-31,956.66,4.68,0.06,0.0,169.36,18.6,53.82,6.4,938.06,3.15,13.26,441.37,673.93,1196.85,848.42,2261.77,470.27,1228.11,65.88,2103.5,92.03,2195.53,700.0,66.24,68.55,-11.72,-57.27,35.22,26.6675,33.82,33.15,0.06,0.0,0.0,0.84,3.24,28.28,20.160000000000004,46.99999999999999,0.5,0.49,0.0,0.57,0.25,3,2008,0.0,78.0,4.68
2008-06-30,981.91,-85.41,-1.2166666666666666,0.0,143.32,-72.08,-41.019999999999996,7.15,1053.99,-73.78,13.91,410.68,715.75,1215.84,808.76,2246.05,493.73,1300.58,59.37,2197.03,77.98,2275.01,700.0,-28.96,36.82000000000001,3.710000000000001,-39.88999999999999,31.060000000000002,-1.4697945205479452,-86.41,-78.56,-1.15,0.0,0.0,-15.19246376811594,-9.817971014492752,1179.6799999999998,-2365.1153623188407,-461.69855072463764,-4.21,-4.16,0.0,0.55,0.23,6,2008,0.0,70.2,-80.73
2008-09-30,953.3599999999999,-206.02999999999997,-2.9457490584460864,0.0,179.84999999999997,-121.12,-91.59,5.45,1074.47,-124.66,13.21,429.36,642.42,1123.96,771.13,2115.24,444.86,1057.45,81.58,2283.94,66.29,2350.23,700.0,-234.99,27.060000000000002,-16.450000000000003,-11.310000000000002,29.53,-0.46278551667232937,-8.12,-10.0,-4.1,0.0,0.0,-38.970104617101406,-22.2439977681685,350.7022025387083,801.2150048821314,297.4488073650439,-10.0,-9.92,0.0,0.49,0.21,9,2008,0.0,69.94146341463416,-286.76
2008-12-31,856.4700000000003,-7.889999999999986,-0.11273341252333258,0.0,167.06000000000006,9.329999999999984,37.95,3.0,847.1500000000001,-9.120000000000005,8.81,447.48,497.52,1006.96,748.5,1973.55,479.83,972.62,72.43,2163.24,53.19,2216.43,700.0,-242.88,16.060000000000002,-9.420000000000002,-11.030000000000001,28.620000000000005,-6.628691381495575,-4.32,-9.13,-4.21,0.0,0.0,-1.5991542508060383,-0.8204636008824016,12.994601052095685,33.02847989139652,9.332505684710659,-7.96,-7.86,0.0,0.47,0.24,12,2008,0.0,69.98812351543943,-294.65
2009-03-31,794.58,5.13,0.07,0.0,175.03,19.69,47.44,3.5,774.89,16.69,11.57,406.52,477.73,977.68,720.13,1869.0,419.53,979.05,78.05,2067.13,39.63,2106.76,700.0,-237.75,50.9,54.06,-102.2,27.75,12.5,-5.15,-8.86,0.07,0.0,0.0,1.08,3.8,-8.64,-23.92,-39.76,0.65,0.65,0.0,0.47,0.24,3,2009,0.0,73.28571428571428,5.13
2009-06-30,735.9599999999999,2.51,0.03613874345549738,0.0,153.02,14.959999999999997,37.56,1.57,721.0000000000001,8.899999999999999,9.23,354.24,545.19,968.1,699.42,1838.6,415.4,1305.29,61.82,2030.58,43.26,2073.84,700.0,-235.24,59.970000000000006,4.75,-67.05999999999999,22.6,10.858844621513944,-2.34,-8.82,0.11,0.0,0.0,0.5519371727748691,2.2340314136125654,-4.270942408376963,-7.595706806282723,-23.720157068062825,0.51,0.5,1.67,0.48,0.21,6,2009,0.0,69.45454545454545,7.64
2009-09-30,928.21,119.64,1.710754242614708,0.0,214.14000000000004,128.07,150.22,1.57,800.1400000000001,43.09,7.52,454.68,506.2,1031.06,678.1,1883.12,394.97,1018.25,63.02,1789.95,208.77,1998.72,700.0,-115.6,5.949999999999989,-1.3800000000000026,-6.280000000000001,22.15,0.22872952189903042,-4.75,-17.29,1.82,0.0,0.0,25.416920175989944,30.60558139534884,-413.9649277184161,-273.0062979258328,656.6664362036456,5.43,5.18,5.82,0.58,0.29,9,2009,0.0,69.93406593406593,127.28
2009-12-31,687.5500000000002,3.6500000000000057,0.052130909646376004,0.0,192.55999999999995,-70.08,-46.06,1.57,757.6299999999997,-9.600000000000009,11.84,400.82,401.6,885.73,1084.89,2151.5,355.23,900.01,76.06,1633.04,191.83,1824.87,700.0,326.63,66.30000000000001,3.270000000000003,-65.25,24.019999999999996,7.532958904109577,1.68,5.59,1.87,0.0,0.0,0.6790956999923633,0.5006797525395258,4.470434583365163,34.865821431299224,1.9926831131138805,4.25,4.16,2.49,0.54,0.3,12,2009,0.0,70.01604278074866,130.93
2010-03-31,711.69,28.66,0.41,0.0,200.26,35.52,54.48,1.57,676.16,33.18,31.77,380.02,416.25,878.37,1058.82,2118.25,310.62,952.96,50.48,1593.13,178.57,1771.7,700.0,346.55,93.08,-3.28,-69.88,18.96,0.9575,1.59,5.11,0.41,0.0,0.0,5.4,7.12,33.08,210.72,27.04,4.07,4.03,5.1,0.55,0.29,3,2010,0.0,69.90243902439025,28.66
2010-06-30,699.6399999999999,30.709999999999997,0.4396749199932626,0.0,191.01999999999998,41.779999999999994,45.080000000000005,1.57,657.87,21.229999999999997,13.23,364.05,516.52,947.58,1043.55,2184.56,322.29,990.52,50.86,1651.95,166.9,1818.85,700.0,365.71,-15.579999999999998,-2.81,-0.14000000000000057,3.3000000000000007,0.8941265060240965,1.5,4.97,0.85,0.0,0.0,5.627838975913761,7.9451844365841335,33.58081859525012,188.30500926393802,30.022038066363482,4.31,4.21,5.11,0.57,0.26,6,2010,0.0,69.84705882352941,59.37
2010-09-30,716.9900000000002,34.190000000000005,0.4896814878153058,0.0,216.64999999999998,41.480000000000004,53.109999999999985,1.57,675.51,39.06,11.11,415.17,556.9,1026.32,1028.61,2217.19,303.43,1022.19,46.72,1667.98,157.75,1825.73,700.0,391.46,33.22,22.73,-58.08,11.629999999999999,0.8004182509505702,1.4,4.66,1.34,0.0,0.0,6.168525010688328,8.46345019238991,34.935485250106886,99.14953826421548,31.617345019238993,4.49,4.4,4.12,0.62,0.28,9,2010,0.0,69.82089552238806,93.56
2010-12-31,760.23,12.799999999999997,0.18292591199699132,0.0,197.37,20.539999999999992,32.43000000000001,1.57,739.69,11.620000000000005,14.17,431.19,472.04,965.15,1042.4,2161.73,314.88,920.64,23.14,1620.15,149.9,1770.06,700.0,391.68,-2.1500000000000057,-34.3,39.519999999999996,11.89,2.1396640625000005,1.4,4.52,1.52,0.0,0.0,2.368409176382098,3.109740503948852,13.069575028206089,14.25377961639714,12.381195938322675,3.76,3.68,5.44,0.6,0.3,12,2010,0.0,69.97368421052632,106.36
2011-03-31,806.87,30.34,0.43,0.0,230.95,38.6,50.28,1.57,768.26,11.66,14.8,444.1,473.16,981.51,1030.38,2067.18,300.23,809.53,20.48,1515.24,171.77,1687.01,700.0,380.17,41.65,-10.4,-30.62,11.68,0.9125,1.45,4.44,0.43,0.0,0.0,5.88,7.36,31.92,33.4,27.96,3.89,3.76,5.25,0.65,0.34,3,2011,0.0,70.55813953488372,30.34
2011-06-30,845.6899999999999,39.11,0.5575075593952483,0.0,238.66000000000003,47.26,59.209999999999994,17.0,798.44,26.459999999999997,8.98,399.41,557.79,1018.29,1036.22,2108.6,278.13,847.3,17.93,1531.66,168.09,1699.75,700.0,408.85,59.059999999999995,-21.54,-43.349999999999994,11.95,7.622452697519818,14.55,4.16,0.99,0.0,0.0,7.410908567314615,9.010223182145428,38.2709229661627,40.38832541396688,33.518030237580994,4.33,4.2,6.03,0.66,0.3,6,2011,0.0,70.15151515151516,69.45
2011-09-30,869.1100000000001,52.14999999999999,0.7462253289473684,0.0,267.64,60.86999999999999,74.10000000000001,9.55,808.24,47.550000000000004,12.6,408.11,565.26,1030.44,1020.21,2104.88,322.15,806.63,6.95,1493.3,161.45,1654.76,700.0,450.12,17.980000000000004,-7.73,-6.6200000000000045,13.23,3.2003068072866734,7.43,3.68,1.74,0.0,0.0,9.915361842105263,11.647976973684209,46.351743421052625,49.57680921052631,41.15389802631579,4.95,4.82,6.71,0.69,0.31,9,2011,0.0,69.88505747126436,121.6
2011-12-31,1204.5499999999997,106.13,1.5146116014578668,0.0,351.78,114.71000000000001,127.9,21.6,1089.8400000000001,115.27999999999999,25.87,611.56,500.18,1192.6,1004.46,2264.06,250.71,950.03,6.15,1562.71,154.68,1717.39,700.0,546.67,173.79000000000002,-18.439999999999998,-142.07999999999998,13.189999999999998,3.567333694525582,13.83,3.14,3.25,0.0,0.0,18.753221797742942,22.015462170113732,77.65996223598121,90.4852272427875,69.49504061827604,6.22,6.11,8.83,0.76,0.44,12,2011,0.0,70.07076923076923,227.73
2012-03-31,1507.65,176.86,2.5300000000000002,0.0,425.98,213.4,226.59,48.25,1294.25,188.78,51.55,682.77,526.14,1304.7,1038.66,2395.46,174.94,1014.29,3.46,1534.78,147.08,1681.86,700.0,713.6,203.26,-52.37,-125.2,13.19,4.7675,23.67,2.36,2.53,0.0,0.0,29.52,38.24,99.12,129.36,99.16,11.94,11.73,27.79,0.85,0.51,3,2012,0.0,69.90513833992095,176.86
2012-06-30,1654.3600000000001,170.2,2.432409381663113,0.0,418.74,205.67999999999998,220.82000000000002,76.25,1448.6799999999998,193.10999999999999,50.1,620.05,722.33,1449.2,1049.03,2579.03,98.07,1072.25,3.52,1565.25,140.0,1705.26,140.0,873.77,114.06,-22.630000000000003,-92.89,15.139999999999999,7.8353586956521735,6.11,1.95,4.96,0.0,0.0,26.40341151385927,35.07377398720681,77.91556503198294,106.16289978678036,81.09339019189765,11.11,10.98,31.27,0.93,0.46,6,2012,0.0,69.97177419354838,347.06
2012-09-30,1559.58,173.76000000000005,2.482190392074038,0.0,432.5999999999999,199.32,215.82999999999998,87.0,1360.27,180.06000000000006,56.33,560.22,758.36,1448.55,1071.54,2604.02,164.79,921.94,3.58,1435.83,130.74,1566.57,140.0,1037.45,-16.019999999999982,-41.14,63.379999999999995,16.510000000000005,8.759763179097604,5.87,1.51,7.44,0.0,0.0,26.690219269613305,35.05760301063708,66.9924503667294,93.44245766291618,70.64901040666642,11.16,11.03,35.95,1.01,0.48,9,2012,0.0,70.00268817204301,520.82
2012-12-31,1564.12,125.07999999999993,1.787410435051865,1.0,377.94000000000005,171.17000000000007,187.38,113.5,1392.9400000000005,99.14999999999998,58.39,662.22,682.42,1484.37,1129.32,2700.04,168.95,867.15,4.22,1496.1,133.84,1629.94,140.0,1070.1,83.52999999999997,-110.13000000000001,28.67,16.209999999999994,15.878977454429176,7.42,1.52,9.23,1.0,0.11,18.52864901687567,24.64031459978323,46.75540362285181,61.89126490168754,50.79886298188571,10.49,10.28,37.1,0.99,0.54,12,2012,69.97833152762729,69.97833152762729,645.9
2013-03-31,1440.59,83.64,1.19,0.0,366.16,123.12,139.86,143.0,1317.46,83.6,61.11,608.1,663.63,1400.8,1213.76,2730.61,136.85,870.6,5.02,1553.76,227.32,1781.08,140.0,949.53,216.59,-74.55,-139.31,16.74,30.0425,10.54,1.88,1.19,0.0,0.0,12.24,19.2,35.24,40.24,41.84,5.97,5.81,22.34,0.9,0.47,3,2013,0.0,70.28571428571429,83.64
2013-06-30,1419.39,91.2,0.6520247083047357,2.0,362.3999999999999,124.57999999999998,144.25,34.0,1294.8200000000002,110.03,97.33,584.51,705.5,1461.46,1219.79,2769.86,227.37,896.31,5.04,1522.27,214.76,1737.03,140.0,1032.83,58.73999999999998,-4.480000000000004,-18.05000000000001,19.669999999999998,13.036315789473685,4.61,1.68,1.25,2.0,1.6,13.165682910089224,19.32079615648593,35.32409059711736,38.26602608098833,41.41660947151682,6.23,6.11,25.62,0.96,0.5,6,2013,279.744,139.872,174.84
2013-09-30,1233.8000000000002,83.20000000000002,0.5932723608742831,0.505235777398853,370.9100000000001,117.46000000000004,148.59999999999997,33.25,1116.3399999999997,90.57999999999998,91.36,591.9,829.12,1582.99,1171.31,2826.28,510.46,716.32,5.05,1586.91,199.98,1786.89,140.0,1039.39,-239.08999999999997,24.04,209.09,31.14,14.010765625,4.48,1.72,1.84,2.5,1.36,11.77516664083088,17.346767942954582,32.02381026197489,32.04960471244769,37.995225546426916,6.43,6.3,25.15,1.0,0.48,9,2013,70.85382608695653,140.23913043478262,258.04
2013-12-31,1111.3799999999997,24.75999999999999,0.1768571428571428,-0.0042701863354039915,351.75,38.39999999999998,48.450000000000045,30.0,1072.9800000000005,3.5600000000000023,67.7,580.48,729.94,1431.29,1146.62,2676.41,595.84,440.87,4.82,1443.25,184.79,1628.03,140.0,1048.38,-98.82,-47.18,122.34,10.049999999999997,42.40286752827142,4.01,1.55,2.02,2.5,1.24,3.701742574257424,5.256684582743986,9.445222065063644,9.350664780763788,11.462444130127292,5.56,5.43,19.24,0.99,0.49,12,2013,-0.5978260869565588,140.0,282.8
2014-03-31,1164.88,84.69,0.61,0.0,363.1,110.18,130.04,32.5,1054.69,87.02,22.71,626.88,685.57,1412.1,1208.2,2726.08,588.67,452.48,13.15,1419.05,240.26,1659.31,140.0,1066.77,100.93,-18.59,-127.33,19.86,13.32,4.27,1.56,0.61,0.0,0.0,12.44,16.16,31.76,33.6,33.72,7.43,7.27,12.35,1.0,0.51,3,2014,0.0,138.8360655737705,84.69
2014-06-30,1191.0,80.71000000000001,0.5806825876662637,0.55,385.61,110.79999999999998,130.51000000000002,44.75,1080.2199999999998,90.32000000000001,14.12,586.83,763.58,1439.04,1187.11,2745.56,704.66,438.71,12.81,1470.16,211.59,1681.74,140.0,1063.81,9.5,-25.709999999999997,7.6200000000000045,19.71,19.268659397844132,5.89,1.58,1.19,0.55,0.46,11.750282950423216,15.634512696493351,30.351644498186218,30.800575574365176,33.825980652962514,7.16,7.02,10.64,0.98,0.46,6,2014,76.44537815126051,138.99159663865547,165.4
2014-09-30,1123.7799999999997,66.32999999999998,0.47801795192681124,0.49908392736113133,364.49,92.71000000000001,113.32999999999998,37.25,1031.0500000000002,69.37,73.53,579.5,905.71,1655.76,1230.53,3013.63,1035.98,410.48,16.95,1734.48,226.18,1960.66,140.0,1053.25,-78.7,-129.95999999999998,268.07,20.619999999999997,19.485512965475653,4.95,1.86,1.67,1.05,0.63,8.804689940879472,12.296797134596295,25.18896992189185,25.360712898632023,28.074251931126735,6.8,6.66,10.71,0.95,0.43,9,2014,69.25312484275148,138.76047904191617,231.73
2014-12-31,1372.4300000000003,75.22999999999999,0.5440793588741204,-0.0037225587917208143,471.47,103.92000000000002,125.48000000000002,27.5,1268.5199999999995,89.23999999999998,50.47,784.61,799.76,1739.8,1132.73,2992.07,1023.47,411.68,26.95,1776.81,199.41,1976.22,140.0,1011.73,24.330000000000002,-33.16,-14.240000000000009,21.560000000000002,12.638689352651868,3.81,1.95,2.22,1.05,0.47,10.058115715402657,14.440160281469899,29.743004951785245,29.213630440448267,33.683904091738334,6.44,6.33,10.89,0.98,0.53,12,2014,-0.5147192102282077,138.27027027027026,306.96
2015-03-31,1321.38,85.04,0.61,0.0,416.03,117.58,137.65,35.5,1203.8,81.44,73.96,716.2,748.05,1675.86,1136.95,2943.96,817.94,434.2,24.12,1587.88,225.74,1813.62,140.0,1126.43,208.72,36.88,-222.11,20.07,14.55,4.41,1.61,0.61,0.0,0.0,11.56,16.6,30.2,31.0,34.68,6.62,6.44,11.45,1.06,0.58,3,2015,0.0,139.40983606557378,85.04
2015-06-30,1274.02,82.12999999999998,0.5895555422623675,0.61,420.11,109.08999999999999,135.33,32.0,1164.93,96.31,36.55,676.92,764.12,1574.0,1141.64,2843.27,741.87,396.46,24.66,1467.58,217.29,1684.87,140.0,1155.5,91.85,-21.380000000000003,-107.88999999999999,26.240000000000002,13.571240411542679,3.88,1.46,1.2,0.61,0.51,11.555288628342403,15.937651492492668,28.43622898845486,29.6153400729796,32.38625112161272,6.56,6.44,11.34,1.07,0.55,6,2015,84.97808333333333,139.30833333333334,167.17
2015-09-30,1345.88,58.440000000000026,0.4196303355347725,0.49981208723017617,452.5200000000001,80.53999999999999,100.85999999999996,29.0,1265.3400000000001,68.55000000000001,41.91,718.17,863.23,1716.2,1131.56,2976.98,882.75,401.38,28.45,1618.64,211.89,1830.53,140.0,1143.94,-30.629999999999995,-20.78,56.77999999999997,20.319999999999993,17.275919746748794,3.55,1.6,1.62,1.11,0.69,7.853822082354508,10.630635166880904,20.432370905544975,21.28199281946723,23.437131332831,5.82,5.72,11.36,1.06,0.53,9,2015,69.60654629629633,139.26543209876544,225.61
2015-12-31,1571.1299999999997,105.14999999999998,0.7534330027814728,0.0023522426465647046,490.8899999999999,140.58000000000004,165.60000000000008,28.5,1430.5499999999997,120.58999999999997,75.19,892.76,741.31,1801.98,1132.96,3060.7,749.21,482.86,28.57,1600.43,206.0,1806.43,140.0,1249.58,193.57,-19.939999999999998,-140.34999999999997,25.02000000000001,9.460396576319544,3.19,1.45,2.37,1.11,0.47,13.746178498004593,18.819929858507678,33.659698875317446,37.19479380819929,38.98777361228685,6.09,6.0,13.22,1.13,0.66,12,2015,0.32828176277541843,139.56118143459915,330.76
2016-03-31,1556.7,109.79,0.7800000000000001,0.0,486.26,145.64,176.28,34.5,1411.06,133.67,69.39,906.1,739.41,1787.85,1126.11,3070.16,590.17,518.14,29.04,1498.97,205.63,1704.6,140.0,1359.34,219.75,-64.13,-161.42,30.64,11.0575,3.55,1.25,0.78,0.0,0.0,14.32,19.36,32.32,35.32,37.08,7.12,7.05,22.37,1.19,0.7,3,2016,0.0,140.75641025641025,109.79
2016-06-30,1761.09,142.57999999999998,1.0169354519158378,0.7,587.27,184.24,217.38000000000002,50.0,1576.85,174.02,57.52,913.33,805.49,1855.35,1166.58,3213.29,546.59,549.88,40.56,1564.16,240.32,1804.47,140.0,1403.27,165.25,-11.450000000000003,-165.66,33.14,12.29281561228784,4.99,1.29,1.8,0.7,0.39,17.739873994531834,24.609837936363274,40.63222094543725,44.586969925109955,45.197131196259456,7.66,7.61,25.95,1.19,0.67,6,2016,98.14388888888888,140.20555555555555,252.37
2016-09-30,1776.8199999999997,161.01,1.1490142242004935,0.7496166427446364,636.5699999999999,206.61,244.78000000000003,79.75,1570.21,198.01999999999998,68.58,814.51,899.62,1898.63,1235.74,3406.48,706.06,486.88,42.21,1703.65,240.1,1943.75,140.0,1457.72,67.82999999999998,-51.290000000000006,-5.480000000000018,38.17,17.349328302589903,7.66,1.33,2.95,1.45,0.49,18.913942619381682,26.189734384827517,44.184465624848805,49.512775654361604,49.09211959940007,8.17,8.11,24.46,1.11,0.59,9,2016,105.04289077212806,140.12881355932203,413.38
2016-12-31,1484.1600000000008,116.63999999999999,0.8340545639787178,-0.0029223329596133776,393.5,144.61,187.1099999999999,115.0,1339.5500000000002,191.71999999999997,92.27,731.45,811.72,1731.42,1780.95,3640.24,1046.95,322.84,40.46,1826.0,234.92,2060.92,140.0,1574.53,296.17,-584.85,310.22,42.499999999999986,34.46674982853224,10.23,1.31,3.79,1.45,0.38,12.816711822195389,17.895862042941772,29.629843402135762,33.04528583827025,33.04528583827025,8.1,8.06,26.28,0.95,0.5,12,2016,-0.40867939716471824,139.84696569920843,530.02
2017-03-31,1540.47,118.5,0.85,0.0,473.56,151.23,196.15,98.5,1389.24,132.35,94.82,799.55,785.77,1803.5,1845.79,3801.63,1038.46,397.89,33.74,1884.33,229.83,2114.16,140.0,1687.47,175.27,-146.92,-25.8,44.92,28.97,8.17,1.25,0.85,0.0,0.0,12.48,17.6,28.08,31.12,31.56,7.82,7.69,27.95,0.96,0.54,3,2017,0.0,139.41176470588235,118.5
2017-06-30,1390.9599999999998,61.34,0.21829181494661923,1.15,377.98999999999995,80.79000000000002,126.47999999999999,39.75,1310.18,60.73000000000002,71.97,676.45,813.74,1704.68,1940.88,3808.07,1208.04,402.38,33.96,2014.4,202.6,2217.0,140.0,1591.08,134.23,-154.25000000000003,-2.8200000000000003,45.69,45.524382132376914,7.0,1.39,0.64,1.15,1.8,6.439608540925267,9.018180604982208,15.416859430604985,16.385529359430606,17.65435053380783,6.23,6.13,21.33,0.85,0.44,6,2017,323.15,281.0,179.84
2017-09-30,1511.9299999999998,77.61999999999998,0.2773650275770993,0.2952652839276003,445.85000000000014,102.74999999999997,148.97000000000003,39.0,1409.17,94.23999999999998,37.23,818.06,967.69,2012.85,2004.96,4170.13,1330.97,482.34,167.94,2326.25,260.71,2586.97,140.0,1583.16,-161.28,-106.66999999999996,233.20000000000002,46.22000000000001,35.15115112084516,6.9,1.63,0.92,1.45,1.58,7.4406183484813155,10.660464538180685,19.608501514798412,20.416477899479528,21.899777829565753,5.87,5.79,22.32,0.87,0.45,9,2017,82.62934782608693,279.8478260869565,257.46
