,revenue,net_profit,eps,dps,gross_profit,ebit,ebitda,close_price,allowance_doubtful_accounts,expense,operating_profit,cash,account_receivable,inventory,current_asset,property_plant_equipment,total_asset,short_term_loan,account_payable,current_portion_long_term_debt,current_liability,non_current_liability,total_liability,paid_in_capital,total_equity,cash_flow_operation,cash_flow_investment,cash_flow_financing,depreciation,P/E,P/BV,D/E,EPS,DPS,DPR%,ROA%,ROAA%,ROE%,ROAE%,ROCE%,NPM%,NPMA%,TIE,CurrentRatio,QuickRatio,month,year,dividend,number_of_shares,return_old
1999-09-30,,,,,,,,22.25,0.0,,,125.77,213.54,640.72,1401.88,5867.43,10179.57,321.44,37.63,14.5,574.13,1533.84,2107.97,2000.0,7661.04,,,,,,0.58,0.28,0.28,1.2,4.29,,,,,,7.2,6.94,0.0,2.44,1.33,9,1999,,201.5,56.42
1999-12-31,774.4000000000001,68.67999999999999,0.3458705035971223,-0.017697841726618806,161.06000000000003,113.03999999999999,203.25000000000003,24.5,0.0,661.36,64.42999999999999,155.51,206.46,701.64,1217.22,5843.49,9931.04,423.13,17.0,14.5,633.27,1492.82,2126.08,2000.0,7442.25,21.090000000000003,-119.6,-160.93,90.21000000000001,17.709445981362844,0.66,0.29,0.63,1.2,1.9,2.7669640287769783,0.0,3.6892853717026375,0.0,4.655526778577139,8.29,7.88,0.0,1.92,0.81,12,1999,-3.5142857142857338,198.57142857142856,125.1
2000-03-31,2374.98,202.67,1.01,0.8000000000000002,483.26,312.83,586.09,18.25,0.0,2062.15,189.71,71.77,181.1,734.47,1285.88,5817.35,10272.16,786.76,15.31,0.0,1177.82,1488.85,2666.68,2000.0,7267.03,368.82,-907.94,-370.04,273.26,4.5175,0.5,0.37,1.01,0.8,0.79,7.879999999999999,0.0,11.16,0.0,13.76,9.0,8.53,0.0,1.09,0.47,3,2000,160.53069306930695,200.66336633663366,202.67
2000-06-30,881.69,117.35999999999999,0.6454194919226323,-0.08283604600187555,63.16999999999996,181.16000000000003,244.61,18.0,0.0,700.5299999999997,-233.45000000000002,81.14,239.47,691.22,1291.14,5734.37,10157.91,719.63,27.98,0.0,1090.73,2785.96,3876.7,3276.04,6021.47,103.59000000000003,-216.96000000000004,92.74000000000001,63.44999999999999,6.974068890593048,0.98,0.64,1.76,0.8,0.45,4.6206168171733895,0.0,7.789039777520857,0.0,7.994400524950786,11.77,9.83,0.0,1.18,0.55,6,2000,-15.06251125112513,181.83522727272725,320.03
2000-09-30,-2405.46,-229.64999999999998,-1.3212878955521132,-0.03694904343277888,-332.31999999999994,-347.53,-592.9000000000001,17.25,0.0,-2057.93,157.55,48.11,172.98,648.06,1364.07,5643.57,10658.17,1045.24,26.88,0.0,1324.54,2895.2,4219.74,2000.0,6189.24,-319.21000000000004,701.6400000000001,511.33000000000004,-245.36999999999998,-3.2635582408012196,0.56,0.68,0.52,0.8,1.54,-8.639190086302278,-14.330891790219074,-14.839079442354501,-13.314516485948218,-15.957092277052444,11.04,10.62,0.0,1.03,0.54,9,2000,-6.4220279720279905,173.8076923076923,90.38
2000-12-31,840.6199999999999,118.75,0.6984292067135275,0.9821987795592731,226.01999999999998,185.27,273.78,17.75,0.0,655.3499999999999,132.19,76.4,410.97,594.13,1613.24,5558.5,10888.3,819.28,20.28,0.0,1054.6,3576.53,4631.13,2000.0,6066.25,160.78000000000003,-188.13,59.03,88.50999999999999,6.353149263157895,0.59,0.76,1.23,1.8,1.46,4.360923827284465,7.245493233873668,7.836035002151773,7.041074929469708,7.6543298426815864,13.02,12.36,0.0,1.53,0.97,12,2000,166.99774859287058,170.02439024390245,209.13
2001-03-31,2732.98,507.81,3.0,1.0,700.15,755.44,1029.11,18.75,0.0,1977.54,406.66,93.26,296.63,815.6,2005.01,5449.38,11601.06,1152.81,21.94,0.0,1569.38,3581.92,5151.3,2000.0,6251.4,260.73,-398.12,754.9,273.67,1.5625,0.6,0.82,3.0,1.0,0.33,17.52,27.64,32.48,30.04,30.12,21.3,18.58,0.0,1.28,0.76,3,2001,169.27,169.27,507.81
2001-06-30,877.0999999999999,109.07999999999998,0.6471701599961095,-0.0042766133346302995,285.38,198.28999999999996,296.49,24.25,0.0,678.81,135.34999999999997,62.44,173.43,644.54,1669.62,5359.27,11726.05,907.07,17.99,0.0,1241.84,3673.84,4915.68,2000.0,6614.17,380.69999999999993,-104.14999999999998,-299.37,98.19999999999999,9.373809818481849,0.73,0.74,3.66,1.0,0.27,3.720344307737197,6.16756698925254,6.59901376258328,6.903148373291833,6.43633711034382,19.29,17.09,0.0,1.34,0.83,6,2001,-0.7208196721311708,168.54918032786884,616.89
2001-09-30,-2787.33,-446.27,-2.6940458328449184,-0.01749886143303776,-738.5899999999999,-701.95,-979.79,22.75,0.0,-2085.38,-382.25,73.81,170.79,577.16,1896.8,5357.97,11892.22,851.93,20.53,0.0,1218.24,3721.2,4939.44,2000.0,6757.03,-333.21999999999997,389.86,-440.96999999999997,-277.84000000000003,-2.1113876128800952,0.67,0.73,1.03,1.0,0.97,-14.961108896964012,-23.33096002813269,-26.469654202320946,-27.620508732856642,-24.6910608369476,23.35,20.74,0.0,1.56,1.08,9,2001,-2.8986948909756336,165.6504854368932,170.62
2001-12-31,836.27,205.49,1.2347648294381963,1.004626047998249,230.54000000000002,287.36,382.35999999999996,24.1,0.0,548.9100000000001,131.53000000000003,206.82,167.88,458.26,1646.8,5283.71,11450.39,354.1,17.85,0.0,961.41,3665.0,4626.41,2000.0,6659.1,126.73000000000002,-253.35999999999999,-312.35,95.0,4.8777709377585285,0.72,0.69,2.26,2.0,0.88,7.168192284172184,10.555600223338917,12.347648294381964,12.915858658371222,11.233081811172264,26.65,22.67,0.0,1.71,1.24,12,2001,167.19022252770858,166.4203539823009,376.11
2002-03-31,2461.86,519.1,3.14,0.0,700.48,744.05,1022.87,28.75,0.0,1717.81,406.0,717.09,129.81,488.9,1787.27,5250.36,11593.42,450.74,21.58,0.0,1082.31,3650.49,4732.8,2000.0,6731.53,521.56,-354.84,-99.03,278.82,2.29,0.85,0.7,3.14,0.0,0.0,17.92,25.68,30.84,32.0,28.32,24.44,21.09,0.0,1.65,1.2,3,2002,0.0,165.3184713375796,519.1
2002-06-30,1052.7999999999997,209.26999999999998,1.26704930186581,1.0,295.88,276.18000000000006,365.31000000000006,29.5,0.0,776.6100000000001,159.36,286.07,148.7,350.41,1290.5,5236.21,11777.26,729.6,37.7,11.0,1153.55,3596.85,4750.4,2000.0,6885.9,446.36,-645.8299999999999,-247.6,89.13,5.821182324270083,0.86,0.69,4.41,1.0,0.23,7.102371596853247,9.9754992654832,12.159076293641967,12.400419017806882,11.032810247539024,23.8,20.72,0.0,1.12,0.81,6,2002,165.16326530612244,165.16326530612244,728.37
2002-09-30,-2692.8399999999997,-561.74,-3.4048934765648444,-0.0011096318741143257,-719.96,-776.33,-1052.71,30.5,0.0,-1916.5,-383.3,146.09,118.65,418.55,1424.79,5388.2,12070.71,801.83,55.62,22.0,1263.67,3671.54,4935.21,2000.0,7000.46,-827.47,570.01,496.86,-276.38,-2.2395707978780215,0.87,0.7,1.01,1.0,0.99,-18.60892276300786,-27.508842345315973,-32.093649402868635,-32.63303846846306,-30.47548220608534,21.93,20.28,0.0,1.13,0.8,9,2002,-0.18306728632046543,164.98019801980197,166.63
2002-12-31,895.93,255.18,1.5547583035015766,0.9948102014867095,309.49,351.44000000000005,448.54999999999995,34.0,0.0,544.4900000000001,200.43,94.06,114.33,458.38,1226.72,5549.49,12885.26,1736.3,44.5,22.0,2107.2,3623.24,5730.44,2000.0,7002.24,86.32000000000002,-936.1999999999998,784.4499999999999,97.11000000000001,5.46726457794498,0.97,0.82,2.57,2.0,0.78,7.9129333112064675,11.833102107583983,14.567540835921385,14.954718000995708,13.357612195064128,28.03,24.56,0.0,0.58,0.36,12,2002,163.27661131871943,164.1284046692607,421.81
2003-03-31,2645.65,616.85,3.76,0.0,893.57,908.2,1200.69,35.25,0.0,1737.46,572.61,1366.08,157.09,562.68,3106.56,5602.36,15279.09,948.32,65.92,44.0,1471.07,6197.53,7668.6,2000.0,7123.52,444.45,-2040.23,2662.38,292.49,2.345,0.99,1.08,3.76,0.0,0.0,16.16,27.040000000000003,34.64,35.6,26.32,26.7,23.32,0.0,2.11,1.73,3,2003,0.0,164.0558510638298,616.85
2003-06-30,972.7199999999998,192.90999999999997,1.2006846473029045,1.0,299.28999999999985,299.18000000000006,182.02999999999997,38.0,0.0,673.54,180.26,841.18,177.88,740.34,2889.14,6010.5,14948.47,1040.53,97.87,44.0,1552.92,6104.7,7657.62,2000.0,6819.95,-52.670000000000016,9.63000000000011,-481.8499999999999,-117.15,7.9124856150536536,1.11,1.12,5.04,1.0,0.2,5.164849832049001,8.614435882236709,11.311211717051965,11.26356550088915,8.585848152539024,25.59,22.38,0.0,1.86,1.38,6,2003,160.66666666666666,160.66666666666666,809.76
2003-09-30,-2455.99,-485.93,-3.211222555044314,-0.061750506953236924,-854.28,-780.4100000000001,-888.83,48.25,0.0,-1675.5900000000001,-541.54,1191.57,187.16,584.34,3042.92,6259.97,15465.48,1005.31,86.22,44.0,1545.85,6296.79,7842.64,2000.0,7137.61,-66.48999999999995,2098.89,-2223.7200000000003,-108.42,-3.7569024859547673,1.35,1.1,2.14,1.0,0.47,-12.544775962696477,-18.607083963808172,-27.250374579254547,-27.49046598523917,-18.427015409319704,34.2,27.86,0.0,1.97,1.59,9,2003,-9.34423676012463,151.32242990654203,323.83
2003-12-31,1179.4699999999998,289.72999999999996,1.9171781080904882,1.498681358920789,373.93,408.66999999999996,589.9499999999999,50.5,0.0,770.7900000000001,236.36999999999998,342.2,216.36,502.5,2532.02,5697.78,15040.41,910.77,67.74,44.0,1450.92,5992.86,7443.78,2000.0,7120.03,457.60999999999996,-757.7099999999999,-549.26,181.27999999999997,6.586033893625099,1.42,1.05,4.06,2.5,0.62,7.706489340895756,11.295295651607015,16.281847578068973,16.41406675793728,11.616399374144338,31.4,26.2,0.0,1.75,1.4,12,2003,226.48545186685698,151.1231527093596,613.56
2004-03-31,3480.25,854.47,5.65,1.5,1106.21,1220.33,1586.37,52.0,0.0,2259.93,715.71,338.94,203.53,662.34,2727.83,6077.28,15053.54,948.96,58.51,63.0,1685.25,5903.43,7588.68,2000.0,6982.59,864.17,-848.49,-517.92,366.04,2.3,1.49,1.09,5.65,1.5,0.27,22.72,32.2,48.96,48.44,36.52,28.72,24.55,0.0,1.62,1.23,3,2004,226.8504424778761,151.23362831858407,854.47
2004-06-30,1111.2700000000004,192.94000000000005,1.2820790330434122,-0.0074126460946693125,550.74,290.70000000000005,378.19000000000005,50.5,0.0,820.5500000000002,126.28999999999996,412.69,211.68,809.94,3038.8,7768.3,16268.94,1258.76,68.06,615.0,2623.48,5302.45,7925.93,2000.0,7814.84,119.03000000000009,-71.51999999999998,27.91999999999996,87.48999999999995,9.85305872291904,1.29,1.01,6.96,1.5,0.22,4.745166076321595,7.132485655092086,9.873482208495243,10.543994806236338,8.156675227465847,26.7,22.81,0.0,1.16,0.85,6,2004,-1.1155286847726416,150.48994252873564,1047.41
2004-09-30,-3488.6200000000003,-816.48,-5.904480145498636,-0.13243106584022335,-1255.98,-1167.78,-1443.31,50.5,0.0,-2320.83,-607.41,255.76,186.62,725.2,3594.85,7626.02,16687.48,1916.24,76.67,595.5,3275.03,5004.34,8279.37,2000.0,7905.62,-569.1500000000001,-90.58000000000004,929.61,-275.53,-2.1382407407407404,1.28,1.05,1.67,1.5,0.9,-19.516605031827826,-30.2648802667475,-41.296004849954535,-43.417374962109726,-36.204716580782055,23.23,20.94,0.0,1.1,0.88,9,2004,-18.312758104480707,138.2814371257485,230.93
2004-12-31,1251.6799999999998,275.90999999999997,1.8236494751795438,1.629026474712165,389.47,461.85,529.9200000000001,48.0,0.0,789.83,249.53,386.41,226.97,708.04,4052.96,7496.3,17140.89,2194.06,88.75,595.5,3631.88,4970.75,8602.64,2000.0,8001.59,129.84999999999997,-234.64999999999998,235.44999999999993,68.07,6.5809658946758,1.2,1.08,3.35,3.0,0.9,6.44537605555994,10.887459553310709,13.783523794491359,14.58919580143635,12.977851787546365,24.92,21.53,0.0,1.12,0.92,12,2004,246.4644114755563,151.29552238805968,506.84
2005-03-31,3406.77,700.22,4.63,0.0,1127.29,1137.43,1504.19,50.5,0.0,2269.34,683.9,162.52,190.67,649.18,3606.23,7357.24,16766.02,2146.48,81.81,641.25,3491.43,4606.08,8097.51,2000.0,8140.24,871.59,-1386.32,264.55,366.76,2.7275,1.24,0.99,4.63,0.0,0.0,16.72,28.6,34.4,37.04,34.28,23.71,20.55,0.0,1.03,0.85,3,2005,0.0,151.2354211663067,700.22
2005-06-30,1125.2099999999996,301.39,1.9919946885514321,1.5,359.04999999999995,414.6399999999999,536.69,48.0,0.0,710.56,277.13,161.3,156.31,483.98,3242.92,7205.78,16160.74,1752.86,63.45,641.5,3080.05,4553.0,7633.04,2000.0,7983.98,474.7599999999999,125.53999999999996,-601.38,122.05000000000001,6.023484936461064,1.2,0.96,6.62,1.5,0.23,7.462457443515939,11.518664150717344,15.105458212278231,15.261929094158404,14.286995137828095,25.42,22.1,0.0,1.05,0.9,6,2005,226.95090634441087,151.30060422960725,1001.61
2005-09-30,-3432.9199999999996,-761.15,-5.4761270065707395,-0.13280823411723702,-1104.04,-1238.07,-1607.0700000000002,47.5,0.0,-2194.84,-724.22,139.55,181.79,423.57,3242.58,7094.12,16096.75,1781.47,77.12,771.4,3093.82,4259.12,7352.94,2000.0,8201.75,-1042.4099999999999,1138.59,136.96999999999997,-369.0,-2.168768179728043,1.16,0.9,1.73,1.5,0.87,-18.865732346336188,-24.310205439574148,-37.0983864260168,-37.85808034600349,-30.5143724527988,23.53,21.88,0.0,1.05,0.91,9,2005,-18.459576864642088,138.9942196531792,240.46
2005-12-31,1262.8600000000001,287.78,2.075650840527033,1.7462290524800865,448.39000000000004,453.23,578.6400000000001,44.5,0.0,809.6200000000001,295.91,156.72,232.53,478.55,3427.48,7046.15,16237.19,1958.91,84.4,597.0,3255.22,4220.95,7476.17,2000.0,8213.32,242.35999999999996,-127.31,-101.50999999999999,125.41,5.359861004934325,1.08,0.91,3.81,3.25,0.85,7.082273209147356,10.024140542177797,14.012005149174616,14.208129638043312,12.878841435711038,24.83,22.36,0.0,1.05,0.91,12,2005,242.1070957170816,138.64566929133858,528.24
2006-03-31,3779.88,849.7,6.13,0.0,1338.23,1275.54,1631.69,49.5,0.0,2504.33,871.47,201.22,1193.78,530.89,5025.35,7644.87,18139.76,2468.69,92.87,928.42,4191.02,4881.98,9073.0,2000.0,8483.35,728.95,-799.28,110.26,356.15,2.02,1.17,1.07,6.13,0.0,0.0,18.72,29.24,40.08,40.88,36.56,25.17,22.48,0.0,1.2,1.07,3,2006,0.0,138.61337683523655,849.7
2006-06-30,1462.5900000000001,327.52,2.1617288187424606,1.7499999999999998,439.6199999999999,473.8800000000001,612.1700000000001,53.5,0.0,988.7200000000003,265.3399999999999,145.38,445.52,594.65,4078.03,10274.1,16924.31,1400.21,112.92,924.28,3137.14,4578.03,7715.17,2000.0,8640.41,295.27,288.25,-639.36,138.29000000000002,6.191259923058134,1.24,0.89,7.77,1.75,0.23,7.745499396884184,11.774049370550959,15.15714106114405,15.758084979867824,14.122182090008664,25.43,22.46,0.0,1.3,1.11,6,2006,265.13963963963965,151.50836550836553,1177.22
2006-09-30,-3824.58,-995.27,-6.564023083264633,0.0013461524178753242,-1319.9399999999998,-1453.64,-1822.13,54.5,0.0,-2370.9400000000005,-843.3,117.11,342.38,734.83,4148.32,10229.47,17044.68,1578.94,138.55,948.62,3279.53,4342.42,7621.95,2000.0,8856.65,-1111.1200000000001,369.24,729.51,-368.49,-2.075861072874697,1.23,0.86,1.2,1.75,1.46,-23.411682330310526,-38.94653696070349,-44.85415773564166,-46.60456389117889,-47.04216543006321,13.97,12.83,0.0,1.26,1.04,9,2006,0.20411036036034602,151.625,181.95
2006-12-31,1522.59,349.84999999999997,2.3090889432117336,1.7486713755171113,506.12999999999994,525.2,448.72,57.5,0.0,997.3799999999999,218.52999999999997,157.27,301.04,796.56,4093.99,10121.96,16906.1,1682.39,192.68,659.0,3313.44,4280.19,7593.63,1886.29,8786.71,225.14000000000001,-103.52000000000001,-81.45,-76.48,6.224727740460197,1.23,0.86,3.51,3.5,1.0,8.289037232042121,13.02562993606619,15.92021436630312,16.472816848439262,15.893899962391878,20.21,18.09,0.0,1.24,1.0,12,2006,264.94115028490023,151.5099715099715,531.8
2007-03-31,4379.62,838.96,5.540000000000001,0.0,1523.01,1298.43,1369.08,54.5,0.0,3081.19,885.36,175.46,264.12,807.91,3961.3,10066.5,16738.77,1663.15,207.99,660.5,3314.57,3895.28,7209.86,1886.29,9001.53,485.51,-328.8,-126.63,70.65,2.46,1.14,0.8,5.54,0.0,0.0,20.04,29.799999999999997,37.28,38.4,38.68,21.15,19.16,0.0,1.2,0.95,3,2007,0.0,151.43682310469313,838.96
2007-06-30,1519.1000000000004,443.6399999999999,2.9296981132075466,1.7500000000000002,543.4799999999998,614.95,648.54,53.5,0.0,904.1500000000001,350.63,166.85,246.84,737.11,3958.24,10155.71,16537.1,1256.18,101.12,662.0,3057.29,3767.38,6824.67,1886.29,9167.16,555.75,153.52,-717.89,33.58999999999999,4.567910918762962,1.1,0.74,8.47,1.75,0.21,10.736461562451268,15.827979416809601,19.356069234367688,19.937166380789016,19.632782161234985,24.57,21.74,0.0,1.29,1.05,6,2007,265.0,151.42857142857142,1282.6
2007-09-30,-4511.6900000000005,-1010.6699999999998,-6.6899790387232,-0.004127900562644932,-1565.12,-1486.5100000000002,-1559.58,65.5,0.79,-3025.1800000000003,-898.76,2311.25,241.84,793.21,6572.42,10011.88,19027.38,713.64,100.02,374.0,2244.9,6706.02,8950.91,1886.29,9534.73,-843.36,-115.10999999999999,3081.41,-73.07,-2.4477655169343113,1.3,0.94,1.8,1.75,0.97,-21.25926672305372,-35.23388960394219,-42.36986724524693,-44.0051954547126,-37.76121501857095,20.97,19.61,0.0,2.93,2.57,9,2007,-0.6236111111111313,151.07222222222222,271.93
2007-12-31,1609.8500000000001,390.27000000000004,2.5754755360918153,2.0053234378670424,623.61,594.73,620.1600000000001,70.0,0.0,1015.12,435.34000000000003,180.91,311.4,897.69,4616.17,10720.35,20307.67,1819.33,134.0,373.0,3376.73,6683.67,10060.4,1886.29,9625.82,92.54999999999998,-3073.42,850.54,25.43,6.795579983088631,1.37,1.05,4.37,3.75,0.86,7.685171851404409,12.942206584113562,16.219012987012988,16.94981153729991,14.215210510419816,24.1,22.1,0.0,1.37,1.1,12,2007,303.8730390287312,151.53318077803203,662.2
2008-03-31,4569.65,999.28,6.6,0.0,1775.53,1553.58,1645.63,71.5,3.39,3016.07,1235.66,241.55,316.05,1023.84,4943.15,10665.18,20640.89,2167.89,142.34,80.75,3278.13,6719.17,9997.29,1886.29,10036.28,564.25,-3526.55,3037.01,92.05,2.7075,1.34,1.0,6.6,0.0,0.0,19.36,33.24,39.84,42.0,35.8,23.52,21.87,0.0,1.51,1.2,3,2008,0.0,151.4060606060606,999.28
2008-06-30,1712.71,402.44000000000005,2.6585868789772564,2.0,664.0899999999999,627.1500000000001,1110.1999999999998,70.0,0.0,1085.5700000000002,462.22,170.26,289.1,1192.39,4786.69,10520.81,21100.65,2949.43,112.62,410.59,4222.62,6413.2,10635.82,1886.29,9820.1,330.76,-866.5500000000002,464.4899999999998,483.05,6.582970877646356,1.34,1.08,9.26,2.0,0.22,7.62549325114859,13.310160659760866,16.387919984019636,16.950644636589335,14.837556145307195,24.17,22.31,0.0,1.13,0.85,6,2008,302.74730021598276,151.37365010799138,1401.72
2008-09-30,-4766.98,-1107.3600000000001,-7.298132898491643,0.004722916092517763,-1906.48,-1690.6100000000001,-2236.12,61.5,12.68,-3076.38,-1328.2400000000002,183.59,261.99,1182.92,4237.57,11882.2,22845.55,1469.7,120.99,213.92,2973.38,9200.11,12173.48,1886.29,9538.31,-467.24,3504.8,-3027.63,-545.51,-2.106634698742956,1.22,1.28,1.94,2.0,1.03,-19.41152874031798,-35.21161027313494,-46.49738279657562,-46.49738279657562,-37.16781084386466,21.3,19.42,0.0,1.43,1.03,9,2008,0.7166173097904789,151.73195876288662,294.36
2008-12-31,1728.5899999999997,367.35,2.426016684045881,1.9958934887070938,606.57,566.36,624.26,49.5,12.66,1162.24,409.19000000000005,236.83,300.55,1148.36,3762.61,11826.92,22379.53,2057.54,109.56,215.68,3416.71,8860.09,12276.8,1886.29,8967.17,191.70000000000005,-356.6200000000001,218.15999999999997,57.89999999999999,5.102201102490812,1.04,1.37,4.37,4.0,0.92,6.573006301854287,10.992020673709026,16.388103549893458,15.810744888244095,12.368799020719047,22.4,20.4,0.0,1.1,0.77,12,2008,302.2202930005426,151.42105263157896,661.71
2009-03-31,4801.09,969.91,6.41,0.0,1729.46,1575.06,1707.8,50.5,15.07,3226.03,1187.41,271.19,257.48,1095.59,4201.66,11765.84,22832.54,1879.15,123.74,221.44,3175.41,9098.13,12273.54,1886.29,9409.21,1087.85,-1540.61,553.69,132.74,1.97,1.01,1.3,6.41,0.0,0.0,17.0,29.0,41.24,39.92,32.04,22.05,20.2,0.0,1.32,0.98,3,2009,0.0,151.31201248049922,969.91
2009-06-30,1633.21,338.48000000000013,2.235164744456929,2.0,508.27,499.4500000000003,1056.0000000000002,53.5,0.0,1133.7599999999998,330.29999999999995,153.1,264.67,997.98,5523.44,12107.06,24653.74,1421.95,136.34,227.2,2808.14,9647.69,12455.83,1886.29,11026.91,359.52,95.65999999999985,-573.2700000000001,556.55,5.981840950720868,0.92,1.13,8.64,2.0,0.23,5.494779996789949,9.385622329733494,12.283058109585065,12.986721084691878,9.830585681639269,22.52,20.33,6.67,1.97,1.61,6,2009,302.86805555555554,151.43402777777777,1308.39
2009-09-30,-4859.02,-1054.3300000000002,-6.971874360387311,2.2472513054659005,-1750.3400000000001,-1625.2000000000003,-2136.44,63.0,0.0,-3233.8199999999997,-1209.8,1037.39,293.25,885.08,8878.53,12063.88,28241.75,1423.37,137.01,3229.45,5835.19,9199.03,15034.22,1886.29,12084.74,-1067.31,-333.70000000000005,2302.46,-511.23999999999995,-2.2590768544952717,0.98,1.24,1.68,4.25,2.53,-14.939730772258525,-29.215473510194446,-34.859371801936554,-39.00929701645281,-33.3653987247107,17.96,16.13,3.08,1.52,1.37,9,2009,339.843253968254,151.22619047619048,254.06
2009-12-31,1666.1299999999999,270.84,1.7904644694227474,0.001174997051591813,495.63,448.27000000000004,610.9399999999999,65.0,0.0,1217.86,299.59999999999997,252.41,330.58,1152.2,9532.64,12168.62,29143.16,1240.08,130.6,3230.73,5647.71,9597.61,15245.32,1886.29,12780.12,-198.39000000000001,-239.37999999999988,-347.20000000000005,162.67000000000002,9.0748938487668,0.96,1.19,3.47,4.25,1.22,3.7150847780529626,7.18249723756906,8.482776909887598,9.968810821108782,7.884235473423509,18.05,16.19,4.91,1.69,1.48,12,2009,0.17773946754482495,151.2680115273775,524.9
2010-03-31,5847.09,1442.85,9.53,0.0,1550.54,2288.86,2798.02,76.0,0.0,3558.23,977.54,914.94,373.31,1379.46,10383.93,12157.86,30177.21,1402.24,124.59,3506.29,6025.29,9515.49,15540.77,1886.29,13533.67,252.4,-1574.46,2083.91,509.16,1.9925,1.06,1.15,9.53,0.0,0.0,19.12,34.56,42.64,50.32,37.92,32.2,24.68,7.52,1.72,1.49,3,2010,0.0,151.40083945435467,1442.85
2010-06-30,2725.8999999999996,1103.9700000000003,7.29096496807784,2.25,383.06999999999994,1537.9899999999998,1727.4100000000003,80.75,0.0,1187.9100000000003,117.30999999999995,2523.55,775.5,1217.72,9645.14,9368.59,26682.19,1050.0,122.62,3231.77,6251.89,8352.99,14604.88,1886.29,11151.06,546.41,1401.5700000000002,-339.3799999999999,189.42000000000002,2.7683578358107552,1.37,1.31,16.82,2.25,0.13,16.558553019059065,25.85214926849954,39.60181685395906,39.82722124060594,32.475570476123174,44.1,29.71,11.81,1.54,1.35,6,2010,340.686385255648,151.41617122473247,2546.82
2010-09-30,-6762.78,-2331.32,-15.361830162412993,2.505105953303851,-1364.1799999999998,-3435.68,-3908.6000000000004,99.25,0.0,-3327.1000000000004,-823.9599999999999,2414.78,379.5,1221.75,11283.28,9634.47,28824.32,1045.0,197.24,2255.04,5530.9,9847.83,15378.73,1886.29,12537.36,-563.93,-327.89,-1587.4,-472.9200000000001,-1.6151037824065335,1.49,1.23,1.42,4.75,3.35,-32.45457076566125,-59.283682598607896,-74.42914895591647,-75.72733178654292,-72.69823851508121,12.9,11.9,2.69,2.04,1.82,9,2010,380.17629080069,151.7605633802817,215.5
2010-12-31,2259.55,351.51,2.318561224669759,-0.004812804801862964,720.42,590.7,829.4,104.0,0.0,1668.85,393.76,1593.13,1072.18,1371.75,10032.8,9696.44,27790.71,1378.0,172.52,2299.36,5197.66,9638.2,14835.85,1886.29,12061.89,-724.3,-175.0,77.66,238.70000000000002,11.214864513100622,1.63,1.23,3.74,4.75,1.27,5.05867903564311,8.555118957337614,11.654799738981675,11.307635491437539,10.786889120121337,15.29,13.93,5.8,1.93,1.67,12,2010,-0.7296546659637215,151.60695187165774,567.01
2011-03-31,6260.77,902.73,5.96,2.5,2052.41,1578.01,2269.96,96.75,0.0,4682.76,1105.83,3368.48,886.72,1116.06,11174.03,9765.46,29143.66,827.84,170.21,2338.67,5117.13,11427.88,16545.01,1886.29,11697.45,380.87,-1209.05,1673.11,691.95,4.0575,1.56,1.41,5.96,2.5,0.42,12.4,21.28,30.879999999999995,28.64,26.28,15.75,14.42,5.07,2.18,1.97,3,2011,378.66191275167785,151.46476510067114,902.73
2011-06-30,-1968.63,390.75,2.579865943037387,-5.6231947404276874e-05,-3143.93,-480.21000000000004,-246.61000000000013,94.75,0.0,1519.21,-3485.54,654.83,519.0,1079.72,8418.9,3861.42,28416.37,936.71,148.29,388.0,4917.69,10937.55,15784.49,1886.29,11736.36,165.28999999999996,-344.98,-3154.37,233.5999999999999,9.17766679462572,1.52,1.34,8.54,2.5,0.29,5.498074960571481,4.8093051303460435,13.316216717691807,13.654559792188516,5.643079135355784,34.47,30.14,5.61,1.71,1.49,6,2011,-0.008516967134482911,151.46135831381736,1293.48
2011-09-30,-2236.8,-696.29,-4.593818717661045,2.501809508881427,1979.76,-235.26,-920.75,91.75,0.0,-4667.33,2903.41,881.2,994.61,1258.64,8885.53,3757.6,27475.95,766.99,144.88,181.0,3373.45,10526.2,14730.32,1886.29,13288.7,30.600000000000023,2195.59,489.31999999999994,-685.49,-4.993808291085612,1.3,1.11,3.94,5.0,1.27,-10.120392504897938,-14.271152564510455,-20.94035131197776,-21.54664210720206,-16.69631574540766,30.17,29.06,6.7,2.63,2.26,9,2011,379.20193416469533,151.57106598984774,597.19
2011-12-31,2236.8,696.29,2.325488449763429,2.468893971781,1831.6299999999999,235.26,-4.7999999999999545,88.25,0.0,1659.7099999999998,1414.1499999999999,,0.0,,,,,,0.0,,,,,,,,,,,9.488071205963033,,,4.32,5.0,1.16,,,,,,17.1,30.14,,,,12,2011,739.2280033840943,299.41666666666663,1293.48
2012-03-31,2333.91,597.19,2.07,2.5,814.53,520.7,520.7,94.75,0.0,1471.37,467.92,,0.0,,,,,,0.0,,,,,,,,,,,11.4425,,,2.07,2.5,1.21,,,,,,31.33,25.59,,,,3,2012,721.2439613526572,288.49758454106285,597.19
2012-06-30,2219.95,495.0,3.267700674791016,-2.2612310690929758,910.3900000000001,1029.3799999999999,1517.1,96.0,0.0,1532.4100000000003,493.58,998.98,960.97,1233.71,5278.5,3655.53,27198.11,738.24,744.85,181.0,2905.36,10169.02,13074.38,1886.29,12887.1,,,,,7.341943888888889,1.41,1.01,7.21,2.5,0.35,7.287742975123375,10.097693624735623,15.37314936045926,16.080169201329436,11.566119448081377,27.81,23.98,11.57,1.82,1.39,6,2012,-342.53730393240744,151.48266296809987,1092.19
2012-09-30,2161.9300000000003,328.71000000000004,2.169962558941516,-1.2982336506734441e-05,817.31,525.8299999999999,771.0899999999999,117.0,0.0,1636.1,421.29999999999995,2014.7,1167.67,1155.47,7358.75,3615.53,30570.29,706.73,643.69,3180.19,5805.0,9217.61,15022.61,1886.29,14346.46,269.5799999999999,-895.15,1641.31,245.26,13.475877673329075,1.54,1.05,9.38,2.5,0.27,4.302910831163348,6.616303751143643,9.161035963121966,9.512671686958969,7.754493067773947,23.83,21.16,7.97,1.27,1.07,9,2012,-0.001966588693221638,151.4818763326226,1420.9
2012-12-31,2414.8499999999995,473.6999999999998,3.1278301488440823,2.749421681461642,903.7800000000002,675.7000000000003,935.46,109.0,0.0,1739.1499999999996,411.98,1741.12,1302.39,1578.37,7593.73,3616.13,31942.79,340.0,831.03,3180.45,5570.62,10666.64,16237.26,1886.29,14489.07,334.8800000000001,-1207.64,599.1700000000001,259.76,8.709080641756389,1.42,1.12,12.51,5.25,0.42,5.930625989654806,0.0,13.08138076638868,0.0,10.431101023962837,23.4,20.75,10.17,1.36,1.08,12,2012,416.3912324298343,151.4468425259792,1894.6
2013-03-31,4485.54,2112.99,13.95,2.75,1103.4,2793.43,3036.78,182.0,0.0,1692.11,648.81,4606.76,2154.75,1716.75,11516.09,3538.55,36513.77,470.0,726.7,3198.7,6467.37,11710.29,18177.66,1886.29,17117.4,693.66,2251.54,-79.55,243.35,3.2625,2.01,1.06,13.95,2.75,0.2,23.16,0.0,49.36,0.0,37.2,91.18,47.11,18.12,1.78,1.52,3,2013,416.539247311828,151.46881720430108,2112.99
2013-06-30,2560.2200000000003,571.9500000000003,3.8152154238083553,-0.028541762331686975,351.1099999999999,643.6600000000003,1075.4099999999994,159.0,0.0,1916.5600000000002,-184.69999999999993,1981.74,744.14,1882.72,9618.68,4312.84,39075.17,890.0,843.73,3113.96,6503.84,16258.17,22762.02,1886.29,14598.77,21.32000000000005,-112.25999999999976,-2534.0899999999997,431.75,10.421482297403616,2.05,1.56,17.91,2.75,0.15,5.853831370533422,8.836132651008965,15.669863013698638,16.649762005854885,8.989508145433422,65.92,38.11,17.02,1.48,1.19,6,2013,-4.278778300102715,149.91289782244556,2684.94
2013-09-30,3462.34,1035.9699999999998,7.14143327841845,-0.0919072297235767,599.5400000000002,1511.75,1977.8500000000004,154.0,0.0,1950.5900000000001,45.539999999999964,566.17,662.01,2142.22,10683.42,4256.54,39655.42,3253.19,816.41,103.0,5604.91,18026.62,23631.52,1886.29,14328.12,-737.65,-1039.6000000000001,361.67999999999984,466.1,5.387573964497042,2.03,1.65,25.65,2.75,0.11,10.446260296540363,15.691663920922567,28.92210873146622,28.899835255354198,16.181680395387147,61.31,35.41,13.69,1.91,1.52,9,2013,-13.332496302173638,145.06471734892787,3720.91
2013-12-31,2622.74,387.0799999999999,2.7231351585568606,2.693513516024615,1803.33,660.0,1130.0,140.0,0.0,1962.7399999999998,1240.73,1664.84,688.66,2398.88,9825.58,3984.59,37921.56,1389.61,976.03,28.0,3976.95,17993.47,21970.42,1886.29,14171.66,448.17,3008.0699999999997,-2357.5600000000004,470.0,12.84144853776997,1.86,1.55,28.9,5.5,0.19,4.081875953933675,6.053086594660647,10.926462041046836,10.805852594577884,6.22646267395977,44.3,31.29,13.2,2.47,1.87,12,2013,382.86943213473904,142.14498269896194,4107.99
2014-03-31,2336.77,284.56,0.21,3.0,908.22,547.32,1029.74,144.0,0.0,1789.44,447.46,1076.71,1778.05,2473.94,9086.44,3924.67,37951.49,595.69,879.52,0.0,3150.61,18108.26,21258.87,1886.29,14903.54,1141.4,-725.52,-1004.02,482.42,171.4275,1.82,1.43,0.21,3.0,14.29,3.0000000000000004,5.88,7.64,7.12,6.28,12.88,12.18,3.48,2.88,2.1,3,2014,4065.142857142857,1355.047619047619,284.56
2014-06-30,2507.4100000000003,454.09,0.33811615785554733,-0.026912030635039313,309.46000000000004,689.4,1163.14,14.6,0.0,1818.02,-213.51999999999998,900.8,565.08,2451.67,8743.64,3870.37,37699.9,512.29,931.87,279.4,3124.11,17832.05,20956.16,1886.29,14960.0,912.5499999999997,-544.45,-544.0,473.73999999999995,10.796955174084435,1.84,1.4,0.55,3.0,5.45,4.819692141068165,7.918065660326271,12.147591416773844,12.295133012928991,8.803315237257157,19.23,15.25,6.28,2.8,2.01,6,2014,-36.14285714285779,1342.9999999999998,738.65
2014-09-30,2533.79,405.7400000000001,0.30491038894083317,-0.027761514868181774,1447.7099999999998,683.95,750.19,16.3,0.0,1849.8400000000001,1017.5699999999999,639.21,1698.3,2678.7,7790.15,3783.49,37917.19,377.13,964.66,0.0,2669.54,17914.4,20583.94,1886.29,15558.92,-516.7399999999998,829.09,-573.94,66.24000000000001,13.362122603144867,1.98,1.32,0.86,3.0,3.49,4.282927323727052,7.020029884916857,10.437862616765265,10.863318973426892,7.729123812686237,17.23,15.51,5.46,2.92,1.91,9,2014,-36.94186046511459,1330.686046511628,1144.39
2014-12-31,2702.1400000000003,447.02,0.33426571405231836,0.31488039785692384,-119.4699999999998,723.79,1215.35,14.6,0.0,1978.3400000000001,-715.22,571.92,618.3,3009.13,7076.64,4798.58,37909.39,778.08,1072.05,0.0,3237.46,17794.61,21032.07,1886.29,15076.91,360.20000000000005,-371.26,-56.23000000000002,491.56000000000006,10.920429007650664,1.83,1.39,1.19,3.3,2.77,4.719045374856259,7.831368157797172,11.865028371067165,12.22457468534193,8.572932430988871,19.96,15.79,7.29,2.19,1.26,12,2014,421.09564197772033,1337.3193277310925,1591.41
2015-03-31,2483.54,420.7,0.31,0.3,1039.58,692.49,1179.2,14.0,0.0,1791.06,560.42,593.37,1636.39,3273.92,10085.68,4709.67,40956.37,3023.22,935.76,1999.54,7474.81,15897.55,23372.36,1886.29,15791.0,995.95,-3099.46,2124.96,486.71,11.29,1.67,1.48,0.31,0.3,0.97,4.12,7.04,10.64,10.96,8.28,18.12,16.94,4.61,1.35,0.91,3,2015,407.12903225806446,1357.0967741935483,420.7
2015-06-30,2586.51,399.42,0.2970860361898259,-0.0028199649775878157,874.2,592.06,1076.7099999999998,15.7,0.0,1994.44,363.47,940.48,1761.64,3559.03,10753.66,4760.65,40535.31,2106.06,1150.27,2011.18,6624.0,16547.85,23171.85,1886.29,15595.56,388.68000000000006,613.0999999999999,-654.6700000000001,484.65000000000003,13.212839116719243,1.9,1.49,0.61,0.3,0.49,3.9351724137931035,6.389784909525435,10.247033117104813,10.461324684192558,7.383318538750427,17.6,16.18,6.7,1.62,1.09,6,2015,-3.791327340031671,1344.4590163934427,820.12
2015-09-30,3039.45,440.2499999999999,0.32834405769734276,-0.000814397853765836,1112.34,662.1400000000001,1147.04,14.3,0.0,2377.3100000000004,547.66,494.39,1616.18,3084.11,8545.28,4732.76,39571.35,1412.25,935.73,2011.48,5807.37,16382.51,22189.88,1886.29,15674.14,541.9599999999998,-100.34999999999991,-887.6999999999999,484.9,10.885989608177175,1.72,1.42,0.94,0.3,0.32,4.457095932146909,7.013987955917705,11.233558399517598,11.275474662202367,8.061894523036884,16.67,15.54,5.69,1.47,0.94,9,2015,-1.0919602371817518,1340.8191489361702,1260.37
2015-12-31,4103.379999999999,554.8100000000002,0.41568417457221885,0.2986226089060273,1461.25,882.7999999999997,1378.0,14.2,0.0,3220.579999999999,786.4800000000002,746.93,2122.56,2427.85,9631.11,4630.65,40549.38,1696.12,1116.57,2011.77,6380.95,16227.79,22608.74,1886.29,16198.22,1764.84,-1337.2199999999998,-175.09000000000003,495.20000000000005,8.539175213136025,1.65,1.4,1.36,0.6,0.44,5.477250300245708,8.814949701957934,13.705351755748747,14.194391961127826,10.123132251346977,15.72,14.86,7.22,1.51,1.13,12,2015,398.56896120150196,1334.6911764705883,1815.18
2016-03-31,3039.45,535.22,0.4,0.33,995.14,826.02,1301.24,14.8,0.0,2213.43,430.03,349.59,762.72,2849.44,10427.26,4546.71,41071.81,1110.12,866.38,12.04,3644.12,18347.72,21991.84,1886.29,17366.25,514.48,-147.63,-764.18,475.22,9.25,1.61,1.27,0.4,0.33,0.83,5.2,8.04,12.32,12.92,8.84,20.25,17.61,5.61,2.86,2.08,3,2016,441.5565,1338.05,535.22
2016-06-30,2956.37,588.23,0.43981770439271883,-0.00015039387600692024,799.61,837.47,1313.91,14.3,0.0,2118.9,237.67000000000007,403.4,386.87,2523.2,10287.11,4494.59,41346.2,2044.16,895.08,30.54,4372.99,17924.63,22297.62,1886.29,17347.98,-355.98,286.01,123.77999999999997,476.43999999999994,8.126548713938424,1.55,1.29,0.84,0.33,0.39,5.696686456896169,8.503142284925897,13.571517735546754,14.283603542658774,9.42466509412969,22.47,18.74,8.44,2.35,1.78,6,2016,-0.20114285714282687,1337.4404761904764,1123.45
2016-09-30,2555.1399999999994,378.1399999999999,0.2820455650343968,0.0008036148349415262,649.4000000000001,615.72,1099.5,15.3,0.0,1939.42,96.40999999999997,639.13,542.08,2503.64,9551.49,4423.23,42197.12,1687.17,965.82,30.99,4135.02,18051.48,22186.49,1886.29,18363.22,171.27999999999997,543.34,-478.9,483.7800000000001,13.560929417675997,1.57,1.21,1.12,0.33,0.29,3.5860078982944734,5.610692133005679,8.23975972136202,8.8844352985835,6.033760480557275,21.34,17.56,6.74,2.31,1.7,9,2016,1.0774107142855769,1340.7053571428569,1501.59
2016-12-31,2716.710000000001,552.9200000000003,0.41445249718911104,0.32836546792179166,2111.8700000000003,779.8200000000002,1269.6299999999997,14.5,0.0,1936.8999999999996,1540.65,532.72,1856.73,3066.43,9220.7,4574.11,42517.7,1330.21,1069.79,31.45,4056.77,18108.75,22165.52,1707.96,18706.75,256.9200000000001,330.5899999999999,-693.9200000000001,489.80999999999995,8.750580644577873,1.32,1.18,1.54,0.66,0.43,5.199494964736119,7.933804946191553,11.819969919834906,12.670404914067106,8.558174941956967,19.72,18.23,8.07,2.27,1.52,12,2016,438.07151785714296,1334.0974025974026,2054.51
2017-03-31,2538.13,463.99,0.35,0.33,1140.73,718.69,1207.17,15.2,0.0,1819.44,624.37,874.5,2022.7,2999.67,10287.88,4496.02,43500.43,1039.22,942.68,31.9,3764.56,18261.64,22026.21,1707.96,19837.01,317.1,396.24,-371.56,488.48,10.8575,1.31,1.11,0.35,0.33,0.94,4.28,6.8,9.36,9.96,7.24,19.26,18.28,6.34,2.73,1.94,3,2017,437.4762857142857,1325.6857142857143,463.99
2017-06-30,2657.38,533.38,0.4010898663484966,0.0010275882714396024,1068.2199999999998,758.53,1245.5499999999997,15.1,0.0,1898.85,537.2299999999999,526.89,1742.63,2862.79,10079.82,4424.72,43746.02,1955.02,912.55,1051.42,5612.75,16803.47,22416.22,1707.96,19723.52,-550.37,130.72000000000003,72.05000000000001,487.02,9.410297583336458,1.31,1.14,0.75,0.33,0.44,4.877252774797717,7.42283645988951,10.82407852652476,11.508605231759526,8.27849484143297,20.74,19.2,9.61,1.8,1.29,6,2017,1.3665142857142882,1329.8266666666666,997.37
2017-09-30,2438.42,313.9699999999999,0.23463830890539442,0.33204085591837357,-180.3199999999997,557.5799999999999,1043.4300000000003,18.7,0.0,1880.8400000000001,-831.7099999999999,503.78,390.07,2822.3,10127.16,4408.3,44232.14,1535.05,887.91,1752.16,6147.08,17196.26,23343.34,1707.96,20370.17,248.79000000000002,-743.21,471.29999999999995,485.8499999999999,19.922577953307645,1.57,1.15,0.98,0.66,0.67,2.8348138545304793,4.510801775283297,6.167635548370368,6.483678984855184,5.1141574267543115,22.12,17.18,8.32,1.65,1.19,9,2017,444.3045469387755,1338.1020408163265,1311.34
