,revenue,net_profit,eps,dps,gross_profit,ebit,ebitda,close_price,expense,operating_profit,cash,account_receivable,inventory,current_asset,property_plant_equipment,total_asset,short_term_loan,account_payable,current_portion_long_term_debt,current_liability,non_current_liability,total_liability,paid_in_capital,total_equity,cash_flow_operation,cash_flow_investment,cash_flow_financing,depreciation,P/E,P/BV,D/E,EPS,DPS,DPR%,ROA%,ROAA%,ROE%,ROAE%,ROCE%,NPM%,NPMA%,TIE,CurrentRatio,QuickRatio,month,year,dividend,number_of_shares,return_old
2000-03-31,673.3,12.28,0.6800000000000002,0.0,118.52,35.4,53.94,1.7,637.9,24.55,87.92,371.11,207.61,723.59,768.32,1573.56,360.17,278.75,73.38,959.18,169.59,1128.76,180.0,440.37,146.83,-10.56,-131.16,18.54,0.625,0.69,2.56,0.68,0.0,0.0,3.1199999999999997,0.0,11.16,0.0,23.04,1.85,1.82,0.0,0.75,0.54,3,2000,0.0,18.05882352941176,12.28
2000-06-30,626.1600000000001,3.120000000000001,0.1742337662337663,0.0,105.54,24.270000000000003,45.59,1.68,601.89,9.249999999999996,103.37,417.3,158.36,794.91,826.37,1704.92,323.12,255.94,123.64,1039.42,216.88,1256.3,180.0,443.24,-28.80000000000001,-78.59,122.34,21.32,2.406249999999999,0.68,2.83,0.86,0.0,0.0,0.7293506493506495,0.0,2.8120519480519492,0.0,7.269194805194807,1.21,1.19,0.0,0.76,0.61,6,2000,0.0,17.906976744186046,15.4
2000-09-30,527.76,-39.09,-2.178083579569439,0.0,83.07999999999998,-23.1,7.039999999999992,1.38,550.8700000000001,-16.599999999999998,91.75,378.44,171.52,742.52,856.06,1683.38,300.61,235.84,139.21,1080.49,182.46,1262.95,180.0,413.29,64.1,-53.04999999999998,-14.309999999999999,30.14,-0.15756971092350985,0.6,3.06,-1.32,0.0,0.0,-9.306357112705783,0.0,-37.819451245251166,0.0,40.06353735753483,-1.31,-1.3,0.0,0.69,0.53,9,2000,0.0,17.946969696969695,-23.69
2000-12-31,799.6200000000001,35.730000000000004,1.9882973421926917,0.0,156.21000000000004,51.63,76.80000000000001,1.2,747.9799999999998,49.8,35.95,591.16,239.83,997.31,849.76,1972.29,285.49,498.41,181.82,1345.22,171.6,1516.82,180.0,449.0,-6.3799999999999955,-0.8700000000000045,5.809999999999999,25.17,0.150794850265883,0.48,3.38,0.67,0.0,0.0,7.240963455149504,0.0,31.812757475083068,0.0,167.01697674418608,0.46,0.46,0.0,0.74,0.56,12,2000,0.0,17.97014925373134,12.04
2001-03-31,712.88,-27.43,-1.5199999999999998,0.0,100.69,-6.39,19.54,1.08,719.26,-13.81,76.05,553.37,295.74,1032.96,874.66,2050.9,394.66,475.5,181.58,1448.91,173.14,1622.06,180.0,421.62,-27.78,-64.17,131.55,25.93,-0.17749999999999996,0.46,3.85,-1.52,0.0,0.0,-5.36,-1.4,-26.04,-25.44,-4.24,-3.89,-3.85,0.0,0.71,0.51,3,2001,0.0,18.04605263157895,-27.43
2001-06-30,814.9399999999999,0.28999999999999915,0.016134856300663178,0.0,118.88,22.12,48.830000000000005,1.23,792.8199999999999,19.14,50.48,550.07,321.22,1158.18,848.26,2160.81,324.1,559.61,105.3,1506.62,221.93,1728.55,180.0,421.9,90.23,-10.980000000000004,-104.33000000000001,26.71,18.95120689655178,0.52,4.1,-1.51,0.0,0.0,0.053854089904200285,-0.0346204863669859,0.27482682387619667,0.2679882092851871,-0.1025792188651434,-1.79,-1.78,0.0,0.77,0.56,6,2001,0.0,17.973509933774835,-27.14
2001-09-30,869.3700000000001,19.44,1.0856103896103897,0.0,130.49,39.64,66.37,0.96,829.7400000000002,32.86,49.89,490.45,274.86,931.64,827.66,1908.06,226.11,561.68,107.36,1208.24,247.5,1455.74,180.0,441.27,148.44,5.8700000000000045,-154.88,26.730000000000004,0.22082047325102877,0.39,3.3,-0.43,0.0,0.0,4.03948051948052,-31.104000000000003,17.57174025974026,18.177662337662337,-79.88072727272728,-0.32,-0.32,0.0,0.77,0.54,9,2001,0.0,17.906976744186046,-7.7
2001-12-31,904.0099999999998,30.7,1.7085217391304348,0.0,160.77999999999997,56.92000000000001,84.16999999999999,1.05,847.0899999999997,54.25,49.38,538.69,302.45,976.05,822.23,1951.82,245.44,606.85,106.53,1224.9,243.2,1468.09,180.0,472.03,48.889999999999986,-25.47,-23.939999999999998,27.25,0.1535830618892508,0.4,3.11,1.28,0.0,0.0,6.300173913043478,30.53982608695652,26.001565217391306,26.642260869565217,82.4895652173913,0.7,0.7,0.0,0.8,0.55,12,2001,0.0,17.96875,23.0
2002-03-31,795.96,2.56,0.14,1.0,129.93,27.6,53.68,1.36,768.36,24.4,87.99,409.87,378.78,967.16,829.83,1938.19,321.01,563.72,110.7,1236.29,213.59,1449.88,180.0,482.03,31.84,-19.97,26.74,26.08,2.4275,0.51,3.01,0.14,1.0,7.14,0.52,5.5200000000000005,2.12,2.28,15.72,0.32,0.32,0.0,0.78,0.48,3,2002,18.285714285714285,18.285714285714285,2.56
2002-06-30,1103.52,14.209999999999999,0.7880322003577818,-0.01405571173013033,155.57999999999998,42.449999999999996,72.28999999999999,1.39,1061.0700000000002,35.52,82.9,749.8,228.89,1150.95,818.63,2092.91,451.8,651.06,84.25,1441.63,160.49,1602.12,180.0,481.69,-16.71,-22.550000000000004,34.18000000000001,29.840000000000003,0.43960767065446865,0.52,3.33,0.93,1.0,1.08,2.7115086463923674,11.151079308288612,11.795062611806797,12.574621347644603,36.46979129397734,0.89,0.88,0.0,0.8,0.64,6,2002,-0.2534562211981566,18.032258064516128,16.77
2002-09-30,1168.6100000000001,41.83,2.3270614334470987,-0.003159748981613846,165.37,49.74000000000001,77.24000000000001,1.17,1118.86,49.709999999999994,82.24,828.28,468.74,1481.29,838.67,2446.01,543.14,905.97,102.96,1747.92,165.7,1913.61,180.0,523.31,-21.740000000000002,-50.68,71.74,27.5,0.12608175950274922,0.4,3.66,3.26,1.0,0.31,6.852696245733788,15.70409556313993,31.979249146757674,34.691774744027306,48.99677815699659,1.92,1.91,0.0,0.85,0.58,9,2002,-0.056797941816739694,17.97546012269939,58.6
2002-12-31,1119.0299999999997,0.4200000000000017,0.018502202643171883,0.20812951001324279,159.89,23.290000000000006,55.78999999999999,1.55,1095.75,16.91000000000001,104.78,636.6,328.6,1178.9,891.96,2202.42,588.72,564.26,123.45,1394.47,184.56,1579.02,270.0,613.65,51.15,38.980000000000004,-67.58,32.5,21.078571428571344,0.68,2.57,2.6,1.0,0.38,0.07628600474415484,0.19612334801762193,0.2738325991189438,0.30941375804812055,0.5041138597085755,1.42,1.41,0.0,0.85,0.61,12,2002,4.724539877300611,22.7,59.02
2003-03-31,1008.0,19.73,0.73,1.0,167.02,40.73,74.41,1.49,967.28,35.34,137.25,497.63,304.08,1017.63,918.84,2080.19,567.78,486.64,135.86,1257.33,179.46,1436.8,270.0,637.14,105.41,-13.44,-59.49,33.68,0.51,0.63,2.26,0.73,1.0,1.37,3.8,8.12,12.4,14.12,19.800000000000004,1.97,1.96,0.0,0.81,0.57,3,2003,27.027397260273975,27.027397260273975,19.73
2003-06-30,1005.1199999999999,14.190000000000001,0.5271049528301888,-0.0039658180408375186,132.79999999999998,23.690000000000005,61.349999999999994,2.08,981.4200000000001,9.519999999999996,69.71,645.34,378.75,1185.52,937.56,2278.75,613.36,634.73,151.21,1473.64,172.93,1646.57,270.0,623.98,-29.75,-24.79,-12.259999999999998,37.660000000000004,0.9860465116279068,0.9,2.64,1.26,1.0,0.79,2.493290094339623,4.936379716981133,9.10301886792453,10.27436320754717,13.38679245283019,1.71,1.68,0.0,0.8,0.55,6,2003,-0.10676233963905446,26.92063492063492,33.92
2003-09-30,1330.06,14.149999999999999,0.5210214270855003,0.008747164353571694,162.47000000000003,32.45,72.5,2.36,1297.61,22.959999999999994,94.16,739.49,418.38,1386.8,958.6,2480.38,680.98,691.26,168.06,1650.12,178.11,1828.23,273.71,641.96,-33.33,22.08,35.71,40.05,1.1295600706713782,1.01,2.85,1.77,1.0,0.56,2.284252132307052,4.627376742250884,8.819097149989599,9.713958810068648,13.74083628042438,1.45,1.44,0.0,0.84,0.59,9,2003,0.23755716976056007,27.15819209039548,48.07
2003-12-31,1456.4200000000005,18.749999999999993,0.07015115234959592,0.898390481553444,199.69,39.66999999999999,82.04000000000002,3.7,1416.7500000000005,41.650000000000006,108.98,929.89,314.99,1472.32,940.73,2578.34,724.57,694.6,161.38,1696.37,145.98,1842.35,337.15,724.15,1.480000000000004,-54.89000000000001,68.22,42.36999999999999,13.185813333333337,1.72,2.54,0.25,1.0,4.0,2.9070637533672543,6.409009278659082,10.359922178988324,11.21296019155941,17.375037413947915,1.4,1.39,0.0,0.87,0.68,12,2003,240.12180790960448,267.28,66.82
2004-03-31,1109.39,2.52,0.01,0.1,152.12,21.95,63.51,3.0,1087.44,17.62,96.9,746.16,331.63,1279.37,913.76,2372.07,374.27,723.02,147.92,1309.82,320.83,1630.65,337.15,726.66,185.64,-2.79,-194.92,41.56,75.0,1.39,2.24,0.01,0.1,10.0,0.44,3.96,1.3999999999999997,1.48,8.28,0.23,0.23,0.0,0.98,0.72,3,2004,25.200000000000003,252.0,2.52
2004-06-30,1157.72,5.0,0.013297872340425534,0.032978723404255304,159.71999999999997,19.570000000000004,62.89000000000001,2.42,1138.15,14.400000000000002,62.23,724.65,298.13,1173.64,897.01,2258.67,411.47,634.82,130.75,1240.75,301.96,1542.72,339.04,699.86,32.130000000000024,-23.7,-43.110000000000014,43.31999999999999,45.495999999999995,1.17,2.2,0.02,0.1,5.0,0.8776595744680853,4.867021276595745,2.845744680851064,3.031914893617021,10.851063829787236,0.33,0.33,0.0,0.95,0.71,6,2004,12.399999999999991,375.99999999999994,7.52
2004-09-30,1353.19,31.52,0.09688524590163936,-0.015573770491803267,213.11000000000007,54.660000000000004,96.91999999999999,2.04,1298.52,50.24999999999999,71.35,779.53,325.31,1282.22,890.12,2352.95,445.46,646.12,122.29,1307.85,299.6,1607.46,339.22,730.84,34.44999999999999,-19.290000000000003,-6.039999999999992,42.260000000000005,5.263959390862944,0.95,2.2,0.12,0.1,0.83,5.360983606557377,12.85344262295082,17.245573770491802,18.375901639344264,29.711475409836062,1.08,1.08,0.0,0.98,0.73,9,2004,-5.066666666666663,325.3333333333333,39.04
2004-12-31,1659.5599999999995,51.75000000000001,0.15389910783125899,0.0032492565260491325,268.2099999999999,86.68,131.29000000000002,2.28,1572.8799999999997,72.95,60.16,896.8,373.19,1412.87,869.19,2473.25,352.0,802.11,108.75,1394.45,281.56,1676.0,339.74,783.12,144.08,-21.159999999999997,-134.11,44.61,3.7017758454106278,0.99,2.14,0.27,0.1,0.37,8.367551492455117,16.507104306641704,26.425046811322833,27.47384073135808,38.64577596651614,1.73,1.72,0.0,1.01,0.75,12,2004,1.0925925925925952,336.25925925925924,90.79
2005-03-31,1313.18,25.4,0.07,0.13,211.63,44.66,87.56,2.76,1268.52,35.89,46.08,836.43,418.23,1375.85,839.95,2406.85,361.98,778.22,103.52,1320.35,254.65,1575.0,350.59,819.37,25.08,-27.86,-11.31,42.9,9.8575,1.18,1.92,0.07,0.13,1.86,4.24,7.4799999999999995,12.4,13.16,16.44,1.95,1.93,0.0,1.04,0.73,3,2005,47.171428571428564,362.8571428571428,25.4
2005-06-30,1450.1499999999999,31.0,0.08794326241134752,-0.0038196555217831513,218.17000000000002,57.61,100.88,2.56,1392.54,55.790000000000006,104.39,779.29,381.38,1352.11,809.14,2366.32,424.66,688.9,92.02,1308.58,235.88,1544.46,350.59,804.84,97.96000000000001,-26.520000000000003,-13.12,43.27,7.27741935483871,1.12,1.92,0.16,0.13,0.81,5.232624113475177,9.717730496453902,15.412056737588653,16.48936170212766,21.260283687943264,2.05,2.04,0.0,1.03,0.74,6,2005,-1.3464285714285609,352.5,56.4
2005-09-30,1728.08,63.32,0.17982626127631143,-0.00014116271299700588,255.32999999999998,99.77,143.49,2.62,1628.31,84.31,179.4,968.62,306.02,1518.81,808.16,2521.18,447.83,667.11,88.41,1405.96,225.18,1631.14,352.32,868.78,84.33999999999999,-3.75,-5.580000000000002,43.719999999999985,3.644350915982312,1.06,1.88,0.34,0.13,0.38,10.049114600735049,17.538349482124957,29.153010357500836,31.670578015369195,38.33472769796192,2.68,2.67,0.0,1.08,0.86,9,2005,-0.04970588235294571,352.1176470588235,119.72
2005-12-31,1370.5200000000004,53.379999999999995,0.151104563835933,0.0004223332313861511,212.22000000000003,84.85999999999999,130.45,2.68,1285.67,70.28999999999999,119.08,705.32,496.83,1401.92,836.53,2416.52,293.45,690.1,97.1,1224.95,232.21,1457.16,360.0,917.83,130.69,-6.32,-184.69,45.59,4.43451198950918,1.05,1.59,0.49,0.13,0.27,8.831907567879838,14.469032928942807,23.263935297515882,25.101860196418254,29.702839976891966,2.98,2.95,0.0,1.14,0.74,12,2005,0.14919567827131175,353.265306122449,173.1
2006-03-31,1520.52,96.87,0.27,0.23999999999999996,249.78,148.84,190.92,3.9,1371.68,249.78,82.72,871.33,363.58,1380.56,809.45,2352.22,145.33,715.06,84.15,1120.16,214.47,1334.64,360.0,1014.7,158.72,-18.81,-176.28,42.08,3.61,1.38,1.32,0.27,0.24,0.89,16.48,25.040000000000003,38.2,42.24,48.32,6.66,6.37,0.0,1.23,0.91,3,2006,86.10666666666665,358.77777777777777,96.87
2006-06-30,1395.27,12.789999999999992,0.034989968995075664,0.0044355279956228896,185.83,26.379999999999995,68.84,3.6,1368.8799999999999,-144.78,87.75,764.66,245.02,1172.88,775.69,2104.55,213.32,495.68,80.94,965.68,194.88,1160.56,360.0,941.09,52.879999999999995,-6.630000000000003,-41.19999999999999,42.46000000000001,25.721657544957015,1.38,1.23,0.3,0.24,0.8,2.430636512857923,3.657618092285243,5.435108517235087,5.859653474375339,7.179941637789527,3.86,3.76,0.0,1.21,0.96,6,2006,1.6213333333333537,365.53333333333336,109.66
2006-09-30,1530.17,72.22999999999999,0.2025251525647369,-0.005979877948210486,260.64,104.01000000000002,143.60000000000002,3.2,1426.1699999999996,97.86000000000001,42.97,980.5,366.19,1466.73,763.48,2385.56,287.14,684.63,78.62,1193.35,175.99,1369.33,360.0,1013.32,-91.36,-6.02,52.59,39.58999999999999,3.947287484424754,1.14,1.35,0.51,0.24,0.47,12.10385617681016,18.07636263675848,28.512364615976686,30.70440156138325,37.20109076914619,4.17,4.09,0.0,1.23,0.92,9,2006,-2.132705882352951,356.6470588235294,181.89
2006-12-31,1477.0500000000002,29.870000000000005,0.08322298828862865,0.0015167003711193498,203.01999999999998,40.329999999999984,80.59999999999997,4.14,1436.7300000000005,30.25999999999999,99.4,704.01,312.93,1169.38,749.76,2075.3,80.02,527.29,77.5,864.99,164.26,1029.24,360.0,1043.2,299.89,-23.5,-219.96000000000004,40.27000000000001,12.441874790759956,1.43,0.99,0.59,0.24,0.41,5.755081224027201,8.028902531167361,11.453740083112962,12.187230827351723,14.895504344540992,3.63,3.58,0.0,1.35,0.99,12,2006,0.5443668993020907,358.91525423728814,211.76
2007-03-31,1352.94,50.99,0.14,0.33,212.86,56.9,94.91,4.8,1296.04,47.12,101.01,832.37,234.99,1281.82,717.28,2158.45,154.5,517.12,76.21,916.19,145.23,1061.42,360.0,1094.19,-50.68,-1.81,54.1,38.01,8.5725,1.58,0.97,0.14,0.33,2.36,9.44,10.08,18.64,19.36,18.32,3.8,3.77,0.0,1.4,1.14,3,2007,120.19071428571428,364.21428571428567,50.99
2007-06-30,1305.1799999999998,43.410000000000004,0.1195614406779661,-0.0010337469733655573,227.88,63.809999999999995,100.67000000000002,4.4,1241.37,62.39000000000001,22.39,759.42,265.15,1136.31,684.52,1985.62,113.66,515.69,76.27,838.05,125.06,963.11,360.0,1018.8,103.36,-2.23,-179.75,36.86000000000001,9.19861782999309,1.55,0.95,0.26,0.33,1.27,8.73718220338983,10.852500000000001,17.051300847457625,17.713487288135596,19.3505593220339,3.57,3.55,0.0,1.36,1.04,6,2007,-0.3753296703296485,363.0769230769231,94.4
2007-09-30,1496.0500000000002,44.19,0.12116458618947976,0.0014781286251089024,233.76999999999998,69.2,103.53999999999999,4.24,1426.8500000000004,68.11,33.75,862.39,236.72,1193.23,659.18,2016.3,156.91,478.89,74.64,840.14,107.38,947.52,360.0,1062.99,-4.159999999999997,-8.420000000000002,23.940000000000012,34.33999999999999,8.750081466395113,1.44,0.89,0.38,0.33,0.87,8.762112706544483,11.006846092791688,16.631433725377008,17.026812901363733,20.597979652211556,3.35,3.34,0.0,1.42,1.14,9,2007,0.539089068825902,364.7105263157895,138.59
2007-12-31,1460.3500000000004,17.72,0.04874672125903653,-0.0010883736434682781,222.91999999999996,27.390000000000015,58.24000000000001,4.04,1432.96,25.629999999999995,60.53,841.42,259.76,1215.11,656.11,2048.42,97.56,509.86,69.2,867.25,95.06,962.31,360.0,1080.71,111.32999999999998,-7.43,-77.11,30.85000000000001,20.7295993227991,1.35,0.89,0.43,0.33,0.77,3.4598835647111508,4.779445972746465,6.557000831680635,6.674899878446676,8.343624848058344,2.79,2.78,0.0,1.4,1.1,12,2007,-0.3956364749082013,363.51162790697674,156.31
2008-03-31,1324.25,27.51,0.08,0.24,201.52,36.94,67.39,3.06,1287.31,27.08,64.51,783.19,246.94,1207.83,635.57,2027.07,114.32,480.89,66.36,812.56,102.54,915.09,360.0,1108.22,16.77,-9.41,-3.38,30.45,9.562500000000002,0.99,0.83,0.08,0.24,3.0,5.44,7.079999999999999,9.92,10.0,12.16,2.1,2.08,0.0,1.49,1.18,3,2008,82.53,343.875,27.51
2008-06-30,1394.94,45.05,0.12417309812568908,0.012519294377067258,218.04999999999998,65.44,95.10000000000001,2.8,1329.5,61.39,59.96,870.44,226.0,1253.8,608.44,2050.35,133.64,529.8,59.09,891.6,88.45,980.06,360.0,1066.86,86.22,-2.17,-88.59,29.66,5.637291897891233,0.94,0.92,0.2,0.24,1.2,8.791455347298786,12.591152149944874,16.887541345093712,17.28489525909592,21.95380374862183,2.68,2.67,0.0,1.41,1.15,6,2008,4.542000000000002,362.8,72.56
2008-09-30,1421.3700000000003,40.2,0.11051791415395532,0.0006214969847463535,211.79000000000002,56.349999999999994,82.73999999999998,2.6,1365.02,51.33000000000001,158.86,731.58,180.39,1161.55,589.45,1937.36,58.59,487.58,54.64,751.34,74.34,825.68,360.0,1107.07,193.25,-0.7599999999999998,-93.61000000000001,26.39,5.883435323383084,0.85,0.75,0.31,0.24,0.77,8.299538843561548,11.451081943951756,14.531323164242638,14.816530684639945,19.08038311457964,2.74,2.72,0.0,1.55,1.31,9,2008,0.22606451612902845,363.741935483871,112.76
2008-12-31,1461.3899999999994,25.230000000000004,0.06947894774983696,-0.00040339529044881465,194.39,34.05000000000001,60.56000000000003,2.22,1427.33,30.70999999999998,317.66,783.01,181.19,1350.31,565.69,2119.38,151.8,502.11,55.24,921.82,60.85,982.68,360.0,1132.29,81.70999999999998,-3.2200000000000006,80.32000000000001,26.510000000000005,7.985152596115735,0.71,0.87,0.38,0.24,0.63,4.761136314225669,6.765055438799914,8.915246032321184,9.12002608884702,11.774853250235525,2.48,2.46,0.0,1.46,1.27,12,2008,-0.14648556876061036,363.13157894736844,137.99
2009-03-31,1114.75,0.58,0.0,,151.41,6.79,30.88,2.3,1107.97,17.59,277.46,708.09,261.8,1411.28,560.98,2162.33,144.07,592.09,55.99,978.02,46.55,1024.57,360.0,1132.88,-18.59,-0.33,-21.28,24.09,0.0,0.73,0.9,0.0,0.2,0.0,0.12,1.2800000000000002,0.2,0.2,2.28,0.05,0.05,0.0,1.44,1.18,3,2009,inf,inf,0.58
2009-06-30,1207.0500000000002,11.75,0.028588807785888078,-inf,159.96,21.89,45.980000000000004,2.72,1185.1499999999999,21.779999999999998,226.3,708.98,220.88,1331.22,546.0,2069.04,207.4,474.26,56.58,959.33,31.88,991.2,360.0,1072.63,-30.05,1.72,-22.83,24.09,23.786406382978722,0.91,0.92,0.03,0.2,6.67,2.287104622871046,5.29845904298459,4.383617193836171,4.383617193836171,9.834549878345499,0.53,0.53,0.0,1.39,1.16,6,2009,-inf,411.0,12.33
2009-09-30,1441.4399999999996,36.15,0.09693688118811881,-0.020420792079207915,187.27999999999997,50.11000000000001,74.08999999999999,2.76,1391.33,54.46,205.23,776.4,227.38,1318.82,528.5,2037.41,213.64,479.51,57.41,904.32,17.97,922.3,360.0,1108.78,-11.579999999999998,-1.5799999999999998,-7.910000000000004,23.979999999999997,7.117775933609958,0.9,0.83,0.13,0.2,1.54,7.098762376237624,11.81138613861386,13.034282178217822,13.064108910891088,20.729579207920793,1.29,1.29,0.0,1.46,1.21,9,2009,-7.615384615384613,372.9230769230769,48.48
2009-12-31,1544.79,19.06000000000001,0.05361859638732605,-0.00981754401949839,194.23000000000002,31.86999999999999,54.160000000000025,2.66,1512.9300000000003,33.650000000000006,114.61,752.57,331.08,1272.28,515.75,2004.91,76.93,577.0,49.96,858.54,12.1,870.63,360.0,1127.83,65.78,-6.359999999999999,-150.03,22.290000000000006,12.40241343126967,0.85,0.77,0.19,0.2,1.05,3.8040983121113428,6.061723423156651,6.761587207580696,6.75029908202547,10.893041160793608,1.28,1.27,0.0,1.48,1.1,12,2009,-3.4898785425101124,355.47368421052636,67.54
2010-03-31,1342.81,30.74,0.09,0.1,178.11,45.58,67.45,2.5,1297.24,50.34,123.48,944.21,277.54,1486.94,497.21,2180.33,333.72,508.45,5.06,1006.08,10.8,1016.88,360.0,1158.57,-213.33,11.76,210.44,21.87,6.945,0.78,0.88,0.09,0.1,1.11,5.64,8.4,10.6,10.72,15.52,2.3,2.29,0.0,1.48,1.2,3,2010,34.15555555555556,341.55555555555554,30.74
2010-06-30,1205.65,11.940000000000001,0.03357075913776945,0.003967510153077164,155.19,21.019999999999996,42.11,2.64,1184.6200000000001,21.879999999999995,97.09,760.99,286.89,1263.86,478.21,1938.44,208.64,434.14,6.9,784.75,13.57,798.32,360.0,1134.5,127.97000000000001,4.200000000000001,-158.56,21.09,19.65996649916248,0.84,0.7,0.12,0.1,0.83,2.4618556701030934,3.7151640112464857,4.207535145267104,4.33062792877226,6.456776007497656,1.68,1.67,0.0,1.61,1.24,6,2010,1.4111111111111114,355.6666666666667,42.68
2010-09-30,1406.5900000000001,40.07,0.11137280966767371,0.0011440080563947575,195.04000000000002,55.45,74.38,2.82,1351.1399999999999,57.24000000000001,144.48,808.42,462.94,1523.99,490.57,2219.54,139.9,742.2,14.22,1016.8,22.26,1039.06,360.0,1174.58,116.56,-14.190000000000001,-54.980000000000004,18.93,6.329641876715748,0.86,0.88,0.23,0.1,0.43,7.224705740181268,11.098542598187311,13.655274924471298,14.042658610271904,19.659722054380666,2.1,2.09,0.0,1.5,1.04,9,2010,0.41159420289854864,359.7826086956522,82.75
2010-12-31,1699.12,41.959999999999994,0.11776120599791513,-0.0009733886965586075,237.76,58.980000000000004,78.19,2.96,1640.1400000000003,73.78999999999999,114.02,1104.89,271.33,1563.6,492.17,2264.88,271.27,572.01,21.4,1008.04,33.99,1042.03,360.0,1216.54,-170.67999999999998,-11.18,151.4,19.209999999999994,6.28602597712107,0.88,0.86,0.35,0.1,0.29,7.415591371983,11.412743164140805,13.794884131184347,14.319762649346483,19.38012990137118,2.22,2.21,0.0,1.55,1.28,12,2010,-0.34683229813663985,356.31428571428575,124.71
2011-03-31,1303.95,46.89,0.13,0.2,218.12,73.24,90.65,2.98,1230.71,83.18,47.8,1069.32,359.01,1661.9,525.68,2401.06,211.56,643.06,27.42,1079.67,122.83,1202.5,360.0,1192.62,14.28,-45.49,-35.02,17.41,5.73,0.9,1.01,0.13,0.2,1.54,7.799999999999999,12.799999999999999,15.720000000000002,15.96,22.16,3.61,3.6,0.0,1.54,1.21,3,2011,72.13846153846154,360.6923076923077,46.89
2011-06-30,1712.39,58.61,0.1611080568720379,0.0017047028800583272,242.36,94.61,111.78999999999999,3.1,1617.7799999999997,108.66999999999999,82.08,1105.93,331.56,1677.11,525.82,2406.65,284.39,589.3,30.49,1098.22,123.01,1221.24,360.0,1179.23,47.519999999999996,-14.759999999999998,1.5300000000000011,17.180000000000003,4.8105911960416305,0.95,1.04,0.29,0.2,0.69,9.733148815165878,17.177452132701426,19.888511848341228,20.266282464454974,28.510570616113743,3.51,3.5,0.0,1.53,1.23,6,2011,0.6201591511936329,363.7931034482759,105.5
2011-09-30,1684.7200000000003,65.05000000000001,0.1792641454119027,-0.000507485922825735,262.37,100.12000000000003,117.64999999999998,3.18,1584.6000000000004,108.26000000000002,111.2,1047.39,287.96,1582.6,511.84,2294.8,269.13,433.81,37.37,912.46,130.79,1043.25,360.0,1244.28,40.28,-7.349999999999994,-3.809999999999995,17.529999999999994,4.437446195234434,0.92,0.84,0.47,0.2,0.43,11.33559659923776,18.109492817355616,20.916693051890945,21.511697449428322,29.582398123717386,3.64,3.63,0.0,1.73,1.42,9,2011,-0.18415260454878535,362.87234042553195,170.55
2011-12-31,1509.7299999999996,-66.39000000000001,-0.18484158986175117,-0.002060251005000493,213.35000000000002,-55.940000000000026,-38.629999999999995,3.7,1565.67,47.43000000000001,124.02,1132.54,468.81,1780.0,498.19,2460.61,107.93,899.03,39.69,1066.38,209.39,1275.77,360.0,1177.89,181.03000000000003,-2.690000000000012,-165.51999999999998,17.31000000000001,-5.004826028016266,1.13,1.08,0.29,0.2,0.69,-10.784550691244243,-22.869366359447014,-22.53792626728111,-22.18099078341014,-38.77849078341015,1.68,1.68,0.0,1.67,1.23,12,2011,-0.7399853264856944,359.1724137931035,104.16
2012-03-31,1487.19,35.79,0.1,0.25,208.69,52.1,67.79,4.0,1435.09,56.79,119.41,1072.55,468.44,1827.02,500.38,2508.08,204.62,668.82,40.57,1171.72,206.9,1378.63,360.0,1123.68,-79.58,-16.01,90.98,15.69,10.0,1.28,1.23,0.1,0.25,2.5,5.72,8.48,12.76,12.36,15.6,2.42,2.41,0.0,1.56,1.16,3,2012,89.475,357.9,35.79
2012-06-30,1530.5700000000002,28.490000000000002,0.07977909147479775,-0.0005522713130055625,196.36,42.43,57.89999999999999,3.44,1488.1299999999999,28.990000000000002,106.83,1097.33,368.18,1813.88,489.97,2482.84,151.43,719.41,43.71,1114.09,210.6,1324.68,360.0,1152.18,126.09,1.5600000000000023,-140.24,15.47,10.779140049140047,1.07,1.15,0.18,0.25,1.39,4.59172993154947,6.861001866832608,9.892607342874923,9.768506533914126,12.250522713130058,2.14,2.13,0.0,1.63,1.3,6,2012,-0.19722222222220864,357.11111111111114,64.28
2012-09-30,1844.9099999999999,115.49000000000001,0.32121599821994773,0.0016888864165940352,271.73999999999995,139.95,156.37,3.38,1704.9699999999998,101.46000000000001,102.7,1282.29,271.76,1853.77,496.81,2528.1,186.76,698.95,43.14,1106.61,147.44,1254.05,360.0,1267.66,-12.149999999999999,-20.180000000000003,28.209999999999997,16.419999999999998,2.6306286258550524,0.96,0.99,0.5,0.25,0.5,18.270765978750628,24.977756021583136,36.438742838070866,36.77280747621962,42.4005117650331,3.74,3.7,0.0,1.68,1.43,9,2012,0.6072222222222194,359.54,179.77
2012-12-31,1583.6599999999999,40.78,0.11278984357288598,0.0013949217864429719,235.07000000000005,57.84,74.57999999999998,5.25,1525.8100000000004,47.31,184.09,1059.85,390.81,1784.08,472.11,2495.21,143.36,661.72,43.16,1028.03,151.42,1179.45,360.0,1308.44,137.55,-15.57,-40.59,16.739999999999995,11.641340730750368,1.44,0.9,0.61,0.25,0.41,6.538112899569258,8.727345273180685,12.469749263205621,13.120602131036044,14.732942189979598,3.46,3.42,0.0,1.74,1.36,12,2012,0.5043442622950778,361.55737704918033,220.55
2013-03-31,1584.0,50.69,0.14,0.35,210.31,57.0,72.69,6.05,1527.0,51.62,192.28,1335.48,384.86,2212.25,484.11,2921.06,515.46,610.2,41.45,1547.06,123.47,1670.53,360.0,1243.1,-341.55,-19.86,369.6,15.69,10.8025,1.75,1.34,0.14,0.35,2.5,6.96,8.4,16.32,17.12,16.6,3.24,3.2,0.0,1.43,1.18,3,2013,126.72499999999997,362.0714285714285,50.69
2013-06-30,1573.23,33.21000000000001,0.09104052443384984,0.002601311084624619,200.44,49.400000000000006,66.5,4.88,1523.8400000000001,48.690000000000005,113.78,1246.87,415.77,1886.68,494.44,2609.76,258.96,831.92,53.68,1173.34,153.34,1326.68,360.0,1276.3,292.36,-26.509999999999998,-344.34000000000003,17.1,13.402273411623002,1.38,1.04,0.23,0.35,1.52,5.0824362336114435,6.61825029797378,10.402369487485103,10.940696066746128,11.73235280095352,2.68,2.66,0.0,1.61,1.25,6,2013,0.9489130434782851,364.7826086956522,83.9
2013-09-30,1821.6799999999998,64.57,0.178310096315754,-0.0025715925629829998,266.91999999999996,90.53,107.78999999999999,4.54,1731.1399999999994,94.75999999999999,164.9,1023.63,386.46,1811.67,502.53,2525.24,158.69,546.96,51.21,1022.75,153.78,1176.53,360.0,1340.87,106.0,-6.310000000000002,-48.58,17.259999999999998,6.363492721077901,1.22,0.88,0.41,0.35,0.85,10.228910891089107,13.551567319997305,19.257490402101432,19.796769717788102,22.806296221458876,3.0,2.98,0.0,1.77,1.39,9,2013,-0.9312301166489902,362.1219512195122,148.47
2013-12-31,1805.75,55.83000000000001,0.15576651982378856,-0.003613946491887769,270.32000000000005,68.44999999999999,87.14000000000001,4.52,1737.3000000000002,84.69,157.6,1258.93,434.21,2049.36,494.48,2819.11,273.08,696.63,55.13,1258.77,155.14,1413.92,360.0,1396.71,-45.1,-25.029999999999994,62.83,18.689999999999998,7.2546077377753875,1.17,1.01,0.57,0.35,0.61,7.924963289280471,10.920052863436126,15.992029368575627,16.505785609397947,18.59360352422908,3.03,3.01,0.0,1.63,1.28,12,2013,-1.2953145057766164,358.421052631579,204.3
2014-03-31,1592.08,20.96,0.06,0.3,199.0,31.95,50.48,4.8,1560.14,34.5,78.98,1180.53,624.71,2086.69,490.77,2842.62,140.95,768.32,56.51,1370.01,159.48,1529.5,360.0,1306.43,-81.12,-16.64,19.13,18.53,20.0,1.32,1.17,0.06,0.3,5.0,2.96,4.44,6.4,6.56,8.68,1.32,1.32,0.0,1.52,1.07,3,2014,104.80000000000001,349.33333333333337,20.96
2014-06-30,1638.92,44.65,0.12249657064471879,0.012482853223593918,227.62,63.44,82.5,4.4,1575.47,65.54,143.85,1079.93,735.93,2184.32,481.28,2992.74,107.35,832.3,76.95,1398.16,237.52,1635.68,360.0,1350.7,54.370000000000005,-9.66,20.169999999999998,19.060000000000002,8.97821052631579,1.17,1.21,0.18,0.3,1.67,5.961499771376314,9.282517908855358,13.229629629629631,13.61073007163542,16.278433165675963,2.04,2.03,0.0,1.56,1.04,6,2014,4.549999999999983,364.5,65.61
2014-09-30,2222.4799999999996,49.349999999999994,0.13736951983298537,-0.004384133611691031,269.87,75.54,95.41,4.6,2146.94,79.46999999999998,129.31,1389.31,396.66,2163.19,484.31,3092.52,8.56,606.15,88.67,1417.96,268.34,1686.3,360.0,1400.05,-283.15,-25.109999999999996,293.71,19.869999999999997,8.374492401215807,1.18,1.2,0.32,0.3,0.94,6.3876826722338205,10.457254697286011,14.097546972860126,14.406628392484341,17.53178496868476,2.12,2.11,0.0,1.53,1.25,9,2014,-1.5750000000000028,359.25,114.96
2014-12-31,1627.4900000000007,61.06000000000002,0.16997727530962395,-2.130439722758293e-05,275.17999999999995,81.56,101.41000000000003,4.6,1545.9299999999994,32.54000000000002,147.88,1076.65,729.06,2199.79,468.54,3123.97,79.8,1034.29,97.83,1385.75,270.93,1656.69,360.0,1461.11,512.29,-5.430000000000007,-488.28999999999996,19.85,6.767228136259416,1.13,1.13,0.49,0.3,0.61,7.81201681627088,11.794341552096355,16.720213612089537,17.094857402567893,20.161386206112944,2.5,2.49,0.0,1.59,1.06,12,2014,-0.007653061224488056,359.2244897959184,176.02
2015-03-31,1866.72,61.11,0.17,0.3,277.41,86.49,106.03,4.84,1780.23,74.44,130.84,1316.79,576.69,2197.46,459.72,3135.33,381.0,822.01,97.48,1457.53,256.82,1714.35,360.0,1414.22,-262.36,-39.08,284.41,19.54,7.1175,1.23,1.21,0.17,0.3,1.76,7.799999999999999,11.56,17.28,17.96,20.6,3.29,3.27,0.0,1.51,1.11,3,2015,107.84117647058822,359.4705882352941,61.11
2015-06-30,1680.6299999999999,48.540000000000006,0.13280437756497948,0.004948901585257993,249.56,72.23,92.13,5.45,1608.4,58.55000000000001,167.68,1134.34,495.93,1982.71,458.08,2929.11,269.33,801.04,93.49,1209.78,248.25,1458.03,360.0,1462.76,299.67,-23.370000000000005,-239.47000000000003,19.9,10.261333436341161,1.34,1.0,0.3,0.3,1.0,6.622511627906977,9.491086183310534,13.28043775649795,13.79394801641587,16.343792065663475,3.11,3.09,0.0,1.64,1.23,6,2015,1.8088235294117965,365.50000000000006,109.65
2015-09-30,1737.9100000000003,58.53999999999999,0.1635876092514418,-0.00641239074855826,261.06999999999994,78.84,99.91999999999999,5.15,1659.0699999999997,66.91999999999999,224.45,990.81,669.06,2186.04,500.55,3186.86,275.05,767.48,95.3,1370.61,285.64,1656.24,360.0,1521.3,66.71,-52.66,42.72,21.080000000000005,7.872234369661772,1.22,1.09,0.47,0.3,0.64,7.3510006540222355,10.539218740709911,15.398118794220819,16.024624531779533,18.21043343837327,3.21,3.18,0.0,1.59,1.11,9,2015,-2.294680851063859,357.8510638297872,168.19
2015-12-31,1738.8000000000002,37.94999999999999,0.10493596584845248,0.003150616499012241,281.60000000000014,55.77999999999997,77.08000000000004,5.15,1683.0200000000004,46.50999999999999,214.58,1185.5,786.8,2361.39,525.9,3365.94,225.09,1160.76,103.19,1534.95,262.46,1797.41,360.0,1559.25,102.97000000000001,-25.950000000000003,-86.89999999999999,21.29999999999999,12.276057971014495,1.19,1.15,0.57,0.3,0.53,4.506723585912486,6.6569903948772655,9.735112059765207,10.051760939167552,11.797011739594447,2.95,2.93,0.0,1.54,1.03,12,2015,1.1394176931690936,361.64912280701753,206.14
2016-03-31,2354.31,69.45,0.19,0.3,318.55,98.09,121.12,5.15,2256.22,91.59,241.96,1379.77,423.78,2310.29,533.79,3319.59,47.84,1105.69,102.3,1527.34,279.89,1807.23,360.0,1504.62,249.93,-31.47,-189.74,23.03,6.7775,1.23,1.2,0.19,0.3,1.58,8.36,12.16,18.48,19.04,21.88,2.96,2.95,13.93,1.51,1.24,3,2016,109.65789473684211,365.5263157894737,69.45
2016-06-30,1598.77,40.81999999999999,0.114756506756144,-0.008279199858720021,238.70999999999998,48.72999999999999,71.21000000000001,5.45,1550.0300000000002,38.47,195.08,1085.81,531.61,2013.43,559.58,3012.46,114.68,934.65,98.71,1187.54,273.37,1460.92,360.0,1545.44,40.94999999999999,-32.92,-54.91,22.479999999999997,11.872529397354239,1.27,0.95,0.31,0.3,0.97,5.419468577128865,7.314801850004534,10.572405912759589,10.853744445452072,11.919869411444635,2.81,2.79,11.58,1.7,1.25,6,2016,-2.944991511035667,355.7096774193548,110.27
2016-09-30,1693.4300000000003,47.45,0.13237382703525236,0.0022972519695990566,250.75,68.75,91.86999999999998,5.0,1624.6899999999996,57.43000000000001,163.89,1071.52,363.24,1812.29,615.23,2817.84,186.43,659.26,95.27,963.37,252.7,1216.07,360.0,1592.88,-40.94,-28.239999999999995,38.0,23.119999999999997,9.439932560590092,1.13,0.76,0.44,0.3,0.68,6.739031194521938,8.640400710119199,11.913644433172712,12.19042607151915,13.983489728633021,2.81,2.79,11.38,1.88,1.5,9,2016,0.823460410557189,358.45454545454544,157.72
2016-12-31,2046.29,30.340000000000003,0.08389237477400831,0.0026538918913692634,245.12000000000012,35.599999999999994,63.0,5.2,2010.6900000000005,-8.01000000000002,179.35,1055.31,420.16,2057.47,664.24,3136.17,95.74,945.09,114.84,1213.34,294.48,1507.83,360.0,1623.16,396.76000000000005,-362.78000000000003,-18.519999999999982,27.400000000000006,15.496044825313115,1.15,0.93,0.52,0.3,0.58,3.8719557588003837,4.988369669254494,7.47932787408274,7.627752844836755,8.427957034988834,2.47,2.44,10.1,1.7,1.35,12,2016,0.9597902097901994,361.65384615384613,188.06
2017-03-31,1828.27,75.17,0.21,0.35,297.11,86.85,113.96,5.2,1741.42,70.21,84.12,1343.6,414.42,2047.75,639.86,3063.08,114.87,792.94,111.35,1090.35,269.36,1359.71,360.0,1698.42,-305.45,212.57,-2.34,27.11,6.19,1.1,0.8,0.21,0.35,1.67,9.8,10.88,17.72,18.76,17.6,4.15,4.11,20.29,1.88,1.5,3,2017,125.28333333333333,357.95238095238096,75.17
2017-06-30,1839.29,37.870000000000005,0.10385438782731776,0.006423979712196275,269.78999999999996,64.97,91.60000000000001,5.45,1774.31,52.870000000000005,61.31,1474.23,559.1,2276.86,618.74,3264.25,188.85,889.9,114.67,1395.06,254.24,1649.3,360.0,1610.29,-89.19,41.099999999999994,25.27,26.630000000000003,13.11884869289675,1.22,1.02,0.31,0.35,1.13,4.636595895258316,6.485874026893136,9.4071974522293,9.594805378627036,10.881259731068647,3.11,3.08,15.77,1.63,1.23,6,2017,2.342473118279571,364.6451612903226,113.04
2017-09-30,1952.7400000000002,69.3,0.19383020730503456,-0.006965894978186862,306.93000000000006,94.20000000000002,120.56,5.45,1858.5499999999997,85.83,77.11,1359.07,416.94,2052.98,606.15,3050.41,204.34,710.23,115.09,1116.82,247.99,1364.81,360.0,1679.6,96.32999999999998,-8.0,-72.53,26.359999999999992,7.031798701298702,1.17,0.81,0.51,0.35,0.69,9.09101678183613,12.7395853899309,16.509772951628822,16.93543928923988,19.337413622902268,3.27,3.24,17.8,1.84,1.46,9,2017,-2.4905123339658672,357.52941176470586,182.34
