,revenue,net_profit,eps,dps,gross_profit,ebit,ebitda,close_price,allowance_doubtful_accounts,expense,operating_profit,cash,account_receivable,inventory,current_asset,property_plant_equipment,total_asset,short_term_loan,account_payable,current_portion_long_term_debt,current_liability,non_current_liability,total_liability,paid_in_capital,total_equity,cash_flow_operation,cash_flow_investment,cash_flow_financing,depreciation,P/E,P/BV,D/E,EPS,DPS,DPR%,ROA%,ROAA%,ROE%,ROAE%,ROCE%,NPM%,NPMA%,TIE,CurrentRatio,QuickRatio,month,year,dividend,number_of_shares,return_old
2000-03-31,166.8,6.05,0.5,0.0,49.61,14.81,17.05,5.39,0.0,151.99,14.09,0.17,178.74,283.08,475.49,90.72,687.65,352.06,100.86,0.0,540.78,4.37,545.16,120.0,142.49,-2.15,-5.74,7.04,2.24,2.695,4.54,3.83,0.5,0.0,0.0,3.5199999999999996,0.0,17.0,0.0,40.32,3.65,3.63,0.0,0.88,0.36,3,2000,0.0,12.1,6.05
2000-06-30,160.07999999999998,-12.399999999999999,-1.03496062992126,0.0,43.459999999999994,-2.76,-0.5399999999999991,5.69,0.0,162.83999999999997,1.6400000000000006,0.28,171.38,288.26,478.45,88.53,684.81,358.95,99.19,0.0,551.11,4.45,555.56,120.0,129.25,-1.63,-5.959999999999999,7.7,2.2199999999999998,-1.3736995967741936,5.28,4.3,-0.53,0.0,0.0,-7.264251968503936,0.0,-38.35212598425197,0.0,70.37732283464565,-1.94,-1.94,0.0,0.87,0.35,6,2000,0.0,11.981132075471697,-6.35
2000-09-30,170.14,-16.65,-1.3899130434782607,0.0,42.74000000000001,-8.56,-6.250000000000002,4.61,0.0,178.69,-0.870000000000001,0.25,180.69,285.89,490.8,87.95,692.2,382.92,105.26,0.0,579.66,4.68,584.34,120.0,107.85,-22.099999999999998,-3.0700000000000003,25.129999999999995,2.3099999999999996,-0.8288288288288288,5.13,5.42,-1.92,0.0,0.0,-9.613565217391303,0.0,-61.764260869565206,0.0,8.976521739130433,-4.56,-4.63,0.0,0.85,0.35,9,2000,0.0,11.979166666666668,-23.0
2000-12-31,174.57000000000005,-28.1,-2.342583170254403,0.0,50.97999999999999,-17.380000000000003,-14.879999999999999,6.27,0.0,191.96000000000004,5.710000000000001,0.52,174.34,284.99,480.22,95.88,647.72,316.94,114.26,18.84,478.2,53.82,532.02,120.0,115.7,17.27,55.599999999999994,-72.59,2.5,-0.6683007117437723,6.51,4.6,-4.26,0.0,0.0,-17.35491193737769,0.0,-97.15671232876713,0.0,-18.014794520547945,-7.51,-7.61,0.0,1.0,0.41,12,2000,0.0,11.99530516431925,-51.1
2001-03-31,141.4,4.0,0.33,0.0,46.84,12.28,14.21,6.18,0.0,129.13,12.16,0.95,165.68,291.03,482.09,94.22,645.28,335.51,94.58,14.82,472.56,55.21,527.77,120.0,117.5,-15.18,-3.28,18.89,1.93,4.6775,6.31,4.49,0.33,0.0,0.0,2.48,7.36,13.6,12.32,28.44,2.83,2.83,0.0,1.02,0.4,3,2001,0.0,12.121212121212121,4.0
2001-06-30,140.35999999999999,-8.24,-0.6801886792452829,0.0,38.33,-1.5299999999999994,0.5199999999999996,7.65,0.0,141.88,-4.62,1.88,157.67,295.94,476.83,92.46,636.22,342.05,90.39,9.8,471.44,55.92,527.36,120.0,108.86,-3.030000000000001,3.04,0.9199999999999982,2.05,-2.8108009708737867,8.43,4.84,-0.35,0.0,0.0,-5.208301886792452,12.670943396226413,-30.239245283018867,-27.67396226415094,50.68377358490565,-1.54,-1.5,0.0,1.01,0.38,6,2001,0.0,12.114285714285716,-4.24
2001-09-30,153.14,7.12,0.5933333333333334,0.0,45.39,15.39,17.459999999999997,6.47,0.0,137.75,13.880000000000003,0.43,170.89,285.61,477.42,90.94,636.18,343.21,83.17,5.06,462.3,54.95,517.24,120.0,118.94,1.1099999999999994,2.12,-4.679999999999998,2.07,2.7262921348314606,6.53,4.35,0.24,0.0,0.0,4.45,38.96222222222222,23.93111111111111,25.117777777777782,148.63,0.68,0.66,0.0,1.03,0.41,9,2001,0.0,12.0,2.88
2001-12-31,166.36,1.7400000000000002,0.14311688311688311,0.0,43.00999999999999,9.149999999999999,11.670000000000002,6.76,0.0,157.21000000000004,0.129999999999999,0.82,170.89,285.06,471.05,90.09,639.16,322.02,110.83,19.33,477.02,35.43,512.44,120.0,126.72,30.740000000000002,1.2400000000000002,-31.82,2.5200000000000005,11.81551724137931,6.41,4.04,0.38,0.0,0.0,1.0846753246753247,8.255584415584417,5.498701298701299,5.739740259740261,32.79636363636364,0.79,0.77,0.0,0.99,0.39,12,2001,0.0,12.157894736842106,4.62
2002-03-31,152.29,12.58,1.05,0.0,47.74,18.55,20.22,7.35,0.0,133.74,10.6,0.56,160.8,300.84,482.36,60.31,636.66,298.65,113.3,19.52,474.24,27.42,501.66,120.0,134.99,4.88,1.84,-6.98,1.67,1.75,6.54,3.72,1.05,0.0,0.0,7.92,11.56,37.28,39.84,45.68,8.81,8.26,0.0,1.02,0.38,3,2002,0.0,11.980952380952381,12.58
2002-06-30,125.6,-2.3000000000000007,-0.19241245136186777,0.0,37.71,4.009999999999998,5.690000000000001,8.43,0.0,121.59,-1.6899999999999995,1.5,151.7,329.91,498.05,59.2,649.67,268.34,107.55,29.96,451.84,66.28,518.12,120.0,131.55,-27.419999999999998,6.08,22.28,1.6800000000000002,-10.950434782608692,7.69,3.94,0.86,0.0,0.0,-1.4140077821011678,-3.1412451361867713,-6.989494163424126,-7.65175097276265,-10.202334630350197,3.91,3.7,0.0,1.1,0.37,6,2002,0.0,11.953488372093023,10.28
2002-09-30,125.55000000000001,-5.299999999999999,-0.4469879518072287,0.0,38.129999999999995,1.4400000000000013,3.129999999999999,7.84,0.0,124.10999999999999,-0.33000000000000007,0.86,142.74,346.26,504.04,58.1,652.31,287.38,96.82,36.33,468.22,59.81,528.04,120.0,124.27,-16.560000000000002,-0.2599999999999998,16.18,1.69,-4.385688679245285,7.57,4.25,0.42,0.0,0.0,-3.2353413654618466,-15.878714859437748,-17.07068273092369,-17.45381526104417,-55.511646586345364,1.29,1.23,0.0,1.08,0.34,9,2002,0.0,11.85714285714286,4.98
2002-12-31,146.66000000000003,0.11999999999999922,0.010117647058823464,0.0,43.239999999999995,7.09,9.21,7.35,0.0,139.57,3.630000000000001,0.63,156.4,332.66,503.82,56.35,650.55,294.52,83.18,41.96,470.91,53.04,523.95,120.0,126.6,-11.839999999999996,2.0,9.610000000000003,2.12,181.6875000000012,6.97,4.14,0.43,0.0,0.0,0.07341176470588189,0.4536470588235265,0.3792941176470564,0.3792941176470564,1.6291764705882246,0.96,0.93,0.0,1.07,0.36,12,2002,0.0,11.86046511627907,5.1
2003-03-31,122.5,5.59,0.47,0.0,39.44,12.43,14.05,6.86,0.0,110.07,9.47,0.67,139.96,324.61,479.58,54.38,625.38,288.71,67.72,20.39,426.49,66.75,493.25,120.0,132.13,12.41,0.99,-13.36,1.62,3.6499999999999995,6.23,3.73,0.47,0.0,0.0,3.56,7.879999999999999,16.92,16.76,25.0,4.73,4.56,0.0,1.12,0.36,3,2003,0.0,11.893617021276595,5.59
2003-06-30,108.87,-3.55,-0.29583333333333334,0.0,32.120000000000005,2.9800000000000004,4.620000000000001,7.6,0.0,105.89000000000001,0.5599999999999987,2.3,136.22,333.22,487.68,53.28,641.36,291.37,79.58,20.4,440.38,62.89,503.27,120.0,138.09,1.4700000000000006,0.54,-0.39000000000000057,1.6399999999999997,-6.42025352112676,6.6,3.64,0.17,0.0,0.0,-2.2274509803921565,-16.636274509803922,-10.301960784313724,-10.510784313725491,-53.389215686274504,0.91,0.88,0.0,1.11,0.35,6,2003,0.0,12.0,2.04
2003-09-30,116.79000000000002,-1.76,-0.1257142857142857,0.0,36.78999999999999,4.66,6.34,7.16,0.0,112.11999999999998,2.3500000000000014,0.38,131.32,326.75,475.98,52.01,656.26,292.64,66.02,21.44,433.94,56.7,490.64,120.0,165.61,-5.460000000000001,1.2299999999999998,2.3200000000000003,1.6800000000000006,-14.23068181818182,5.19,2.96,0.02,0.0,0.0,-1.0057142857142856,-77.18857142857142,-4.274285714285714,-4.777142857142857,-227.03999999999996,0.08,0.08,0.0,1.1,0.34,9,2003,0.0,14.000000000000002,0.28
2003-12-31,139.97999999999996,6.64,0.5565317919075145,0.0,40.620000000000005,12.450000000000003,14.129999999999999,7.55,0.0,127.53000000000003,-0.27000000000000135,0.33,140.98,302.19,452.55,0.0,649.52,275.22,59.12,31.52,419.67,42.95,462.62,120.0,186.9,14.680000000000001,7.27,-22.009999999999998,1.6799999999999997,3.3896536144578318,4.85,2.48,0.58,0.0,0.0,4.106820809248555,19.190751445086704,14.20115606936416,16.92624277456647,54.30982658959538,1.48,1.42,0.0,1.08,0.36,12,2003,0.0,11.931034482758621,6.92
2004-03-31,119.65,6.01,0.5,0.0,37.32,11.35,12.96,7.45,0.0,108.31,7.5,1.25,129.89,295.39,434.59,37.99,612.59,250.78,64.66,30.28,398.25,38.62,436.86,120.0,175.72,31.59,-0.5,-30.16,1.61,3.7249999999999996,5.09,2.49,0.5,0.0,0.0,3.92,7.32,13.680000000000001,15.6,21.2,5.19,5.02,0.0,1.09,0.35,3,2004,0.0,12.02,6.01
2004-06-30,103.28999999999999,-5.29,-0.44083333333333335,0.25,31.529999999999994,-0.15000000000000036,1.7599999999999998,6.9,0.0,103.43,61.349999999999994,1.35,117.85,307.75,435.23,37.23,601.67,259.41,69.86,29.14,407.56,36.86,444.42,120.0,157.25,-1.25,-0.6299999999999999,1.9800000000000004,1.91,-3.9130434782608696,5.27,2.83,0.06,0.25,4.17,-3.5266666666666664,-52.9,-13.51888888888889,-14.400555555555556,-169.5738888888889,0.33,0.32,0.0,1.07,0.31,6,2004,3.0,12.0,0.72
2004-09-30,118.38,-2.08,-0.16823529411764704,0.007352941176470617,35.400000000000006,3.1900000000000013,4.589999999999998,7.0,0.0,115.19,-60.60999999999999,0.3,119.44,299.38,426.99,36.54,594.5,264.19,60.26,28.07,401.76,32.57,434.34,120.0,160.16,0.33000000000000185,-0.5,-0.8900000000000006,1.4,-10.402692307692309,5.24,2.71,-0.11,0.25,-2.27,-1.4070588235294117,14.070588235294116,-5.199999999999999,-5.077647058823529,45.69882352941176,-0.41,-0.4,0.0,1.06,0.32,9,2004,0.09090909090909127,12.363636363636365,-1.36
2004-12-31,127.10000000000002,-13.65,-1.1367421718854098,-0.007404154805887034,42.31,-8.290000000000001,-6.719999999999999,6.9,0.0,135.38,-4.4,0.42,140.95,293.76,443.51,35.91,604.1,274.51,71.76,25.71,426.19,32.84,459.03,120.0,145.07,-5.650000000000002,-0.8600000000000003,6.629999999999999,1.5700000000000003,-1.5174945054945055,5.71,3.16,-1.25,0.25,-0.2,-9.021185876082612,3.5284477015323117,-37.64890073284477,-32.88367754830113,12.476882078614258,-3.28,-3.2,0.0,1.04,0.35,12,2004,-0.08890909090909149,12.008,-15.01
2005-03-31,105.74,0.31,0.03,0.0,38.13,5.61,7.21,6.9,0.0,100.13,4.54,0.35,127.73,294.5,428.67,35.55,582.63,277.46,65.21,23.84,412.02,33.97,445.99,120.0,136.64,5.9,3.52,-9.49,1.6,57.5,6.06,3.26,0.03,0.0,0.0,0.20000000000000004,3.76,0.92,0.8000000000000002,13.16,0.3,0.29,0.0,1.04,0.33,3,2005,0.0,10.333333333333334,0.31
2005-06-30,96.11,-12.65,-1.0046191247974068,0.0,28.85,-7.36,-5.74,6.7,0.0,103.47,-3.58,0.93,116.47,301.01,423.28,35.29,578.93,273.05,63.33,22.54,393.44,29.35,422.79,149.51,156.14,-3.6400000000000006,1.4300000000000002,2.79,1.62,-1.6680948616600788,6.42,2.71,-0.98,0.0,0.0,-8.734035656401945,-1.2301458670988654,-32.393841166936795,-32.311831442463536,-3.854457050243112,-6.31,-6.11,0.0,1.08,0.31,6,2005,0.0,12.591836734693878,-12.34
2005-09-30,107.64000000000001,2.9499999999999993,0.21991480298189556,0.0,34.269999999999996,8.379999999999999,9.979999999999999,5.9,0.0,99.26000000000002,3.13,0.39,118.3,287.5,409.59,34.71,564.42,267.36,51.5,23.15,373.94,29.42,403.36,149.51,161.06,-0.3699999999999999,1.9699999999999998,-2.1499999999999995,1.6,6.7082796610169515,5.48,2.5,-0.7,0.0,0.0,2.0860489882854094,-1.4325878594249195,7.3263045793397215,7.351437699680508,-4.373162939297123,-3.14,-3.03,0.0,1.1,0.33,9,2005,0.0,13.414285714285716,-9.39
2005-12-31,75.0,-25.53,-1.8569931271477664,0.0,15.319999999999993,-19.76,-18.16,6.5,0.0,94.75999999999999,-21.62,0.61,88.07,293.66,385.14,29.7,541.57,261.4,60.74,22.03,377.4,27.24,404.64,149.51,136.93,10.94,-0.41000000000000014,-10.299999999999999,1.5999999999999996,-0.8753936545240893,7.1,2.96,-2.54,0.0,0.0,-18.86237113402062,-6.696872852233677,-74.5721649484536,-72.43735395189003,-23.395189003436425,-9.36,-9.08,0.0,1.02,0.24,12,2005,0.0,13.748031496062993,-34.92
2006-03-31,108.92,-3.63,-0.24,0.0,39.73,2.72,4.25,5.35,0.0,106.19,8.21,0.86,80.47,294.25,379.26,28.84,544.73,255.13,66.73,17.78,367.97,31.6,399.58,149.51,145.15,12.63,1.17,-13.56,1.53,-5.5725,5.51,2.75,-0.24,0.0,0.0,-2.68,1.92,-10.0,-10.32,6.16,-3.39,-3.33,0.0,1.03,0.23,3,2006,0.0,15.125,-3.63
2006-06-30,94.49999999999999,-1.7300000000000004,-0.11619402985074628,0.0,30.520000000000003,3.48,4.5600000000000005,4.8,0.0,91.02000000000001,-0.830000000000001,1.05,65.21,297.58,370.11,29.0,538.41,255.45,56.3,14.42,359.68,28.73,388.42,149.51,150.0,-1.7200000000000006,-0.20999999999999996,2.120000000000001,1.0799999999999998,-10.324971098265895,4.78,2.59,-0.36,0.0,0.0,-1.2910447761194033,1.4330597014925377,-4.6090298507462695,-4.518656716417911,4.479925373134329,-2.72,-2.63,0.0,1.03,0.2,6,2006,0.0,14.888888888888891,-5.36
2006-09-30,98.00000000000003,-6.1000000000000005,-0.4098603839441536,0.0,30.730000000000004,0.05999999999999961,1.7699999999999996,4.58,0.0,97.95000000000002,0.3100000000000005,0.61,65.07,291.33,363.79,33.27,534.37,262.32,51.85,9.97,361.42,30.43,391.85,149.51,142.52,-0.10999999999999943,-5.38,5.06,1.7100000000000004,-2.794549180327869,4.8,2.75,-0.77,0.0,0.0,-4.556369982547993,2.427225130890052,-17.11832460732984,-16.07504363001745,7.707504363001745,-3.9,-3.8,0.0,1.01,0.2,9,2006,0.0,14.883116883116884,-11.46
2006-12-31,111.80000000000001,1.0900000000000016,0.07252651880424311,0.0,39.27999999999999,7.23,12.549999999999999,2.84,3.57,104.57,132.57,0.56,83.24,290.82,380.52,34.39,557.5,262.92,64.19,11.03,379.11,28.65,407.76,149.51,149.74,2.379999999999999,-2.21,-0.21999999999999975,5.32,9.79917431192659,2.84,2.72,-0.69,0.0,0.0,0.7820250723240129,-1.0300867888138878,2.913674059787854,3.0398071359691468,-3.178553519768568,-2.58,-2.51,0.0,1.0,0.24,12,2006,0.0,15.028985507246377,-10.37
2007-03-31,104.47,2.69,0.18,0.0,35.63,8.57,10.23,3.1,0.0,95.9,6.58,0.65,74.8,289.36,370.74,33.92,540.94,259.65,61.31,11.18,368.59,27.58,396.17,149.51,144.77,5.47,-0.87,-4.51,1.66,4.305,3.2,2.74,0.18,0.0,0.0,2.0,6.32,7.4399999999999995,7.4399999999999995,19.88,2.66,2.57,0.0,1.01,0.22,3,2007,0.0,14.944444444444445,2.69
2007-06-30,101.16999999999999,0.08000000000000007,0.005487364620938633,0.0,29.339999999999996,5.799999999999999,7.5,4.0,0.0,95.37,-3.13,1.83,66.46,289.09,363.74,33.0,526.23,252.92,56.94,11.11,362.04,16.3,378.34,149.51,147.9,3.3999999999999995,5.78,-8.0,1.7,182.21406249999984,4.04,2.56,0.19,0.0,0.0,0.06122743682310475,0.31191335740072235,0.2160288808664262,0.21487364620938648,1.0108303249097481,1.43,1.35,0.0,1.0,0.21,6,2007,0.0,14.578947368421053,2.77
2007-09-30,100.29000000000002,-0.10000000000000009,-0.0067415730337078705,0.0,31.189999999999998,5.209999999999999,6.91,3.32,0.0,95.06999999999996,1.6899999999999995,0.55,71.55,283.97,361.09,31.97,522.9,255.66,53.82,10.96,361.54,22.3,383.83,149.51,139.07,-1.3599999999999994,0.7299999999999995,-0.6500000000000004,1.6999999999999997,-123.08699999999989,3.57,2.76,0.18,0.0,0.0,-0.07640449438202254,-0.5543071161048694,-0.2876404494382025,-0.28464419475655456,-1.8172284644194774,0.93,0.87,0.0,1.0,0.21,9,2007,0.0,14.833333333333334,2.67
2007-12-31,126.70999999999998,4.69,0.312241847826087,0.0,34.610000000000014,9.650000000000002,11.46,4.48,0.0,117.06,1.0200000000000005,0.79,90.29,269.12,365.25,31.14,527.45,247.09,58.64,12.01,363.6,18.27,381.88,149.51,145.57,10.83,-0.15999999999999925,-10.440000000000001,1.8100000000000005,3.5858422174840086,4.6,2.62,0.49,0.0,0.0,3.5684782608695653,13.738641304347825,12.897499999999999,12.693586956521742,45.47260869565218,1.82,1.7,0.0,1.0,0.26,12,2007,0.0,15.020408163265307,7.36
2008-03-31,120.68,14.74,0.99,0.0,37.88,19.98,21.6,3.8,0.0,100.71,8.02,0.72,82.68,267.78,355.48,30.27,507.74,215.07,65.37,8.96,332.11,17.57,349.68,149.51,158.06,18.95,16.38,-35.4,1.62,0.96,3.59,2.21,0.99,0.0,0.0,11.6,15.24,37.32,38.92,45.52,13.57,12.21,0.0,1.07,0.26,3,2008,0.0,14.88888888888889,14.74
2008-06-30,111.16,1.5699999999999985,0.10492335990190059,0.0,33.669999999999995,4.829999999999998,6.379999999999999,3.9,0.0,106.32000000000001,-3.2699999999999996,1.18,70.19,272.36,348.92,29.62,495.29,204.67,72.86,6.02,324.24,16.29,340.53,149.51,154.76,12.560000000000002,1.620000000000001,-13.719999999999999,1.5499999999999998,9.297738853503192,3.77,2.2,1.09,0.0,0.0,1.2667811158798272,1.8712936848559152,4.05832004904966,4.150729613733902,5.583077866339664,7.69,7.04,0.0,1.08,0.24,6,2008,0.0,14.963302752293576,16.31
2008-09-30,115.38000000000002,4.600000000000001,0.30798660927785754,0.0,35.89,8.830000000000002,10.440000000000001,3.9,0.0,106.54999999999998,4.550000000000001,0.44,69.7,274.73,349.37,29.26,494.86,211.48,69.34,2.52,323.54,15.73,339.28,149.51,155.58,-0.18000000000000327,-3.789999999999999,3.219999999999999,1.6100000000000003,3.170592391304347,3.75,2.18,1.4,0.0,0.0,3.722238163558108,5.816547106647539,11.82668579626973,12.48665710186514,17.28244858919178,6.56,6.02,0.0,1.08,0.23,9,2008,0.0,14.935714285714287,20.91
2008-12-31,131.78999999999996,0.5300000000000011,0.03534981343283589,0.0,43.58000000000001,5.530000000000001,7.119999999999997,3.8,0.0,126.25999999999999,3.4499999999999993,0.73,92.0,258.43,357.03,28.57,499.3,216.75,61.83,2.44,330.01,15.08,345.09,149.51,154.21,-0.33999999999999986,-1.0500000000000007,1.6799999999999997,1.5899999999999999,26.901132075471644,3.68,2.24,1.43,0.0,0.0,0.42419776119403074,0.7544589552238822,1.3744402985074655,1.4139925373134359,2.288097014925378,4.78,4.48,0.0,1.08,0.3,12,2008,0.0,14.993006993006995,21.44
2009-03-31,125.99,5.06,0.34,0.0,40.47,10.85,12.41,3.9,0.0,115.14,10.21,0.57,81.06,252.31,340.6,27.65,479.01,184.07,76.52,1.81,306.67,15.63,322.3,149.51,156.72,32.29,-0.17,-32.28,1.56,2.8675,3.72,2.06,0.34,0.0,0.0,4.24,8.8,12.92,12.84,25.2,4.05,4.02,0.0,1.11,0.29,3,2009,0.0,14.88235294117647,5.06
2009-06-30,110.48,0.27000000000000046,0.0182363977485929,0.0,35.92,2.2300000000000004,3.8000000000000007,4.0,0.0,108.24,-2.460000000000001,1.06,72.4,253.32,333.06,26.51,472.16,174.52,73.41,1.18,297.79,15.12,312.91,149.51,159.25,7.109999999999999,3.4899999999999998,-10.11,1.5699999999999998,54.82990740740731,3.76,1.96,0.36,0.0,0.0,0.22896810506566642,0.5470919324577871,0.6787992495309579,0.6869043151969993,1.5196998123827417,2.31,2.25,0.0,1.12,0.27,6,2009,0.0,14.805555555555557,5.33
2009-09-30,131.20000000000002,3.039999999999999,0.20339307048984465,0.0,38.349999999999994,4.8199999999999985,6.369999999999997,4.2,0.0,126.38999999999999,-8.24,0.55,80.28,248.9,335.49,25.62,481.27,175.88,75.15,0.55,297.85,14.24,312.09,149.51,169.18,-1.3099999999999952,0.06000000000000005,0.740000000000002,1.5499999999999998,5.162417763157896,3.71,1.84,0.56,0.0,0.0,2.5278853046594976,5.331804062126642,7.191397849462364,7.481959378733571,14.179402628434882,2.4,2.28,0.0,1.13,0.29,9,2009,0.0,14.94642857142857,8.37
2009-12-31,150.38999999999993,11.459999999999999,0.7686232980332829,0.0,50.989999999999995,18.509999999999998,20.07,6.7,0.0,131.89000000000004,15.71,0.6,109.82,234.09,350.17,25.32,500.29,168.29,77.5,0.0,299.85,13.48,313.33,149.51,186.96,8.29,-0.1499999999999999,-8.090000000000003,1.5600000000000005,2.180261780104712,5.36,1.68,1.33,0.0,0.0,9.154130105900151,16.828804841149772,24.52659606656581,26.861361573373678,42.00266263237519,4.0,3.83,0.0,1.17,0.39,12,2009,0.0,14.909774436090224,19.83
2010-03-31,154.42,18.92,1.27,0.0,48.91,24.71,26.28,9.75,0.0,129.72,10.4,0.56,92.37,233.56,332.5,25.02,484.72,135.8,91.99,0.0,275.79,7.97,283.76,149.51,200.96,35.66,-0.79,-34.91,1.57,1.9199999999999997,7.25,1.41,1.27,0.0,0.0,15.6,20.52,37.64,42.32000000000001,47.32,13.74,12.25,10.25,1.21,0.36,3,2010,0.0,14.897637795275593,18.92
2010-06-30,132.1,7.719999999999999,0.5158258258258257,0.35,41.05,9.269999999999996,10.759999999999998,14.5,0.0,122.83000000000001,5.76,1.14,85.0,241.05,333.2,24.66,494.69,140.02,84.72,0.0,274.02,6.38,280.4,149.51,214.29,-0.5899999999999963,4.18,-3.010000000000005,1.49,7.0309585492228,10.12,1.31,1.78,0.35,0.2,6.247867867867866,8.148888888888887,14.408348348348346,16.529609609609608,17.851051051051048,10.13,9.3,7.71,1.22,0.34,6,2010,5.238202247191011,14.96629213483146,26.64
2010-09-30,141.11,5.099999999999998,0.34064272211720215,0.00012637794439369505,47.55,9.370000000000005,10.810000000000002,18.6,0.0,131.72999999999996,8.66,0.6,90.65,242.81,339.64,23.8,510.93,133.58,90.27,0.0,275.87,4.88,280.75,149.51,230.18,7.770000000000003,0.25,-8.559999999999995,1.44,13.645088235294121,12.08,1.22,2.12,0.35,0.17,3.9913043478260857,5.617391304347824,8.863137996219278,10.219281663516064,11.851795841209826,7.92,7.42,6.64,1.23,0.35,9,2010,0.0018920924316301324,14.971698113207546,31.74
2010-12-31,166.83000000000004,15.570000000000004,1.03997463538364,-4.187554587752172e-06,59.920000000000016,20.32,21.749999999999993,15.9,0.0,146.51,19.369999999999997,0.91,123.52,226.64,356.76,24.92,528.08,149.53,91.93,0.0,281.37,2.35,283.73,149.51,244.36,11.129999999999995,-2.29,-8.530000000000001,1.4299999999999997,3.820958574181117,9.73,1.16,3.16,0.35,0.11,11.79515535827521,16.297324032974007,25.485960684844645,28.882333544705144,33.976892834495885,8.4,7.96,7.95,1.27,0.46,12,2010,-6.269405302106179e-05,14.971518987341772,47.31
2011-03-31,157.59,12.68,0.85,0.0,55.61,19.25,20.55,24.3,0.0,138.33,14.78,1.48,101.78,229.9,339.14,24.89,510.3,111.15,106.77,0.0,252.86,2.04,254.91,149.51,255.39,40.89,-0.89,-39.43,1.3,7.147499999999999,14.23,1.0,0.85,0.0,0.0,9.92,15.479999999999999,19.84,22.24,29.919999999999998,8.28,8.05,18.33,1.34,0.43,3,2011,0.0,14.91764705882353,12.68
2011-06-30,154.61999999999998,10.100000000000001,0.6739244951712028,0.7,52.33,15.770000000000003,17.179999999999996,20.2,0.0,138.85999999999999,5.5600000000000005,1.7,98.54,240.96,348.04,24.32,524.55,119.8,104.18,0.0,263.21,3.04,266.25,149.51,258.3,-0.6700000000000017,3.87,-2.990000000000002,1.41,7.493717821782177,11.69,1.03,1.52,0.7,0.46,7.69692712906058,12.183845478489904,15.642142230026343,17.096400351185252,23.764705882352946,7.66,7.3,15.7,1.32,0.41,6,2011,10.490789473684211,14.98684210526316,22.78
2011-09-30,154.79000000000002,9.32,0.6242367601246105,-0.002654123626824117,53.27000000000001,15.019999999999996,16.230000000000004,20.7,0.0,139.76999999999998,10.420000000000002,0.59,102.38,258.53,368.53,23.96,553.46,118.89,117.26,0.0,275.65,3.86,279.51,149.51,273.96,1.5799999999999983,-0.020000000000000018,-2.6599999999999966,1.21,8.291925965665238,11.3,1.02,2.15,0.7,0.33,6.7359501557632395,10.916884735202492,13.61126479750779,14.784249221183801,20.91628660436137,7.17,6.87,12.57,1.34,0.4,9,2011,-0.03962668298653682,14.930232558139537,32.1
2011-12-31,161.59000000000003,7.640000000000001,0.51138399597383,0.00045060334031669496,49.09,12.939999999999998,13.990000000000002,24.0,0.0,148.65000000000003,15.239999999999998,0.76,134.19,252.72,395.05,25.13,584.37,145.0,96.53,0.0,289.4,4.86,294.26,149.51,290.11,-24.409999999999997,0.2200000000000002,24.349999999999998,1.0499999999999998,11.729541884816753,12.37,1.01,2.66,0.7,0.26,5.229189733266231,8.705062908907902,10.535279315551083,11.435007549068947,16.418117765475593,6.5,6.32,10.97,1.37,0.49,12,2011,0.006731946144430623,14.93984962406015,39.74
2012-03-31,173.74,14.21,0.95,0.0,59.21,20.76,21.75,22.8,0.0,152.98,17.41,0.44,126.95,263.64,399.27,25.98,606.58,117.19,119.73,0.0,280.82,6.09,286.91,149.51,319.67,31.18,-1.52,-29.98,0.99,6.0,10.66,0.9,0.95,0.0,0.0,9.36,14.88,17.8,19.76,25.48,8.34,8.18,9.57,1.42,0.48,3,2012,0.0,14.957894736842107,14.21
2012-06-30,164.39999999999998,11.95,0.7994074923547401,0.75,53.88,15.370000000000001,16.53,23.0,0.0,149.03,8.579999999999998,2.45,114.38,281.52,410.47,26.51,619.17,131.78,119.28,0.0,292.44,6.95,299.39,149.51,319.78,-2.5,2.76,1.7600000000000016,1.16,7.191263598326361,10.75,0.94,1.75,0.75,0.43,7.729128440366972,11.548012232415902,14.94663608562691,16.53631498470948,20.209021406727828,7.98,7.74,9.53,1.4,0.44,6,2012,11.211428571428572,14.948571428571428,26.16
2012-09-30,162.8,8.66,0.5794887995404939,-0.00021908591121687005,54.879999999999995,13.099999999999994,14.229999999999997,24.0,0.0,149.71000000000004,9.23,0.77,123.91,297.46,430.41,26.09,676.92,149.96,115.74,0.0,305.6,8.19,313.79,149.51,363.14,-18.299999999999997,-0.11999999999999988,16.729999999999997,1.13,10.353521939953811,9.88,0.86,2.33,0.75,0.32,5.1134290637564614,7.958644457208501,9.54042504307869,10.873497989661114,13.191453187823091,7.15,6.95,9.4,1.41,0.44,9,2012,-0.0032740649908031827,14.944206008583691,34.82
2012-12-31,190.10999999999996,12.969999999999999,0.8684662063193136,-0.0004937104122382076,58.03999999999999,16.830000000000005,18.04,24.9,0.0,173.27999999999997,7.770000000000003,1.22,137.68,277.57,424.01,26.6,664.4,147.59,94.1,0.0,291.63,9.23,300.87,149.51,363.53,6.17,-1.37,-4.34,1.2100000000000004,7.16665767154973,10.24,0.83,3.2,0.75,0.23,7.805340029294831,11.485465578572922,14.275413266373718,15.871219920485455,19.236526469972794,7.15,6.92,9.15,1.45,0.5,12,2012,-0.007373256437769982,14.934375,47.79
2013-03-31,174.58,8.47,0.57,0.0,55.88,12.24,13.44,24.4,0.0,162.33,9.76,0.95,128.27,268.84,407.16,26.49,659.58,135.0,101.39,0.0,266.61,30.76,297.36,149.51,362.22,22.55,-0.89,-21.93,1.2,10.7025,10.07,0.82,0.57,0.0,0.0,5.12,7.72,9.36,9.92,12.44,4.92,4.85,6.65,1.53,0.52,3,2013,0.0,14.85964912280702,8.47
2013-06-30,172.14000000000001,13.35,0.893263061411549,0.75,56.15,16.32,17.560000000000002,19.7,0.0,155.83,4.65,3.09,118.92,272.26,406.5,26.29,645.73,132.9,102.4,0.0,268.0,28.33,296.33,149.51,349.4,13.190000000000001,3.77,-14.810000000000002,1.24,5.512205992509364,8.43,0.85,1.46,0.75,0.51,8.27186067827681,11.061778185151235,15.271127406049494,15.956370302474792,18.50155820348304,6.56,6.29,8.55,1.52,0.5,6,2013,11.20890410958904,14.945205479452055,21.82
2013-09-30,159.07999999999998,7.850000000000001,0.5238624873609707,0.0019841544662521976,54.06,10.640000000000004,11.880000000000003,19.4,0.0,148.44,6.550000000000001,0.72,114.86,277.77,401.91,26.1,630.35,112.97,102.63,0.0,245.8,29.59,275.39,149.51,354.96,8.75,10.34,-21.479999999999997,1.2400000000000002,9.260063694267515,8.17,0.78,1.98,0.75,0.38,4.9846309403437825,6.34984833164813,8.847455342096394,8.741624536568926,10.784159083249074,6.09,5.87,8.03,1.64,0.51,9,2013,0.029732254047324602,14.984848484848486,29.67
2013-12-31,189.00999999999993,7.089999999999996,0.47446681175190397,-0.0020959046394303255,61.900000000000006,8.549999999999997,9.79,18.2,0.0,180.45999999999992,5.919999999999998,1.18,147.22,263.33,420.48,26.15,642.73,114.96,104.69,0.0,257.33,33.3,290.64,149.51,352.09,0.7999999999999972,-1.2300000000000004,0.8900000000000006,1.2399999999999998,9.591819464033856,7.73,0.83,2.46,0.75,0.3,4.412927094668116,5.63959738846572,8.054363438520125,7.923210010881388,9.55877040261153,5.45,5.29,8.0,1.63,0.61,12,2013,-0.03131929046563364,14.94308943089431,36.76
2014-03-31,159.79,8.89,0.59,0.0,57.99,12.14,13.46,18.0,0.0,147.65,10.41,0.89,122.68,277.26,408.9,27.35,633.07,97.07,116.33,0.0,239.3,34.18,273.48,149.51,359.59,22.32,-3.49,-19.12,1.32,7.6274999999999995,7.48,0.76,0.59,0.0,0.0,5.6,7.519999999999999,9.88,9.84,12.32,5.62,5.56,9.87,1.71,0.55,3,2014,0.0,15.067796610169493,8.89
2014-06-30,147.45000000000002,3.74,0.24874109263657956,0.45,49.68,4.75,6.16,18.5,0.0,142.70000000000002,0.08000000000000007,0.81,101.38,295.32,406.72,26.68,627.21,98.27,115.75,0.0,237.96,35.01,272.97,149.51,354.24,4.620000000000001,1.7800000000000002,-6.48,1.41,18.590414438502673,7.81,0.77,0.84,0.45,0.54,2.3808076009501185,3.1388756927949326,4.228598574821852,4.252288202692003,5.140649247822644,4.2,4.11,7.75,1.71,0.47,6,2014,6.766071428571429,15.035714285714286,12.63
2014-09-30,155.95999999999998,5.889999999999999,0.39436285097192214,-0.0030199012650417105,55.39,8.030000000000001,9.559999999999999,20.0,0.0,147.92999999999995,5.16,0.61,112.19,288.82,410.55,26.62,639.74,123.92,89.91,0.0,237.89,36.79,274.69,149.51,365.06,-23.520000000000003,-1.13,24.450000000000003,1.5299999999999998,12.679439728353143,8.19,0.75,1.24,0.45,0.36,3.676479481641468,4.986781857451403,6.44974082073434,6.5387904967602575,7.887257019438444,4.08,4.0,7.37,1.73,0.51,9,2014,-0.04510368663594555,14.935483870967742,18.52
2014-12-31,184.66000000000003,10.260000000000002,0.6880403057678944,-0.0007111793584253397,60.96000000000001,13.949999999999996,15.450000000000003,23.7,0.0,170.72000000000003,6.770000000000001,0.56,138.35,268.38,414.93,27.12,635.94,100.9,93.56,0.0,223.89,37.5,261.38,149.51,374.56,12.659999999999998,11.34,-24.060000000000002,1.5,8.611559454191033,9.46,0.7,1.93,0.45,0.23,6.45973592772759,8.670020847810981,10.951605281445449,11.293842946490619,13.44708825573315,4.56,4.44,8.79,1.85,0.65,12,2014,-0.010605047634964393,14.911917098445597,28.78
2015-03-31,162.16,8.07,0.54,0.0,53.89,10.61,12.21,23.6,0.0,151.55,8.09,3.62,119.41,267.98,399.8,26.85,619.66,76.93,104.89,0.0,199.35,38.57,237.93,149.51,381.73,29.11,-1.35,-24.7,1.6,10.925,9.24,0.62,0.54,0.0,0.0,5.2,6.76,8.44,8.72,10.08,5.06,4.98,14.53,2.01,0.66,3,2015,0.0,14.944444444444445,8.07
2015-06-30,149.44000000000003,-0.11000000000000032,-0.007324120603015097,0.4,49.489999999999995,-0.2599999999999998,1.1399999999999988,22.6,0.0,149.7,-5.64,0.97,102.79,280.74,393.26,26.83,607.92,76.26,105.01,0.0,197.39,38.87,236.26,149.51,371.66,2.650000000000002,2.1,-7.390000000000004,1.4,-771.3963636363613,9.09,0.64,0.53,0.4,0.75,-0.07241206030150775,-0.09286432160804046,-0.1182914572864325,-0.1210552763819099,-0.1392964824120607,2.62,2.55,7.04,1.99,0.57,6,2015,6.007547169811321,15.018867924528301,7.96
2015-09-30,151.54999999999995,2.12,0.14091269841269843,0.0006888289907157514,54.81,3.01,4.500000000000002,20.0,0.0,148.52999999999997,1.0599999999999996,0.48,109.88,287.03,405.02,27.73,617.7,89.76,98.84,0.0,208.84,39.07,247.91,149.51,369.8,-10.98,-2.31,12.790000000000003,1.4900000000000002,35.48207547169812,8.09,0.67,0.67,0.4,0.6,1.3712698412698412,1.7834920634920637,2.2966666666666664,2.3050793650793655,2.750952380952381,2.22,2.18,6.13,1.94,0.56,9,2015,0.010363277949872796,15.044776119402984,10.08
2015-12-31,177.95000000000005,0.7200000000000006,0.048000000000000036,-0.0011940298507462069,58.0,1.540000000000001,3.009999999999998,15.1,0.0,176.42000000000007,3.01,0.55,132.61,263.9,405.2,28.29,610.9,89.5,93.08,0.0,207.96,36.99,244.95,149.51,365.95,2.6099999999999994,-1.46,-1.0799999999999983,1.4699999999999998,78.63749999999993,6.17,0.67,0.72,0.4,0.56,0.4720000000000004,0.6373333333333339,0.7866666666666673,0.7786666666666674,0.9866666666666675,1.72,1.68,4.98,1.95,0.68,12,2015,-0.017910447761193105,15.000000000000002,10.8
2016-03-31,168.08,5.38,0.36,0.0,55.88,7.15,8.22,15.6,0.0,160.92,3.86,0.74,126.82,261.76,398.13,27.91,616.56,72.96,106.68,0.0,196.98,38.07,235.06,149.51,381.51,18.06,-0.68,-17.19,1.07,10.8325,6.11,0.62,0.36,0.0,0.0,3.48,4.64,5.640000000000001,5.640000000000001,6.8,3.26,3.2,11.0,2.02,0.69,3,2016,0.0,14.944444444444445,5.38
2016-06-30,152.33,1.3100000000000005,0.08811659192825115,0.2,46.24,1.0899999999999999,2.8499999999999996,13.6,0.0,151.25000000000003,-5.04,0.95,111.32,276.87,399.02,28.05,619.97,70.13,113.04,0.0,199.63,38.95,238.58,149.51,381.39,4.350000000000001,2.17,-6.309999999999999,1.76,38.582404580152655,5.33,0.63,0.45,0.2,0.44,0.8459192825112111,1.049566517189836,1.370702541106129,1.3942002989536628,1.5351868460388645,2.15,2.09,7.23,2.0,0.61,6,2016,2.9733333333333336,14.866666666666667,6.69
2016-09-30,161.71999999999997,2.5599999999999996,0.17158918918918917,0.0007063063063063187,54.09,3.4299999999999997,4.91,15.1,0.0,158.27999999999997,1.3699999999999999,0.55,114.48,280.57,406.04,28.3,628.76,82.5,104.56,0.0,206.77,38.01,244.78,149.51,383.98,-10.81,-1.4,11.81,1.4799999999999995,21.995849609375004,5.88,0.64,0.62,0.2,0.32,1.6273297297297293,2.07014054054054,2.6679351351351346,2.712216216216216,3.0664648648648645,1.97,1.92,6.82,1.96,0.61,9,2016,0.010537634408602337,14.919354838709678,9.25
2016-12-31,191.14,5.27,0.3520592286501377,0.0006642673064960164,59.98999999999998,6.840000000000002,8.329999999999998,17.0,0.0,184.31,3.08,0.74,142.47,265.9,418.48,28.54,651.6,82.15,108.42,0.0,217.71,39.66,257.38,149.51,394.22,2.960000000000001,-1.78,-0.9900000000000002,1.4900000000000002,12.074743833017079,6.45,0.65,0.97,0.2,0.21,3.237493112947658,4.253746556473829,5.34258953168044,5.545840220385674,6.1991460055096415,2.21,2.16,7.91,1.92,0.7,12,2016,0.009943465247754801,14.969072164948454,14.52
2017-03-31,155.37,3.81,0.25,0.0,51.8,4.77,6.27,15.2,0.0,150.6,2.32,0.59,135.55,283.83,419.97,28.53,668.52,81.7,132.54,0.0,216.83,43.72,260.55,149.51,407.97,2.1,-1.17,-1.08,1.5,15.2,5.57,0.64,0.25,0.0,0.0,2.28,2.96,3.72,3.8800000000000003,4.24,2.49,2.45,7.57,1.94,0.63,3,2017,0.0,15.24,3.81
2017-06-30,153.11,1.2099999999999995,0.08195219123505974,0.22,44.99000000000001,0.8900000000000006,2.3900000000000006,15.3,0.0,152.22,-5.1899999999999995,3.33,121.78,292.03,417.15,28.68,666.07,96.4,123.56,0.0,220.31,43.38,263.69,149.51,402.38,-8.27,0.3699999999999999,10.64,1.5,46.673553719008275,5.68,0.66,0.34,0.22,0.65,0.7231075697211152,0.848446215139442,1.2051792828685255,1.2341035856573703,1.2244621513944218,1.67,1.63,4.04,1.89,0.57,6,2017,3.2482352941176464,14.764705882352938,5.02
2017-09-30,160.79999999999995,2.8900000000000006,0.19364096080910245,0.002355915817654513,51.89,4.140000000000001,5.65,15.1,0.0,156.66000000000003,2.06,0.48,135.19,285.08,420.75,28.91,685.22,104.42,116.07,0.0,222.15,45.97,268.12,149.51,417.11,-8.7,-1.4000000000000001,7.249999999999998,1.5099999999999998,19.494455017301032,5.41,0.64,0.53,0.22,0.42,1.6806573957016435,2.177547408343869,2.776738305941846,2.8790391908975983,3.0982553729456392,1.72,1.69,4.52,1.89,0.61,9,2017,0.035160932297447545,14.924528301886792,7.91
