,revenue,net_profit,eps,dps,gross_profit,ebit,ebitda,close_price,allowance_doubtful_accounts,expense,operating_profit,cash,account_receivable,inventory,current_asset,property_plant_equipment,total_asset,short_term_loan,account_payable,current_portion_long_term_debt,current_liability,non_current_liability,total_liability,paid_in_capital,total_equity,cash_flow_operation,cash_flow_investment,cash_flow_financing,depreciation,P/E,P/BV,D/E,EPS,DPS,DPR%,ROA%,ROAA%,ROE%,ROAE%,ROCE%,NPM%,NPMA%,CurrentRatio,QuickRatio,month,year,dividend,number_of_shares,return_old
2000-03-31,22.93,-35.69,-4.46,0.0,3.19,-0.83,3.19,4.6,0.0,23.76,-1.57,6.7,3.54,1.19,18.34,603.38,665.55,58.88,4.17,163.43,386.6,160.06,546.66,80.0,118.88,12.38,-0.22,-11.97,4.02,-0.2575,3.1,4.6,-4.46,0.0,0.0,-21.44,0.0,-120.08,0.0,-1.2,-160.84,-155.65,0.05,0.04,3,2000,0.0,8.002242152466367,-35.69
2000-06-30,19.479999999999997,25.879999999999995,3.2448929663608554,0.0,1.2200000000000002,-2.79,-0.25,4.6,0.0,22.279999999999998,-2.9899999999999993,6.77,3.27,0.91,17.61,599.27,650.83,8.68,3.68,6.49,141.87,367.14,509.01,80.0,141.82,0.34999999999999964,-0.21,-0.049999999999998934,2.54,0.3544184698608966,2.59,3.59,-1.23,0.0,0.0,15.934271151885829,-0.0,73.02328236493372,-0.0,7.492273190621812,-23.65,-23.13,0.12,0.12,6,2000,0.0,7.975609756097562,-9.81
2000-09-30,23.310000000000002,-2.039999999999999,-0.2547848101265822,0.0,3.34,-0.08000000000000007,3.27,4.0,0.0,23.380000000000003,-0.79,7.32,3.07,0.63,17.68,595.93,647.0,8.18,3.7,6.22,145.01,366.23,511.24,80.0,147.76,-8.29,-1.06,9.879999999999999,3.3500000000000005,-3.920955882352943,2.17,3.46,-1.48,0.0,0.0,-1.2601518987341769,0.0,-5.522632911392403,0.0,-0.5095696202531643,-18.5,-18.03,0.12,0.12,9,2000,0.0,8.006756756756756,-11.85
2000-12-31,23.22,0.5700000000000003,0.07125000000000004,0.0,4.1899999999999995,1.62,4.95,5.0,0.0,21.599999999999994,1.0,7.21,3.5,0.66,17.78,613.97,632.22,7.0,4.31,6.32,149.08,365.64,514.72,80.0,140.87,2.3899999999999997,-0.8299999999999998,-1.6599999999999997,3.33,17.563157894736833,2.84,3.65,-1.41,0.0,0.0,0.35978723404255336,-0.0,1.6190425531914903,-0.0,0.08691489361702132,-13.01,-12.68,0.12,0.11,12,2000,0.0,8.0,-11.28
2001-03-31,25.28,-3.44,-0.43,0.0,3.62,-0.17,3.14,5.0,0.0,25.46,-0.72,8.13,3.36,0.58,16.43,609.65,626.43,6.67,4.84,2.86,146.01,368.93,514.93,80.0,136.4,1.44,-0.01,-0.5,3.31,-2.9075,2.93,3.78,-0.43,0.0,0.0,-2.2,-0.12,-10.08,-10.8,-0.16,-13.91,-13.61,0.11,0.11,3,2001,0.0,8.0,-3.44
2001-06-30,30.259999999999998,-3.7600000000000002,-0.47000000000000003,0.0,4.749999999999999,0.25,3.5799999999999996,5.0,0.0,30.0,-1.78,9.3,3.72,0.64,15.5,606.59,622.44,6.86,5.23,2.82,149.02,368.84,517.86,80.0,131.61,2.41,-1.31,0.07,3.3299999999999996,-2.661702127659574,3.04,3.93,-0.9,0.0,0.0,-2.423111111111111,0.02088888888888889,-11.426222222222222,-11.008444444444445,0.04177777777777778,-13.6,-12.96,0.1,0.1,6,2001,0.0,8.0,-7.2
2001-09-30,30.580000000000005,-0.7199999999999998,-0.08999999999999997,0.0,6.98,1.71,5.090000000000001,6.0,0.0,28.869999999999997,2.47,9.8,4.07,1.8,17.47,603.38,621.19,6.11,6.3,2.78,150.52,368.76,519.28,80.0,129.84,2.5900000000000003,-1.22,-0.8800000000000001,3.38,-16.665000000000006,3.7,4.0,-0.99,0.0,0.0,-0.4618181818181817,0.1018181818181818,-2.2181818181818174,-2.0763636363636353,0.13818181818181816,-9.4,-9.2,0.12,0.1,9,2001,0.0,8.0,-7.92
2001-12-31,31.849999999999994,-3.6400000000000006,-0.4565743944636678,0.0,5.4,-0.55,6.99,10.2,0.0,32.400000000000006,-1.29,11.41,4.19,1.78,19.35,599.77,619.45,5.48,6.45,2.62,150.75,368.46,519.22,80.0,129.31,3.5200000000000005,-0.8199999999999998,-1.08,7.539999999999999,-5.581510989010988,6.31,4.02,-1.45,0.0,0.0,-2.3552941176470594,0.2519031141868513,-11.26006920415225,-10.781453287197234,0.3274740484429066,-10.02,-9.8,0.13,0.12,12,2001,0.0,7.972413793103449,-11.56
2002-03-31,34.94,-0.57,-0.07000000000000002,0.0,8.69,2.65,7.36,5.5,0.0,32.28,1.8,3.74,4.38,2.4,11.14,598.9,618.58,2.36,7.3,2.75,48.64,482.3,530.94,80.0,110.97,10.07,-3.82,-6.26,4.71,-19.6425,3.97,4.78,-0.07,0.0,0.0,-0.36,1.72,-2.04,-1.84,1.84,-1.67,-1.63,0.23,0.18,3,2002,0.0,8.14285714285714,-0.57
2002-06-30,16.54,7.3100000000000005,0.9110385756676559,0.0,3.2700000000000014,7.529999999999999,8.440000000000001,5.7,0.0,9.019999999999996,1.3499999999999999,3.83,3.77,1.48,38.99,361.36,408.47,0.9,5.86,5.11,17.11,293.24,310.35,80.0,98.12,-1.0099999999999998,1.5299999999999998,1.62,0.9100000000000001,1.5651367989056086,4.65,3.16,0.84,0.0,0.0,7.158160237388724,8.546409495548962,29.803976261127602,25.46569732937686,11.27952522255193,15.16,13.09,2.28,2.19,6,2002,0.0,8.023809523809524,6.74
2002-09-30,26.21,4.01,0.49985116279069763,0.0,9.379999999999999,5.68,7.710000000000001,7.95,0.0,20.53,5.34,4.68,8.7,1.72,43.15,359.55,411.01,0.6,6.38,5.42,16.72,291.9,308.62,80.0,102.39,5.27,-0.3900000000000001,-4.010000000000001,2.0300000000000002,3.9742830423940148,6.21,3.01,1.34,0.0,0.0,3.9092837209302322,4.580725581395348,15.666976744186044,13.816781395348835,5.998213953488371,15.29,13.84,2.58,2.48,9,2002,0.0,8.022388059701493,10.75
2002-12-31,18.290000000000006,-3.55,-0.44375,0.0,1.6600000000000001,-2.0,1.7899999999999991,7.5,0.0,20.290000000000006,-2.1900000000000004,5.78,7.35,2.42,43.39,357.95,409.21,3.14,6.43,6.51,20.6,289.51,310.11,80.0,99.1,1.9700000000000006,-1.7600000000000002,0.8900000000000006,3.789999999999999,-4.223661971830986,6.05,3.13,0.9,0.0,0.0,-3.471111111111111,-5.3052777777777775,-14.338055555555554,-12.424999999999999,-7.040833333333333,8.14,7.5,2.11,1.99,12,2002,0.0,8.0,7.2
2003-03-31,21.2,-2.93,-0.37,0.0,3.29,-1.32,1.56,7.4,0.0,22.52,-1.09,4.81,6.0,2.41,42.56,356.75,407.16,5.03,6.14,7.97,23.92,286.81,310.74,80.0,96.42,0.31,-1.77,0.49,2.88,-5.0,6.14,3.22,-0.37,0.0,0.0,-2.88,-1.04,-12.16,-11.32,-1.36,-13.93,-13.82,1.78,1.68,3,2003,0.0,7.918918918918919,-2.93
2003-06-30,19.44,-4.15,-0.5216807909604521,0.0,2.45,-2.6500000000000004,0.07999999999999985,7.0,0.0,22.080000000000002,-2.08,3.0,5.58,2.59,40.53,355.11,402.89,5.54,5.2,9.64,26.27,284.09,310.35,80.0,92.53,0.16999999999999998,-0.9899999999999998,-0.99,2.7300000000000004,-3.356602409638554,6.05,3.35,-0.89,0.0,0.0,-4.126553672316384,-2.2977401129943504,-17.936440677966104,-17.420621468926555,-2.461864406779661,-17.56,-17.42,1.54,1.44,6,2003,0.0,7.955056179775281,-7.08
2003-09-30,25.560000000000002,-1.9800000000000004,-0.246953642384106,0.0,4.629999999999999,-0.6699999999999995,1.9600000000000002,8.55,0.0,26.240000000000002,-5.27,0.47,26.28,4.03,32.54,355.12,395.03,5.31,5.14,11.3,27.26,276.95,304.21,80.0,90.82,1.75,-2.0200000000000005,-2.26,2.63,-8.65962121212121,7.53,3.35,-1.13,0.0,0.0,-2.001854304635762,-1.005298013245033,-8.72423841059603,-8.19973509933775,-1.1014569536423842,-14.78,-13.69,1.19,1.05,9,2003,0.0,8.017699115044248,-9.06
2003-12-31,23.489999999999995,-8.209999999999999,-1.0268442385639838,0.0,-0.5399999999999991,-6.840000000000001,-3.98,8.0,0.0,30.33,-10.290000000000001,4.88,19.58,2.21,28.57,352.92,389.65,4.25,4.62,14.23,29.39,277.39,306.78,80.0,82.87,3.4200000000000004,-0.6499999999999995,1.6399999999999997,2.8599999999999994,-1.9457673568818517,7.72,3.7,-2.16,0.0,0.0,-8.423925883034162,-5.457486971627098,-39.62858135495078,-36.09167342211928,-6.065987261146496,-21.23,-19.26,0.97,0.9,12,2003,0.0,7.995370370370369,-17.27
2004-03-31,20.56,-10.45,-1.31,0.0,0.49,-9.11,-6.34,8.0,0.0,29.67,-9.23,5.99,13.71,2.22,23.71,351.74,383.08,5.37,4.95,1.25,18.88,291.52,310.4,80.0,72.68,0.17,-0.97,1.91,2.77,-1.5275,8.81,4.27,-1.31,0.0,0.0,-10.92,-9.24,-57.52,-49.44,-10.0,-51.13,-50.83,1.26,1.14,3,2004,0.0,7.97709923664122,-10.45
2004-06-30,27.48,-8.990000000000002,-1.1237500000000002,0.0,7.46,-8.870000000000001,-6.07,8.5,16.51,36.349999999999994,6.2700000000000005,2.34,6.5,2.1,11.64,352.91,372.17,5.3,4.35,1.28,295.34,12.88,308.22,80.0,63.95,-0.32,-2.9000000000000004,-0.43999999999999995,2.8000000000000003,-1.8921023359288096,10.63,4.82,-2.43,0.0,0.0,-9.655925925925928,-8.583045267489712,-56.23374485596708,-45.967386831275725,-43.285185185185185,-41.76,-40.47,0.04,0.03,6,2004,0.0,8.0,-19.44
2004-09-30,24.660000000000004,0.7100000000000009,0.08870261612386557,0.0,6.419999999999999,1.2899999999999991,3.9700000000000006,8.5,0.0,23.370000000000005,-15.509999999999998,1.11,7.56,2.55,12.52,352.2,372.4,5.1,5.03,279.3,293.02,14.46,307.48,80.0,64.92,-0.89,-1.9699999999999998,1.64,2.6799999999999997,23.94010563380279,10.47,4.74,-2.34,0.0,0.0,0.7626908702616133,0.6595835557928464,4.374479444741063,3.6466631073144735,3.1887453283502443,-26.41,-25.76,0.04,0.03,9,2004,0.0,8.004273504273504,-18.73
2004-12-31,16.75999999999999,-7.780000000000001,-0.9713994718973973,0.0,-3.0199999999999996,-6.799999999999997,-4.35,6.5,0.0,23.560000000000002,-6.890000000000001,0.61,2.86,2.61,6.61,350.42,365.33,5.58,4.66,279.48,294.27,13.67,307.94,80.0,57.4,0.050000000000000044,-0.6699999999999999,0.13000000000000034,2.4499999999999993,-1.6696529562982003,9.06,5.36,-3.31,0.0,0.0,-8.522489626556016,-7.301637118068654,-54.21054696341004,-44.37329309694455,-38.809023010184845,-30.27,-29.63,0.02,0.01,12,2004,0.0,8.009063444108762,-26.51
2005-03-31,21.59,-1.87,-0.23,0.0,2.87,-1.73,0.53,8.2,0.0,23.32,-1.78,2.93,2.36,2.52,7.92,349.27,365.46,5.42,4.39,279.16,296.18,13.49,309.68,80.0,55.78,3.83,-1.11,-0.4,2.26,-8.912499999999998,11.76,5.55,-0.23,0.0,0.0,-2.04,-1.84,-13.4,-11.64,-10.0,-8.68,-8.66,0.03,0.02,3,2005,0.0,8.130434782608695,-1.87
2005-06-30,27.62,4.11,0.51375,0.0,7.8999999999999995,4.24,6.529999999999999,8.0,0.0,23.380000000000003,4.19,2.06,3.26,2.93,8.41,349.91,366.6,4.94,4.71,276.83,293.26,13.19,306.45,80.0,60.16,4.92,-2.9299999999999997,-2.86,2.29,3.8927493917274942,10.64,5.09,0.28,0.0,0.0,4.476964285714286,4.990714285714286,27.302142857142858,26.494821428571427,25.100357142857142,4.56,4.55,0.03,0.02,6,2005,0.0,8.0,2.24
2005-09-30,28.940000000000005,4.74,0.5908022922636103,0.0,6.760000000000002,4.87,7.22,8.0,0.0,24.060000000000002,2.3599999999999994,0.77,6.39,2.45,9.84,350.77,368.89,5.27,4.36,0.5,290.34,13.39,303.73,80.0,65.16,2.960000000000001,-3.2,-1.04,2.3500000000000005,3.3869198312236284,9.82,4.66,0.87,0.0,0.0,5.133868194842407,5.405501432664757,29.09191977077364,29.14624641833811,25.53352435530086,9.24,8.93,0.03,0.03,9,2005,0.0,8.022988505747128,6.98
2005-12-31,30.709999999999994,195.88000000000002,24.48741398008479,0.0,2.4599999999999973,-7.39,-2.4799999999999986,16.9,0.0,38.11,-7.67,4.17,4.43,2.69,11.6,413.49,434.13,5.18,6.68,10.36,34.72,83.29,118.0,80.0,316.13,6.869999999999997,-2.6999999999999993,-0.7800000000000002,4.91,0.17346870532979372,4.28,0.37,25.36,0.0,0.0,180.48846297939465,-0.0,247.8481632653061,419.53042689539586,-0.0,191.76,186.35,0.33,0.26,12,2005,0.0,7.999211356466878,202.86
2006-03-31,30.73,0.85,0.11,0.0,5.02,2.55,6.77,14.8,0.0,28.18,0.67,5.66,4.08,3.17,13.61,411.76,434.71,7.15,6.87,6.07,31.35,79.81,111.16,80.0,323.54,1.17,-2.57,2.9,4.22,33.6375,3.66,0.34,0.11,0.0,0.0,0.8,2.56,1.04,1.8,2.52,2.95,2.77,0.43,0.33,3,2006,0.0,7.727272727272727,0.85
2006-06-30,34.47,2.48,0.29789789789789795,0.0,7.9,4.24,8.58,12.0,0.0,30.229999999999997,4.01,7.3,8.63,3.98,34.54,409.67,455.06,6.68,8.03,4.6,28.82,79.53,108.35,100.0,346.71,2.43,-17.77,16.96,4.340000000000001,10.070564516129032,3.46,0.31,0.4,0.0,0.0,2.174654654654655,4.915315315315315,2.85981981981982,4.885525525525525,4.736576576576577,5.29,5.11,1.2,1.06,6,2006,0.0,8.325,3.33
2006-09-30,31.36999999999999,-2.91,-0.34642857142857153,0.0,4.360000000000001,-1.13,3.2200000000000006,12.3,0.0,32.5,-1.1999999999999997,2.5,10.12,4.09,34.25,409.9,453.15,8.45,7.23,4.52,30.8,77.85,108.65,100.0,344.5,0.25,-5.75,0.7100000000000009,4.35,-8.876288659793813,3.57,0.32,0.05,0.0,0.0,-2.494285714285714,-38.245714285714286,-3.3257142857142856,-5.82,-37.13714285714286,0.45,0.43,1.11,0.98,9,2006,0.0,8.399999999999999,0.42
2006-12-31,33.77000000000001,-5.36,-0.5859109311740891,0.0,2.539999999999999,-3.6,0.8000000000000007,12.6,0.0,37.360000000000014,-3.78,1.4,6.46,2.9,25.97,411.25,449.46,7.53,7.61,4.63,33.66,75.98,109.64,100.0,339.83,5.09,-3.5700000000000003,-2.629999999999999,4.399999999999999,-5.375475746268656,3.71,0.32,-0.54,0.0,0.0,-4.774089068825911,2.0398380566801615,-6.293117408906883,-6.553522267206478,2.1700404858299596,-3.87,-3.79,0.77,0.69,12,2006,0.0,9.148148148148149,-4.94
2007-03-31,33.06,-2.09,-0.21,0.07,5.3,-0.4,3.75,13.5,0.0,33.46,-0.58,2.3,6.46,3.39,25.01,412.07,450.76,9.74,8.49,4.7,38.26,74.09,112.35,100.0,338.41,0.1,-0.26,1.07,4.15,-16.0725,3.99,0.33,-0.21,0.07,-0.33,-1.8400000000000003,-0.36,-2.48,-2.52,-0.4,-6.37,-6.32,0.65,0.57,3,2007,0.6966666666666668,9.952380952380953,-2.09
2007-06-30,37.25999999999999,8.629999999999999,0.8577217125382263,0.0007594291539245672,12.91,10.38,9.28,15.0,0.0,26.880000000000003,9.61,4.75,6.37,3.46,16.26,341.21,378.51,10.5,8.2,4.76,37.69,59.82,97.51,100.0,281.0,7.7700000000000005,-0.78,-4.54,-1.1000000000000005,4.372630359212051,5.34,0.35,0.65,0.07,0.11,9.1314373088685,12.615107033639143,12.298409785932721,10.978837920489296,15.465382262996942,9.43,9.3,0.43,0.34,6,2007,0.007641025641025645,10.061538461538461,6.54
2007-09-30,34.040000000000006,-1.5999999999999996,-0.1587044534412955,0.00013952039862971338,7.399999999999999,-0.2400000000000002,1.540000000000001,15.5,0.0,34.28999999999999,-0.4599999999999991,5.85,6.7,3.53,19.2,343.42,375.41,3.56,9.36,7.18,32.65,63.34,95.99,100.0,279.42,-1.25,3.35,-1.0100000000000002,1.7800000000000002,-24.41440625000001,5.55,0.34,0.49,0.07,0.14,-1.710121457489878,-3.044534412955465,-2.293117408906882,-2.0469635627530356,-3.679352226720646,4.79,4.73,0.59,0.48,9,2007,0.0014065934065934371,10.081632653061225,4.94
2007-12-31,41.85000000000001,2.8999999999999995,0.28852040816326524,-0.00021137026239067422,13.32,4.369999999999999,6.23,16.0,0.0,37.47,4.469999999999999,2.91,8.6,3.91,23.02,346.56,378.47,6.51,8.85,7.26,34.49,61.69,96.18,100.0,282.29,2.3899999999999997,-6.699999999999999,1.3800000000000003,1.8600000000000003,13.861931034482762,5.67,0.34,0.78,0.07,0.09,3.0627551020408155,5.045408163265305,4.113265306122448,3.728571428571428,6.066326530612244,5.41,5.36,0.67,0.55,12,2007,-0.0021245421245421614,10.051282051282051,7.84
2008-03-31,38.62,2.57,0.26,0.0,9.68,3.81,5.65,16.0,0.0,34.8,3.3,2.82,7.92,4.29,26.18,348.88,384.23,3.55,9.49,7.35,41.29,59.78,101.07,100.0,283.16,9.04,-3.86,-5.28,1.84,15.385,5.65,0.36,0.26,0.0,0.0,2.68,3.64,3.64,3.32,4.44,6.76,6.65,0.63,0.53,3,2008,0.0,9.884615384615383,2.57
2008-06-30,43.970000000000006,5.74,0.5733092659446449,0.17,12.48,7.039999999999999,9.33,14.5,0.0,36.94,6.19,4.27,6.28,4.2,27.71,353.64,389.96,6.41,9.73,7.16,36.54,64.52,101.06,100.0,288.9,0.030000000000001137,-5.440000000000001,5.76,2.29,6.322983449477352,5.02,0.35,0.83,0.17,0.2,5.885054151624549,7.791480144404331,7.957256317689531,8.06777376654633,8.482214199759325,10.23,10.06,0.76,0.64,6,2008,1.7020481927710849,10.012048192771086,8.31
2008-09-30,37.55,-4.15,-0.4189903846153846,-0.0018414040778498872,3.8500000000000014,-2.719999999999999,-0.20000000000000107,18.0,0.0,40.27000000000001,-2.9400000000000004,2.98,7.45,4.5,19.16,359.31,387.2,10.32,12.38,7.09,39.62,62.82,102.44,100.0,284.75,-0.7699999999999996,-2.5699999999999985,2.05,2.5200000000000005,-10.740819277108434,6.32,0.36,0.42,0.17,0.4,-4.269711538461539,-8.49951923076923,-5.825961538461539,-5.865865384615384,-9.3375,3.52,3.46,0.48,0.37,9,2008,-0.01823866896156079,9.904761904761905,4.16
2008-12-31,44.8,-2.9000000000000004,-0.29920634920634925,-0.003726379440665174,8.620000000000001,-1.370000000000001,1.3400000000000016,15.5,0.0,46.15999999999998,-2.24,2.92,7.56,4.11,23.26,360.07,392.29,12.16,12.34,7.79,48.52,61.91,110.43,100.0,281.86,-0.7900000000000009,-0.9000000000000004,1.6300000000000003,2.709999999999999,-12.950844827586206,5.5,0.39,0.13,0.17,1.31,-2.9460317460317462,-16.111111111111114,-4.142857142857143,-4.142857142857143,-18.13650793650794,0.78,0.76,0.48,0.39,12,2008,-0.0361172161172163,9.692307692307692,1.26
2009-03-31,42.3,0.15,0.01,0.0,7.32,1.59,4.52,13.1,0.0,40.72,1.06,1.9,8.81,3.98,25.51,362.24,396.89,13.06,9.11,10.23,56.21,58.68,114.89,100.0,282.0,-6.91,-2.21,8.2,2.93,327.5,4.65,0.41,0.01,0.0,0.0,0.16,1.64,0.2,0.2,1.88,0.36,0.35,0.45,0.38,3,2009,0.0,15.0,0.15
2009-06-30,45.25,2.73,0.27489583333333334,0.05,10.079999999999998,4.15,6.9,12.9,0.0,41.09,3.72,4.74,8.7,4.16,26.41,361.77,397.59,13.36,9.26,10.78,57.46,55.9,113.35,100.0,284.24,9.89,-4.61,-2.4399999999999995,2.7499999999999996,11.73098901098901,4.54,0.4,0.29,0.05,0.17,2.73,5.535833333333333,3.829583333333334,3.7916666666666665,6.407916666666667,3.33,3.29,0.46,0.39,6,2009,0.4965517241379311,9.931034482758621,2.88
2009-09-30,52.14999999999999,4.45,0.4431787175989086,0.0005480547584325189,13.060000000000002,5.85,9.03,11.1,0.0,46.31,5.259999999999999,3.32,10.95,4.72,30.16,361.78,402.49,11.11,10.52,10.81,60.67,53.14,113.81,100.0,288.68,6.73,-3.1799999999999997,-4.97,3.1799999999999997,6.26344382022472,3.85,0.39,0.73,0.05,0.07,4.419645293315144,7.139427012278309,6.168076398362892,6.216643929058663,8.232196452933152,5.31,5.25,0.5,0.42,9,2009,0.005503070382616937,10.04109589041096,7.33
2009-12-31,50.22,1.7300000000000004,0.1737637969094923,-0.000427137197979988,14.869999999999997,3.8000000000000007,7.080000000000002,12.2,0.0,46.400000000000006,3.0700000000000003,6.66,11.57,5.46,28.59,361.07,400.38,10.5,12.37,11.16,59.03,50.93,109.96,100.0,290.42,12.419999999999998,-2.3599999999999994,-6.71,3.280000000000001,17.557023121387278,4.2,0.38,0.91,0.05,0.05,1.7261810154525388,2.9635320088300228,2.3830463576158945,2.421236203090508,3.444724061810155,4.83,4.77,0.48,0.39,12,2009,-0.00425259671835021,9.956043956043956,9.06
2010-03-31,50.16,2.36,0.23999999999999996,0.0,12.61,4.37,7.63,15.0,0.0,45.79,3.67,3.4,14.67,4.3,27.88,358.99,398.8,12.55,10.3,11.32,57.99,48.03,106.02,100.0,292.78,0.24,-2.82,-0.69,3.26,15.625,5.12,0.36,0.24,0.0,0.0,2.36,4.4,3.24,3.28,5.12,4.77,4.7,0.48,0.41,3,2010,0.0,9.833333333333334,2.36
2010-06-30,52.290000000000006,0.69,0.06786885245901639,0.25,11.09,2.3899999999999997,5.79,13.2,0.0,49.9,1.1799999999999997,7.89,13.54,4.98,33.45,360.2,402.61,16.68,11.24,11.49,66.52,45.11,111.64,100.0,290.97,3.83,-0.22999999999999998,0.8999999999999999,3.4000000000000004,48.6231884057971,4.54,0.38,0.3,0.25,0.83,0.6877377049180328,1.529311475409836,0.9501639344262296,0.9592131147540984,1.8188852459016394,3.03,2.98,0.5,0.43,6,2010,2.5416666666666665,10.166666666666666,3.05
2010-09-30,62.760000000000005,6.2700000000000005,0.6256545064377683,-0.0036212446351931186,20.400000000000002,10.19,13.69,12.0,0.0,52.56999999999999,9.76,8.07,17.48,4.73,40.66,359.35,409.85,18.8,12.0,11.6,70.4,42.21,112.61,100.0,297.24,5.07,-3.21,-1.67,3.5,4.79377990430622,4.04,0.38,0.93,0.25,0.27,6.108540772532189,11.221416309012875,8.44969957081545,8.557339055793992,13.428025751072962,5.72,5.64,0.58,0.51,9,2010,-0.03629032258064502,10.021505376344086,9.32
2010-12-31,51.03,-1.3200000000000003,-0.13200000000000003,-0.0005376344086021501,18.54,-0.07000000000000028,3.469999999999999,12.0,0.0,51.10000000000002,15.629999999999999,6.19,15.06,5.46,34.57,363.96,408.37,15.59,10.99,11.72,73.18,39.26,112.45,100.0,295.92,2.84,-3.6899999999999995,-1.04,3.539999999999999,-22.727272727272723,4.06,0.38,0.8,0.25,0.31,-1.2936000000000003,-2.7522000000000006,-1.7820000000000005,-1.8018000000000003,-3.326400000000001,3.76,3.7,0.47,0.4,12,2010,-0.005376344086021501,10.0,8.0
2011-03-31,46.53,-2.14,-0.21,0.0,8.26,-0.73,2.86,15.5,0.0,47.25,0.62,2.05,16.53,4.41,29.51,363.39,402.2,19.62,8.86,11.67,71.48,49.99,121.47,100.0,280.72,-3.88,-0.44,0.19,3.59,-18.4525,5.52,0.43,-0.21,0.0,0.0,-2.12,-0.72,-3.04,-3.0,-0.88,-4.66,-4.6,0.41,0.35,3,2011,0.0,10.190476190476192,-2.14
2011-06-30,55.379999999999995,1.9700000000000002,0.23176470588235296,0.15,12.750000000000002,4.41,8.14,14.0,0.0,50.980000000000004,1.87,4.24,15.15,4.51,28.81,365.48,403.31,20.03,9.92,11.77,74.6,47.52,122.12,100.0,281.19,8.629999999999999,-4.54,-1.91,3.7300000000000004,15.101522842639595,4.98,0.43,-0.02,0.15,-7.5,1.8541176470588236,-42.181176470588234,2.7811764705882354,2.7811764705882354,-51.91529411764707,-0.17,-0.17,0.39,0.33,6,2011,1.275,8.5,-0.17
2011-09-30,53.47,-1.9300000000000002,-0.193,0.02250000000000001,9.099999999999998,-0.43000000000000016,4.140000000000001,12.0,0.0,53.89999999999999,-0.9500000000000002,1.84,14.14,4.98,26.39,363.59,399.05,19.22,11.96,11.83,74.71,45.08,119.79,100.0,279.26,5.0,-4.35,-3.05,4.57,-15.543264248704661,4.3,0.43,-0.21,0.15,-0.71,-1.9483809523809525,2.940952380952381,-2.7571428571428576,-2.6836190476190476,3.6761904761904765,-1.37,-1.35,0.35,0.29,9,2011,0.2250000000000001,10.0,-2.1
2011-12-31,57.59,1.2000000000000002,0.10666666666666669,0.016666666666666666,12.689999999999998,3.9299999999999997,8.45,12.4,0.0,53.66,3.3,5.19,20.73,5.43,31.62,360.13,402.19,22.3,27.63,6.64,73.05,48.67,121.72,100.0,280.46,4.449999999999999,-3.119999999999999,2.0299999999999994,4.52,29.062499999999996,4.42,0.43,-0.08,0.15,-1.88,1.1733333333333336,-9.440000000000001,1.706666666666667,1.6533333333333335,-11.62666666666667,-0.43,-0.42,0.43,0.36,12,2011,0.1875,11.25,-0.9
2012-03-31,53.45,-3.31,-0.33,0.0,7.36,-1.83,2.3,12.0,0.0,55.28,-2.56,5.18,21.62,5.1,32.18,357.33,398.04,21.87,28.44,6.78,58.05,62.85,120.89,100.0,277.15,0.66,1.56,-2.23,4.13,-9.09,4.33,0.44,-0.33,0.0,0.0,-3.3199999999999994,-1.84,-4.76,-4.76,-2.16,-6.28,-6.19,0.55,0.47,3,2012,0.0,10.03030303030303,-3.31
2012-06-30,64.84,7.540000000000001,0.7486524822695035,0.0,18.17,10.74,14.759999999999998,12.3,0.0,54.099999999999994,9.98,10.64,23.59,5.53,39.97,354.03,402.07,18.92,28.14,6.9,55.79,61.59,117.37,100.0,284.69,10.82,-0.75,-4.609999999999999,4.0200000000000005,4.107980769230769,4.32,0.41,0.42,0.0,0.0,7.486524822695037,15.757352245862885,10.623735224586289,10.695035460992909,18.32416075650118,3.62,3.58,0.72,0.62,6,2012,0.0,10.071428571428573,4.23
2012-09-30,68.39999999999999,4.789999999999999,0.4779379157427937,0.0,16.04,7.68,11.760000000000002,23.0,0.0,60.73000000000002,6.91,9.31,27.99,4.84,44.64,351.36,404.04,14.08,30.67,7.04,54.29,60.27,114.56,100.0,289.48,8.099999999999998,-2.9,-6.529999999999999,4.08,12.03294363256785,7.95,0.4,0.9,0.0,0.0,4.736895787139689,8.77281596452328,6.62740576496674,6.73361419068736,10.068558758314854,4.89,4.83,0.82,0.73,9,2012,0.0,10.022222222222222,9.02
2012-12-31,67.64000000000001,-4.71,-0.46990719257540603,0.0,13.829999999999998,-4.43,-0.17999999999999972,57.5,0.0,72.05999999999997,-5.18,11.43,25.54,5.83,43.06,364.48,415.53,1.36,45.77,5.89,54.08,76.68,130.76,100.0,284.77,6.810000000000002,-6.85,2.1599999999999984,4.25,-30.590934182590228,20.19,0.46,0.43,0.0,0.0,-4.546078886310905,-12.982552204176336,-6.600556844547564,-6.687981438515082,-14.687331786542925,1.71,1.69,0.8,0.69,12,2012,0.0,10.023255813953488,4.31
2013-03-31,59.98,1.32,0.13,0.0,12.79,3.29,7.61,53.0,0.0,56.69,2.38,8.99,25.3,6.18,40.73,364.74,420.7,17.09,27.18,6.29,52.03,75.0,127.03,100.0,293.67,-14.84,-1.72,14.12,4.32,101.9225,18.05,0.43,0.13,0.0,0.0,1.24,3.2,1.8,1.8400000000000003,3.56,2.23,2.2,0.78,0.66,3,2013,0.0,10.153846153846153,1.32
2013-06-30,67.75999999999999,6.46,0.6476606683804628,0.2,18.19,9.7,14.16,70.0,0.0,58.06,8.84,8.27,30.95,5.68,45.13,362.37,422.74,14.55,27.1,6.4,50.71,73.9,124.61,100.0,298.13,7.4799999999999995,-2.29,-5.909999999999998,4.459999999999999,27.01924148606811,23.48,0.42,0.78,0.2,0.26,6.111259640102828,10.462210796915166,8.668688946015424,8.867969151670952,11.59146529562982,6.18,6.09,0.89,0.78,6,2013,1.994871794871795,9.974358974358974,7.78
2013-09-30,75.67,5.259999999999999,0.5243865030674847,0.001124744376278097,20.56,8.200000000000001,12.680000000000003,78.25,0.0,67.47,7.220000000000001,11.97,33.87,5.75,51.83,362.9,429.95,10.53,33.84,6.05,53.85,72.71,126.56,100.0,303.39,14.57,-4.890000000000001,-5.98,4.48,37.30406844106464,25.79,0.42,1.3,0.2,0.15,4.888895705521471,8.196564417177912,6.938036809815949,7.0993865030674845,9.083987730061349,6.5,6.41,0.96,0.86,9,2013,0.011282051282051064,10.030769230769229,13.04
2013-12-31,65.27000000000001,-2.1599999999999984,-0.21639705882352925,-0.0009841628959275706,10.920000000000002,-1.110000000000003,3.289999999999999,72.5,0.0,66.39000000000001,-2.1400000000000006,15.58,28.46,5.98,50.33,361.45,426.66,11.86,33.32,6.66,61.2,62.59,123.79,100.0,302.87,4.680000000000001,-1.4100000000000001,0.33000000000000007,4.4,-83.7533333333334,23.94,0.41,1.09,0.2,0.18,-2.024999999999998,-3.787941176470585,-2.850882352941174,-2.938235294117645,-4.359705882352937,4.11,4.05,0.82,0.72,12,2013,-0.009823570924488045,9.98165137614679,10.88
2014-03-31,71.56,3.72,0.37,0.0,18.23,5.85,10.23,70.5,0.0,65.71,5.0,8.44,36.0,5.6,50.22,358.87,423.95,10.21,29.58,6.42,60.49,56.87,117.36,100.0,306.59,-2.13,-1.29,-3.71,4.38,47.635,22.99,0.38,0.37,0.0,0.0,3.52,5.56,4.84,4.96,6.44,5.26,5.2,0.83,0.74,3,2014,0.0,10.054054054054054,3.72
2014-06-30,67.22999999999999,1.2799999999999998,0.12799999999999997,0.3,15.959999999999997,2.950000000000001,7.32,72.5,0.0,64.29,2.0999999999999996,10.1,33.12,5.8,49.19,362.58,426.53,12.59,34.63,6.54,66.1,55.56,121.67,100.0,304.87,6.6899999999999995,-2.87,-2.17,4.37,141.60156250000003,23.78,0.4,0.5,0.3,0.6,1.1980799999999998,2.11968,1.6793599999999995,1.6998399999999996,2.4985599999999994,3.65,3.6,0.74,0.66,6,2014,3.0,10.0,5.0
2014-09-30,75.02000000000001,3.1400000000000006,0.31245700245700253,0.0014742014742014542,18.78,5.18,9.559999999999999,59.0,0.0,69.83000000000001,4.140000000000001,12.84,36.58,5.5,55.89,358.87,431.68,12.85,37.34,38.95,117.34,6.33,123.67,100.0,308.01,4.8,-0.7299999999999995,-1.33,4.380000000000001,47.206815286624206,19.16,0.4,0.81,0.3,0.37,2.9162653562653564,5.014742014742016,4.0735135135135145,4.104373464373465,6.8663390663390675,3.86,3.81,0.48,0.43,9,2014,0.014814814814814614,10.049382716049383,8.14
2014-12-31,76.04000000000002,2.959999999999999,0.296,-0.0014814814814815061,18.150000000000006,7.099999999999998,11.480000000000004,55.75,0.0,68.93999999999997,5.17,20.43,43.13,5.71,69.89,363.15,452.13,1.0,37.05,5.55,66.72,76.03,142.76,100.0,309.37,1.3600000000000012,-10.25,16.48,4.380000000000001,47.09062500000002,18.02,0.46,1.11,0.3,0.27,2.623999999999999,5.119999999999998,3.8293333333333317,3.8719999999999986,5.834666666666665,3.89,3.83,1.05,0.96,12,2014,-0.014814814814815058,9.999999999999998,11.1
2015-03-31,72.85,1.75,0.17,0.0,16.97,3.39,7.73,60.25,0.0,69.46,1.59,21.62,41.33,7.82,71.14,361.46,453.5,2.15,35.97,6.64,68.16,74.22,142.39,100.0,311.12,3.4,-2.26,0.04,4.34,88.6025,19.37,0.46,0.17,0.0,0.0,1.56,3.08,2.24,2.28,3.5200000000000005,2.46,2.4,1.04,0.93,3,2015,0.0,10.294117647058822,1.75
2015-06-30,77.52000000000001,-1.95,-0.195,0.35,12.75,-0.7400000000000002,3.6799999999999997,60.0,0.0,78.26,-2.83,13.52,46.22,8.09,68.16,360.72,450.89,4.54,38.81,7.74,72.81,72.41,145.22,100.0,305.67,1.6400000000000001,-7.529999999999999,-2.2,4.42,-76.92307692307692,19.63,0.48,-0.02,0.35,-17.5,-1.5599999999999998,23.399999999999995,-2.73,-2.73,27.299999999999997,-0.14,-0.13,0.94,0.83,6,2015,3.5,10.0,-0.2
2015-09-30,86.68,6.59,0.6600312989045384,-0.0005477308294210058,22.439999999999998,9.32,13.989999999999998,72.0,0.0,77.36000000000001,7.58,27.74,46.18,6.32,80.65,364.03,467.38,2.91,43.77,9.93,79.51,75.61,155.12,100.0,312.26,18.86,-1.8800000000000008,-2.76,4.67,27.271433990895297,23.06,0.5,0.64,0.35,0.55,5.65151799687011,10.973020344287951,8.456651017214396,8.497902973395933,12.746854460093896,2.76,2.7,1.01,0.93,9,2015,-0.005468750000000355,9.984375,6.39
2015-12-31,88.32999999999998,6.61,0.661,0.0005468750000000355,25.97,9.459999999999999,14.310000000000002,63.0,0.0,78.87999999999997,6.970000000000001,32.28,39.96,5.91,79.25,366.43,467.43,2.17,40.64,9.95,75.22,73.34,148.56,100.0,318.88,16.08,-6.610000000000001,-4.93,4.850000000000001,23.8267776096823,19.76,0.47,1.3,0.35,0.27,5.6540923076923075,9.477723076923079,8.298092307692308,8.420123076923078,11.104800000000001,4.1,4.0,1.05,0.98,12,2015,0.005468750000000355,10.0,13.0
2016-03-31,74.76,2.46,0.25,0.0,20.07,4.57,9.44,70.0,0.0,70.19,3.15,32.06,38.81,6.02,77.67,366.97,466.18,0.13,40.46,9.96,73.62,71.22,144.84,100.0,321.33,7.18,-2.87,-4.53,4.87,70.0,21.78,0.45,0.25,0.0,0.0,2.12,3.96,3.0800000000000005,3.12,4.64,3.35,3.29,1.06,0.97,3,2016,0.0,9.84,2.46
2016-06-30,71.3,-0.97,-0.09765100671140939,0.5,13.46,-0.07000000000000028,4.800000000000001,65.75,0.0,71.36000000000001,-2.46,26.05,36.9,5.0,68.41,367.15,457.06,3.7,42.12,9.98,72.6,69.1,141.7,100.0,315.36,4.640000000000001,-3.7800000000000002,-6.87,4.87,-168.32775773195874,20.85,0.45,0.15,0.5,3.33,-0.8593288590604027,-2.5779865771812083,-1.2238926174496643,-1.2499328859060401,-3.046711409395973,1.05,1.02,0.94,0.87,6,2016,4.966666666666667,9.933333333333334,1.49
2016-09-30,79.27000000000001,4.02,0.4012704174228675,0.004234724742891673,21.699999999999996,6.26,11.549999999999999,51.5,0.0,73.01999999999998,2.99,24.04,33.45,4.8,62.64,367.88,451.15,1.04,36.3,10.53,61.53,70.24,131.77,100.0,319.38,10.0,-6.66,-5.360000000000001,5.289999999999999,32.08684079601991,16.12,0.41,0.55,0.5,0.91,3.5603629764065334,6.828892921960072,5.0487114337568055,5.077894736842105,8.054591651542648,2.52,2.45,1.02,0.94,9,2016,0.04242424242424203,10.018181818181818,5.51
2016-12-31,78.22,5.380000000000001,0.538494031221304,-0.001369062526087278,22.869999999999997,7.660000000000002,13.119999999999997,49.75,0.0,70.56,5.41,35.7,27.73,4.96,68.69,365.47,454.44,0.89,34.77,12.33,62.62,67.05,129.68,100.0,324.77,15.399999999999999,-1.0899999999999999,-2.6499999999999986,5.459999999999999,23.0957063197026,15.32,0.4,1.09,0.5,0.46,4.742699724517907,7.904499540863178,6.620018365472912,6.679302112029386,9.287786960514234,3.7,3.59,1.1,1.02,12,2016,-0.01367806505421143,9.990825688073395,10.89
2017-03-31,68.59,-3.83,-0.38,0.0,11.72,-3.02,2.34,51.0,0.0,71.62,-5.94,35.75,28.29,4.85,69.31,363.15,453.43,3.61,36.98,13.95,69.12,63.66,132.78,100.0,320.65,1.45,-1.58,0.18,5.36,-33.5525,15.91,0.41,-0.38,0.0,0.0,-3.36,-2.64,-4.76,-4.76,-3.16,-5.83,-5.58,1.0,0.93,3,2017,0.0,10.078947368421053,-3.83
2017-06-30,72.6,0.2400000000000002,0.024066852367688046,0.5,15.83,1.03,6.43,53.0,0.0,71.56,-1.3699999999999992,25.74,32.66,5.25,64.06,365.13,450.44,4.01,37.33,15.56,69.87,64.69,134.56,100.0,315.89,-0.3899999999999999,-7.289999999999999,-2.3400000000000003,5.3999999999999995,550.5414583333328,16.78,0.43,-0.36,0.5,-1.39,0.21392757660167153,0.11766016713091933,0.30484679665738185,0.30484679665738185,0.13905292479108647,-2.64,-2.54,0.92,0.84,6,2017,4.986111111111111,9.972222222222221,-3.59
2017-09-30,91.47,9.77,0.9801618122977347,-0.00022473930240920884,28.919999999999998,12.82,18.37,49.0,0.0,78.65,10.1,39.51,31.68,5.41,76.97,377.91,475.32,1.21,43.28,16.64,75.63,74.04,149.67,100.0,325.65,22.810000000000002,-16.240000000000002,7.22,5.549999999999999,12.497579324462642,15.05,0.46,0.62,0.5,0.81,8.220711974110033,14.797281553398058,12.014886731391586,12.141359223300972,17.137022653721683,2.75,2.66,1.02,0.95,9,2017,-0.0022401433691756623,9.96774193548387,6.18
