,revenue,net_profit,eps,dps,gross_profit,ebit,ebitda,close_price,allowance_doubtful_accounts,expense,operating_profit,cash,account_receivable,inventory,current_asset,property_plant_equipment,total_asset,short_term_loan,account_payable,current_portion_long_term_debt,current_liability,non_current_liability,total_liability,paid_in_capital,total_equity,cash_flow_operation,cash_flow_investment,cash_flow_financing,depreciation,P/E,P/BV,D/E,EPS,DPS,DPR%,ROA%,ROAA%,ROE%,ROAE%,ROCE%,NPM%,NPMA%,TIE,CurrentRatio,QuickRatio,month,year,dividend,number_of_shares,return_old
2000-03-31,220.05,36.76,3.01,0.0,26.63,42.69,51.43,7.9,0.0,177.36,-64.2,6.2,176.29,28.95,216.94,253.14,471.04,50.96,53.14,12.0,149.96,10.06,160.02,122.0,311.02,26.91,-16.57,-9.92,8.74,0.655,0.31,0.51,3.01,0.0,0.0,31.2,0.0,47.28,0.0,53.2,32.5,16.71,0.0,1.45,1.25,3,2000,0.0,12.212624584717608,36.76
2000-06-30,105.12,8.410000000000004,0.6888864290458272,0.0,24.290000000000003,13.11,21.669999999999995,10.0,0.0,92.00999999999999,13.090000000000003,4.2,58.76,26.55,201.0,246.39,448.34,36.81,43.92,12.0,121.86,7.06,128.92,122.0,319.43,15.309999999999999,-0.14999999999999858,-17.159999999999997,8.56,3.6254161712247313,0.38,0.4,3.7,0.0,0.0,7.49955280053133,0.0,10.530653088332969,0.0,12.727642240425066,20.7,13.89,0.0,1.65,1.43,6,2000,0.0,12.208108108108108,45.17
2000-09-30,99.14999999999998,12.780000000000001,1.0475409836065575,0.0,17.539999999999992,9.88000000000001,18.460000000000008,9.9,0.0,89.26999999999998,10.25,20.8,64.52,29.55,220.94,238.25,460.15,35.17,66.49,15.0,123.88,4.06,127.94,122.0,332.22,17.14,-6.790000000000003,-1.75,8.579999999999998,2.357902973395931,0.36,0.39,4.75,0.0,0.0,11.10613977566868,0.0,15.384517687661777,0.0,17.22818981880932,18.24,13.66,0.0,1.78,1.54,9,2000,0.0,12.200000000000001,57.95
2000-12-31,118.84999999999997,11.030000000000001,0.9034430269643376,0.0,24.400000000000006,15.559999999999988,23.83,10.0,0.0,103.28000000000003,17.23,18.27,72.04,31.65,232.56,227.02,460.51,12.38,53.53,19.0,117.07,0.2,117.26,122.0,343.24,18.209999999999994,3.9300000000000033,-22.67,8.27,2.767330009066183,0.36,0.34,5.65,0.0,0.0,9.581293128443027,0.0,12.856074224412874,0.0,15.126674398376341,15.82,12.7,0.0,1.99,1.72,12,2000,0.0,12.208849557522123,68.98
2001-03-31,119.52,15.47,1.27,0.0,25.99,20.21,28.31,9.5,0.0,99.31,18.44,32.49,74.78,33.78,257.7,219.12,477.69,4.19,56.08,3.0,92.46,26.51,118.97,122.0,358.71,12.29,-0.19,2.12,8.1,1.87,0.32,0.33,1.27,0.0,0.0,12.96,17.04,17.24,18.48,21.0,13.14,12.94,0.0,2.79,2.42,3,2001,0.0,12.181102362204724,15.47
2001-06-30,112.48,12.519999999999998,1.024322972490175,0.0,23.070000000000004,16.33,24.430000000000003,15.75,0.0,96.15,16.139999999999997,47.08,72.31,34.16,276.25,211.34,488.46,3.68,54.7,3.5,91.47,25.76,117.23,122.0,371.23,17.67,7.670000000000001,-0.75,8.1,3.845271565495208,0.52,0.32,2.29,0.0,0.0,10.252175777063236,13.955841371918542,13.490646659521255,14.510496605930687,16.460735977134686,12.17,12.06,0.0,3.02,2.65,6,2001,0.0,12.222707423580784,27.99
2001-09-30,107.69,10.95,0.8970338983050847,0.0,22.679999999999993,14.82,22.770000000000003,13.75,0.0,92.86999999999998,14.440000000000005,52.75,62.74,37.35,278.42,205.96,491.66,2.63,53.71,4.25,84.46,25.01,109.47,122.0,382.19,13.96,-7.24,-1.06,7.949999999999999,3.831767123287671,0.44,0.29,3.19,0.0,0.0,8.908474576271187,12.136671802773497,11.461787365177196,12.26040061633282,14.18382126348228,11.54,11.46,0.0,3.3,2.85,9,2001,0.0,12.206896551724137,38.94
2001-12-31,111.38999999999999,8.560000000000002,0.7010189473684213,0.0,20.060000000000002,12.43,20.36999999999999,13.9,0.0,98.96000000000004,11.449999999999996,39.46,88.67,32.73,291.77,202.16,502.7,0.0,57.81,5.0,87.73,24.23,111.96,122.0,390.74,-8.68,-1.98,-2.63,7.940000000000005,4.952540887850466,0.43,0.29,3.89,0.0,0.0,6.811957894736843,9.551157894736845,8.765440000000002,9.327696842105265,11.079343157894739,10.61,10.53,0.0,3.33,2.95,12,2001,0.0,12.210796915167094,47.5
2002-03-31,102.59,12.34,1.01,0.0,22.83,17.27,24.71,22.0,0.0,85.32,16.64,30.7,84.41,32.29,291.99,208.3,506.48,0.0,47.52,5.75,79.92,23.48,103.4,122.0,403.08,23.87,-28.3,0.0,7.44,5.445,0.67,0.26,1.01,0.0,0.0,9.76,14.04,12.24,12.96,16.2,12.11,12.03,0.0,3.65,3.25,3,2002,0.0,12.217821782178218,12.34
2002-06-30,106.82,19.64,1.6090306441525954,1.0,25.010000000000005,21.34,28.43,19.8,0.0,85.48000000000002,20.740000000000002,27.03,88.44,35.81,259.96,212.97,479.63,0.0,50.27,0.0,68.96,0.15,69.11,122.0,410.52,10.489999999999998,-0.05000000000000071,-12.2,7.089999999999999,3.0775050916496944,0.59,0.17,2.62,1.0,0.38,16.385090681676047,19.60315196998124,19.136410256410258,20.09445903689806,23.091432145090682,15.37,15.27,0.0,3.77,3.25,6,2002,12.206106870229007,12.206106870229007,31.98
2002-09-30,85.69000000000003,9.900000000000002,0.810816618911175,0.0003116866073186541,17.590000000000003,13.189999999999998,21.28,21.3,0.0,72.5,12.93,29.85,65.08,33.95,267.77,205.46,479.89,0.0,45.02,0.0,59.32,0.15,59.47,122.0,420.42,23.700000000000003,-20.879999999999995,0.0,8.090000000000002,6.567545454545454,0.62,0.14,3.43,1.0,0.29,8.254727793696278,10.079656160458454,9.417765042979944,9.871633237822351,11.649283667621779,14.27,14.19,0.0,4.51,3.94,9,2002,0.0038056662141414677,12.209912536443149,41.88
2002-12-31,85.73999999999995,11.329999999999998,0.9283743657207291,-0.0004739458540148449,17.61,15.320000000000007,21.92,21.3,0.0,70.42000000000002,13.449999999999996,72.02,54.07,28.88,286.11,189.09,489.36,0.68,37.53,0.0,57.45,0.15,57.6,122.0,431.75,29.980000000000004,11.509999999999998,0.6799999999999997,6.599999999999998,5.74132612533098,0.6,0.13,4.36,1.0,0.23,9.25819206915993,11.523766209359142,10.493185491448974,11.021251644427737,13.235722608532228,14.1,13.97,0.0,4.98,4.48,12,2002,-0.005784096076176581,12.204128440366972,53.21
2003-03-31,79.52,7.23,0.59,0.0,13.5,9.64,16.89,21.9,0.0,69.88,9.32,106.05,171.8,27.19,307.34,182.12,502.41,0.0,49.34,0.0,63.28,0.15,63.43,122.0,438.98,28.71,6.0,-0.68,7.25,9.28,0.61,0.14,0.59,0.0,0.0,5.76,7.639999999999999,6.6,6.88,8.8,9.14,9.09,0.0,4.86,4.43,3,2003,0.0,12.254237288135595,7.23
2003-06-30,82.61999999999999,8.98,0.7367921036397286,1.5,10.95,11.98,19.310000000000002,21.6,0.0,70.64000000000001,5.84,119.16,158.07,23.87,306.24,175.21,488.41,0.0,48.48,0.0,58.59,0.15,58.74,122.0,429.67,17.729999999999997,13.68,-18.3,7.33,7.328797327394209,0.61,0.14,1.33,1.5,1.13,7.356841455891424,9.90514497223936,8.354003701418877,8.553436150524368,11.146057988895743,10.42,10.0,0.0,5.23,4.82,6,2003,18.281954887218046,12.18796992481203,16.21
2003-09-30,74.39000000000001,5.050000000000001,0.4133113828786454,0.0037346423443368106,10.669999999999998,6.73,13.869999999999997,27.0,0.0,67.66,5.600000000000001,116.63,146.49,22.39,315.37,168.11,490.32,0.0,49.17,0.0,55.44,0.16,55.6,122.0,434.72,18.180000000000007,-20.71,0.0,7.139999999999999,16.334415841584157,0.76,0.13,1.74,1.5,0.86,4.123612417685795,5.548824082784572,4.646190028222013,4.722201317027281,6.19492003762935,9.29,8.99,0.0,5.69,5.28,9,2003,0.04563131967850609,12.218390804597702,21.26
2003-12-31,101.08000000000001,31.3,2.5666476407914764,-0.002889964834933933,16.470000000000006,37.089999999999996,44.01,26.5,0.0,63.99000000000001,10.52,159.43,137.18,25.65,363.79,161.6,532.18,0.21,52.88,0.0,66.01,0.16,66.17,122.0,466.02,24.61,17.98,0.21000000000000085,6.920000000000002,2.581821086261981,0.69,0.14,4.31,1.5,0.35,23.53455098934551,30.51392694063927,26.869406392694064,27.893683409436836,33.44383561643835,17.33,15.57,0.0,5.51,5.12,12,2003,-0.03524281942555163,12.194895591647333,52.56
2004-03-31,71.54,-42.93,-3.52,0.0,15.67,-40.21,-33.8,27.5,33.84,111.75,10.56,108.87,99.76,34.15,323.71,155.38,485.85,0.0,48.05,0.0,62.6,0.16,62.76,122.0,423.09,6.44,-56.79,-0.21,6.41,-1.9525,0.79,0.15,-3.52,0.0,0.0,-35.36,-32.56,-40.6,-39.84,-38.0,-60.32,-60.01,0.0,5.17,4.63,3,2004,0.0,12.196022727272727,-42.93
2004-06-30,61.3,7.409999999999997,0.6070692567567564,1.5,12.22,9.010000000000002,14.899999999999999,22.7,36.8,52.28999999999999,6.24,96.27,88.74,33.12,304.2,149.72,460.66,0.0,40.1,0.0,48.3,0.16,48.47,122.0,412.19,5.919999999999999,-0.21999999999999886,-18.3,5.890000000000001,9.347368421052638,0.67,0.12,-2.91,1.5,-0.52,6.4336824324324295,5.482398648648646,7.193040540540536,7.042837837837833,6.316858108108105,-27.06,-26.74,0.0,6.3,5.61,6,2004,18.309278350515466,12.20618556701031,-35.52
2004-09-30,60.25,0.45000000000000284,0.03682634730538946,0.0016359034508300124,8.380000000000003,1.3000000000000007,6.5699999999999985,23.0,37.14,58.95000000000002,3.09,91.24,86.78,47.3,317.05,145.21,468.96,0.0,50.7,0.0,56.15,0.17,56.32,122.0,412.64,0.5400000000000009,-5.580000000000005,0.0,5.27,156.06149999999903,0.68,0.14,-2.87,1.5,-0.52,0.38391787852865944,0.3197604790419182,0.4362703165098402,0.42497861420017374,0.37159965782720505,-18.36,-18.16,0.0,5.65,4.8,9,2004,0.019989942167459418,12.21951219512195,-35.07
2004-12-31,55.77000000000001,9.23,0.7572600619195048,-0.003794457449218612,5.519999999999996,9.149999999999999,13.66,20.0,37.32,46.620000000000005,1.0399999999999991,113.43,67.4,47.88,317.21,144.83,468.69,0.0,42.53,0.0,46.64,0.17,46.81,122.0,421.88,18.57,3.6300000000000026,0.0,4.509999999999998,6.599978331527627,0.58,0.11,-2.12,1.5,-0.71,7.87264705882353,5.9294891640866885,8.74421052631579,8.315572755417957,7.0296594427244585,-10.42,-10.38,0.0,6.8,5.77,12,2004,-0.04624942475840044,12.188679245283017,-25.84
2005-03-31,66.49,6.09,0.5,0.0,3.69,7.25,11.31,19.8,0.0,59.24,-1.64,132.99,69.52,52.34,333.21,141.27,481.1,0.0,47.67,0.0,52.95,0.17,53.12,122.0,427.97,-4.24,23.8,0.0,4.06,9.9,0.56,0.12,0.5,0.0,0.0,5.08,6.0,5.68,5.72,6.76,10.12,9.16,0.0,6.29,5.3,3,2005,0.0,12.18,6.09
2005-06-30,63.45,-3.4699999999999998,-0.2781297709923664,0.0,2.47,-3.83,0.019999999999999574,17.8,0.0,67.28,-3.4700000000000006,120.52,84.56,41.94,323.77,138.2,468.54,0.0,38.54,0.0,43.86,0.18,44.04,122.0,424.5,-5.779999999999999,-6.690000000000001,0.0,3.8500000000000005,-15.999365994236316,0.51,0.1,0.21,0.0,0.0,-2.9667175572519087,-3.92030534351145,-3.2845801526717553,-3.3375572519083967,-4.291145038167939,2.16,2.02,0.0,7.38,6.43,6,2005,0.0,12.476190476190476,2.62
2005-09-30,56.140000000000015,-0.3600000000000003,-0.030265486725663746,0.0,5.279999999999999,-0.06999999999999984,3.3100000000000005,18.0,0.17,56.2,0.23000000000000043,143.46,80.65,43.85,326.14,136.78,474.61,0.0,46.48,0.0,50.29,0.18,50.46,122.0,424.14,11.649999999999999,11.280000000000001,0.0,3.379999999999999,-148.68916666666652,0.52,0.12,0.19,0.0,0.0,-0.30584070796460205,-0.45238938053097383,-0.33769911504424815,-0.34407079646017735,-0.5033628318584076,1.28,1.21,0.0,6.49,5.61,9,2005,0.0,11.894736842105262,2.26
2005-12-31,221.03,-31.560000000000002,-2.5851194539249147,0.0,31.510000000000005,-24.450000000000003,-6.4,12.5,0.17,245.48999999999998,10.07,84.82,118.22,52.83,337.38,190.55,614.31,0.0,64.77,10.94,84.72,193.48,278.19,122.0,336.83,25.78,-27.05,-7.37,18.05,-1.20922845373891,0.45,0.83,-2.4,0.0,0.0,-20.551699658703072,-16.803276450511945,-37.484232081911266,-33.261870307167236,-17.1479590443686,-7.39,-7.2,0.0,3.98,3.36,12,2005,0.0,12.208333333333334,-29.3
2006-03-31,77.82,6.26,0.51,0.0,10.78,8.44,11.6,13.0,0.0,69.38,3.76,39.04,101.47,24.06,328.83,112.24,465.22,0.0,47.44,0.0,56.61,0.18,56.8,122.0,408.42,-10.96,11.46,0.0,3.16,6.3725,0.39,0.14,0.51,0.0,0.0,5.4,7.12,6.12,6.0,8.28,8.57,8.04,0.0,5.81,5.38,3,2006,0.0,12.274509803921568,6.26
2006-06-30,156.71,16.33,1.3373395307658253,0.0,17.630000000000003,20.490000000000002,32.26,14.2,0.0,136.22,3.0200000000000005,102.31,125.2,56.04,349.42,199.75,652.57,0.0,83.87,12.96,108.36,187.09,295.45,122.0,356.92,20.79,0.5599999999999987,-4.36,11.77,2.656019595835885,0.49,0.83,1.85,0.0,0.0,10.004745462594066,14.920371845949536,18.30347941567065,16.713129703408587,15.383019034971225,10.64,9.63,0.0,3.22,2.71,6,2006,0.0,12.21081081081081,22.59
2006-09-30,107.23999999999998,2.0599999999999987,0.16881135902636907,0.0,10.860000000000003,4.289999999999999,9.619999999999997,13.5,0.0,102.95000000000002,0.9799999999999995,155.1,114.82,55.7,371.39,215.61,642.37,0.45,69.86,13.11,96.87,187.0,283.87,122.0,358.44,18.04,30.250000000000004,4.5,5.330000000000002,19.983252427184475,0.46,0.79,2.02,0.0,0.0,1.283634888438133,1.9889655172413783,2.2998458417849883,2.105963488843812,2.0357647058823516,7.8,7.21,0.0,3.83,3.26,9,2006,0.0,12.202970297029703,24.65
2006-12-31,102.93,-22.229999999999997,-1.837190082644628,0.0,9.969999999999999,-18.659999999999997,-17.22,13.5,0.0,121.58999999999997,-3.33,161.4,126.64,42.76,419.31,205.0,669.86,0.46,71.66,199.86,286.57,1.25,287.82,122.0,382.4,3.129999999999999,6.009999999999998,-2.8400000000000003,1.4399999999999977,-1.8370445344129556,0.43,0.75,0.2,0.0,0.0,-13.22776859504132,-83.4084297520661,-23.148595041322313,-24.618347107438016,-139.6264462809917,0.56,0.54,0.0,1.46,1.31,12,2006,0.0,12.1,2.42
2007-03-31,110.01,4.58,0.38,0.0,14.26,7.54,11.75,17.0,0.0,102.47,3.94,156.63,122.92,43.45,431.88,202.85,667.73,0.47,63.33,190.86,280.69,0.06,280.75,122.0,386.98,5.76,-10.22,0.01,4.21,11.185,0.54,0.73,0.38,0.0,0.0,2.76,5.32,4.72,4.6,7.8,4.31,4.16,0.0,1.54,1.38,3,2007,0.0,12.052631578947368,4.58
2007-06-30,107.45,68.21000000000001,5.584992444017035,1.2,15.19,10.970000000000002,16.36,16.5,0.0,96.47999999999999,6.5,105.18,120.79,41.0,443.08,199.04,674.61,0.48,75.0,43.15,234.0,0.06,234.06,122.0,440.55,30.22,-67.04,-14.629999999999999,5.39,0.7389983140302009,0.46,0.53,5.96,1.2,0.2,40.444341255666984,10.457804643494987,61.922198104135184,68.4442698172826,15.742931721390303,34.78,33.47,0.0,1.89,1.72,6,2007,14.655704697986577,12.213087248322148,72.79
2007-09-30,105.66999999999999,8.709999999999994,0.713899386503067,-0.0012283114423355175,17.000000000000004,14.879999999999999,19.68,24.0,0.0,90.79000000000002,7.980000000000002,61.13,106.64,39.97,446.44,196.58,680.17,0.49,68.15,49.9,129.06,101.85,230.91,122.0,449.26,23.990000000000002,-76.08999999999999,8.049999999999999,4.800000000000001,8.397962112514357,0.65,0.51,6.68,1.2,0.18,5.121266257668708,2.158797546012268,7.754571779141099,8.62664049079754,2.5905570552147217,26.46,25.22,0.0,3.46,3.15,9,2007,-0.014986135112327048,12.20059880239521,81.5
2007-12-31,108.38,-8.709999999999994,-0.7143659843385074,-0.0007843085638035864,19.549999999999997,10.329999999999998,13.950000000000003,24.3,0.0,98.05000000000001,6.289999999999999,37.82,113.34,37.81,456.67,195.24,689.86,0.0,72.36,0.0,242.58,0.06,242.64,122.0,440.55,13.299999999999997,51.14,-87.75,3.619999999999999,-8.503309414466138,0.67,0.55,5.97,1.2,0.2,-5.049622200851762,-3.077637038054675,-7.907086138205791,-8.46709163346613,-4.676285204011537,17.65,16.87,0.0,1.88,1.73,12,2007,-0.009562783979776057,12.192629815745395,72.79
2008-03-31,84.36,6.98,0.57,0.0,12.15,10.01,12.06,26.0,0.0,74.35,0.53,26.04,67.64,20.02,382.61,102.03,519.62,0.0,56.06,0.0,72.04,0.06,72.09,122.0,447.53,-9.19,7.77,0.0,2.05,11.4025,0.71,0.16,0.57,0.0,0.0,5.36,6.76,6.24,6.68,8.96,9.32,8.27,0.0,5.31,5.03,3,2008,0.0,12.245614035087721,6.98
2008-06-30,67.89,3.6500000000000004,0.29873000940733774,2.0,9.709999999999999,3.6500000000000004,4.639999999999999,19.6,0.0,64.23000000000002,0.56,12.04,60.52,25.06,372.08,115.02,501.4,0.0,60.81,0.0,74.56,0.06,74.61,122.0,426.79,16.009999999999998,-8.95,-21.06,0.9900000000000002,16.40369178082192,0.56,0.17,0.87,2.0,2.3,2.9117591721542806,3.186453433678269,3.41994355597366,3.365004703668862,4.39510818438382,7.72,6.98,0.0,4.99,4.65,6,2008,24.436781609195403,12.218390804597702,10.63
2008-09-30,78.41999999999999,-0.39000000000000057,-0.03199218750000005,-0.004579741379310248,12.689999999999998,-0.5400000000000009,3.1099999999999994,21.0,0.0,78.97,3.24,4.91,67.08,81.14,351.92,113.29,490.48,0.0,52.21,0.0,64.03,0.06,64.09,122.0,426.39,-6.69,-0.43000000000000016,0.0,3.6500000000000004,-164.10256410256386,0.6,0.15,0.84,2.0,2.38,-0.3183984375000004,-0.34125000000000055,-0.36562500000000053,-0.35648437500000046,-0.4692187500000007,4.76,4.44,0.0,5.5,4.23,9,2008,-0.05582922824302017,12.190476190476192,10.24
2008-12-31,55.900000000000006,-6.01,-0.49728132387706847,-0.01733648542159174,9.57,-7.829999999999999,-4.469999999999999,19.0,0.0,63.72999999999996,-0.8599999999999999,12.4,56.1,16.12,265.34,112.68,480.6,0.0,48.73,0.0,60.16,0.06,60.22,122.0,420.39,7.41,0.08000000000000007,-0.010000000000001563,3.3600000000000003,-9.552691347753745,0.55,0.14,0.35,2.0,5.71,-5.001229314420803,-5.114893617021276,-5.740047281323877,-5.569550827423167,-7.160851063829787,1.55,1.48,0.0,4.41,4.14,12,2008,-0.20952380952380878,12.085714285714287,4.23
2009-03-31,63.55,4.33,0.36,0.0,16.99,6.27,8.99,20.0,0.0,57.28,11.8,9.55,58.8,17.5,260.47,110.65,473.3,0.0,36.31,0.0,48.52,0.06,48.58,122.0,424.72,-6.23,5.25,-1.86,2.72,13.89,0.57,0.11,0.36,0.0,0.0,3.64,5.04,4.08,3.96,5.92,6.98,6.81,0.0,5.37,5.01,3,2009,0.0,12.027777777777779,4.33
2009-06-30,76.50000000000001,18.78,1.5358805711813068,2.0,16.710000000000004,23.78,26.47,19.5,0.0,52.72,12.169999999999998,5.07,60.74,18.2,267.39,112.01,481.64,0.0,43.62,0.0,62.49,0.06,62.55,122.0,419.1,14.41,3.0199999999999996,-21.92,2.69,3.1748562300319487,0.57,0.15,1.89,2.0,1.06,15.602596278667244,19.86080484638685,17.910480311553442,17.74795326698399,23.3063781912592,18.29,16.5,0.0,4.28,3.99,6,2009,24.455026455026456,12.227513227513228,23.11
2009-09-30,66.98999999999998,11.660000000000004,0.955737704918033,-0.004510365166102757,14.079999999999998,15.029999999999998,17.880000000000003,22.0,0.0,51.96000000000001,9.689999999999998,5.26,53.2,16.12,273.7,114.82,485.87,0.0,40.34,0.0,55.06,0.06,55.11,122.0,430.76,18.57,-18.33,-0.04999999999999716,2.8499999999999996,5.755240137221267,0.62,0.13,2.85,2.0,0.7,9.604325568018409,12.380995110727643,10.824987057808459,10.878642507909118,14.030900201322984,18.78,16.79,901.6,4.97,4.68,9,2009,-0.05502645502645365,12.200000000000001,34.77
2009-12-31,59.06000000000003,6.239999999999995,0.5112509144111188,0.0008778346744693837,14.350000000000001,7.560000000000002,10.449999999999996,23.0,0.0,51.50999999999999,7.710000000000001,14.22,53.04,20.74,301.43,113.29,511.58,0.0,51.64,0.0,69.75,0.06,69.81,122.0,441.77,12.21,-1.7299999999999986,-1.5300000000000011,2.8900000000000006,11.254747596153855,0.64,0.16,3.36,2.0,0.6,4.881228968544254,6.457585954645204,5.648105340160932,5.788090709583024,7.248807607900506,16.87,15.41,1052.8,4.32,4.02,12,2009,0.010714285714282568,12.205357142857142,41.01
2010-03-31,62.99,-36.19,-2.97,0.0,12.55,-34.31,-31.47,24.2,0.0,97.31,-33.04,6.0,52.64,17.1,121.25,111.81,327.5,20.0,45.62,0.0,84.25,0.06,84.3,122.0,243.2,12.35,-19.96,-0.61,2.84,-2.0375,1.21,0.35,-2.97,0.0,0.0,-44.20000000000001,-34.28,-59.52,-43.36,-56.4,-59.43,-57.45,0.0,1.44,1.24,3,2010,0.0,12.185185185185183,-36.19
2010-06-30,65.10999999999999,0.10999999999999943,0.009024390243902392,0.0,11.09,2.610000000000003,5.48,24.2,0.0,62.49000000000001,4.48,15.55,49.33,14.68,100.92,110.01,305.5,20.0,51.37,0.0,92.64,0.06,92.69,122.0,212.81,11.799999999999999,24.52,-26.76,2.87,670.7600000000034,1.39,0.44,-2.96,0.0,0.0,0.1440243902439017,0.09817073170731658,0.20670731707316967,0.13926829268292612,0.18158536585365762,-28.73,-28.17,0.0,1.09,0.93,6,2010,0.0,12.18918918918919,-36.08
2010-09-30,66.01000000000002,6.739999999999998,0.5513292433537831,0.0,12.979999999999997,10.84,13.859999999999998,24.2,0.0,55.16999999999999,7.099999999999998,15.64,43.71,13.29,93.34,112.73,302.87,13.0,52.64,0.0,83.26,0.06,83.32,122.0,219.55,14.43,-7.35,-6.9999999999999964,3.0200000000000005,10.969851632047481,1.34,0.38,-2.4,0.0,0.0,8.903967280163597,4.860886162235854,12.276264485344237,8.288316291751872,8.7293796864349,-15.74,-15.12,0.0,1.12,0.96,9,2010,0.0,12.225,-29.34
2010-12-31,62.22999999999996,1.6600000000000001,0.13613439306358383,0.0,11.68,3.710000000000001,6.780000000000001,24.2,0.0,58.53,3.8599999999999994,10.74,46.51,20.66,109.66,114.47,306.87,7.0,54.04,0.0,82.73,0.01,82.74,122.0,224.13,-2.6999999999999957,3.8,-6.0,3.0700000000000003,44.43807228915662,1.32,0.37,-2.27,0.0,0.0,2.163757225433526,1.0051156069364162,2.96257225433526,1.993439306358382,1.8351156069364163,-11.19,-10.8,0.0,1.33,1.08,12,2010,0.0,12.193832599118943,-27.68
2011-03-31,66.77,4.77,0.39,0.0,14.81,8.16,11.3,24.2,0.0,58.61,6.37,14.34,55.76,19.37,118.14,114.47,312.17,3.0,55.46,0.0,83.15,2.83,85.98,122.0,226.19,9.98,-2.38,-4.0,3.14,15.512499999999998,1.31,0.38,0.39,0.0,0.0,6.12,10.2,8.44,8.12,14.240000000000002,7.34,7.14,0.0,1.42,1.19,3,2011,0.0,12.23076923076923,4.77
2011-06-30,67.91000000000001,2.16,0.17766233766233766,0.0,11.08,4.99,8.23,24.2,0.0,62.93000000000001,2.6599999999999993,13.59,49.85,31.81,131.16,112.87,322.99,0.0,71.34,0.0,91.64,3.0,94.64,122.0,228.35,2.619999999999999,-0.3799999999999999,-3.0,3.2399999999999998,34.05645833333333,1.29,0.41,0.57,0.0,0.0,2.680519480519481,5.211428571428572,3.777662337662338,3.9148051948051954,7.081558441558442,5.31,5.15,0.0,1.43,1.08,6,2011,0.0,12.157894736842106,6.93
2011-09-30,65.84,-0.20999999999999996,-0.017187499999999998,0.0,11.030000000000001,2.25,5.48,24.2,0.0,63.58,0.47000000000000064,13.18,54.27,22.31,116.07,110.94,305.49,0.0,54.89,0.0,74.2,3.16,77.36,122.0,228.13,-0.34999999999999964,-0.06000000000000005,0.0,3.2299999999999995,-352.00000000000006,1.29,0.34,0.55,0.0,0.0,-0.275,-0.6324999999999998,-0.36874999999999997,-0.37499999999999994,-0.8324999999999999,3.45,3.35,0.0,1.56,1.26,9,2011,0.0,12.218181818181817,6.72
2011-12-31,56.150000000000006,13.11,1.077624810892587,0.0,3.039999999999999,4.679999999999998,7.699999999999999,24.2,0.0,51.47,-6.640000000000001,11.78,32.26,17.7,184.24,109.8,313.76,0.0,52.9,0.0,69.23,3.4,72.63,122.0,241.13,16.84,-18.24,0.0,3.0200000000000014,5.6154748283752856,1.22,0.3,1.63,0.0,0.0,16.713101361573376,17.10977307110439,21.73760968229955,22.530953101361575,21.71116490166415,8.28,7.73,0.0,2.66,2.41,12,2011,0.0,12.16564417177914,19.83
2012-03-31,254.83,191.74,15.719999999999999,0.0,7.38,191.77,194.27,24.2,0.0,63.06,-1.32,62.68,49.84,18.52,387.48,108.03,510.23,0.0,58.58,0.0,73.81,3.56,77.37,122.0,432.86,-12.32,63.22,0.0,2.5,0.385,0.68,0.18,15.72,0.0,0.0,150.32,186.56,177.2,232.75999999999996,175.76,310.56,75.24,0.0,5.25,5.0,3,2012,0.0,12.197201017811706,191.74
2012-06-30,81.79999999999998,-1.670000000000016,-0.13688956700163227,2.5,10.07,-1.6400000000000148,0.7800000000000011,52.25,0.0,83.44,-23.0,205.47,47.87,17.17,392.49,105.44,512.36,0.0,44.54,0.0,78.87,2.3,81.16,122.0,431.19,-28.689999999999998,171.49,0.0,2.42,-95.31953592814281,1.48,0.19,15.58,2.5,0.16,-1.3038775188088725,-1.5997979691692688,-1.5491892460672532,-2.0257547219445664,-1.5414573578155564,155.58,56.46,0.0,4.98,4.76,6,2012,30.49903722721438,12.199614890885751,190.07
2012-09-30,108.92000000000002,20.409999999999997,0.12993823641201063,2.3658309108491675,7.800000000000001,20.230000000000018,23.359999999999985,3.52,0.0,88.69,-3.7399999999999984,99.35,62.9,33.59,407.81,159.75,623.68,0.0,56.19,0.0,126.29,4.42,130.71,183.0,444.28,-16.760000000000005,-82.07000000000002,-7.3,3.130000000000001,6.780529152376286,1.45,0.29,1.34,2.56,1.91,13.090792474344354,17.56299505891296,18.377533257316607,24.280995819080196,16.40324781451919,101.62,47.24,0.0,3.23,2.96,9,2012,371.612007548905,157.07462686567163,210.48
2012-12-31,82.65000000000003,-18.369999999999976,-0.11952787465514532,-0.0564114620277402,11.149999999999999,-10.220000000000027,-6.139999999999986,3.5,0.0,92.86000000000001,-6.300000000000001,40.83,65.14,32.92,360.36,155.74,557.82,0.0,52.69,0.0,79.07,4.74,83.81,183.0,425.92,9.200000000000003,-67.71999999999998,0.0,4.08,-7.320468154599901,1.5,0.2,1.25,2.56,2.05,-13.172928009994255,-17.567728905314638,-17.25026287023057,-22.031377856436386,-15.988048513872238,65.41,36.37,0.0,4.56,4.14,12,2012,-8.669764776119337,153.68800000000002,192.11
2013-03-31,100.69,4.88,0.030000000000000002,0.0,14.82,6.53,9.27,7.5,0.0,94.16,-5.84,22.09,65.59,34.85,361.91,155.65,565.74,0.0,49.68,0.03,77.22,19.24,96.47,183.0,420.95,-9.76,-8.98,-0.01,2.74,62.5,3.26,0.23,0.03,0.0,0.0,3.44,4.84,4.64,4.56,5.36,5.53,4.85,0.0,4.69,4.24,3,2013,0.0,162.66666666666666,4.88
2013-06-30,83.30000000000001,-6.09,-0.050330578512396695,0.14,12.919999999999998,-8.63,-5.59,2.36,0.0,91.94,-6.720000000000001,14.82,66.17,40.04,446.59,180.49,710.71,0.0,46.45,0.04,73.39,16.5,89.89,366.0,572.24,-11.28,-154.35000000000002,158.35999999999999,3.04,-11.722495894909688,1.51,0.16,-0.01,0.14,-14.0,-3.422479338842975,-6.84495867768595,-4.227768595041322,-4.831735537190083,-6.6436363636363645,-0.7,-0.66,0.0,6.09,5.54,6,2013,16.94,121.0,-1.21
2013-09-30,79.13,-12.04,-0.04543396226415094,0.07607547169811321,8.809999999999999,-12.46,-9.71,1.68,0.0,91.58000000000001,-8.44,19.65,62.3,21.83,341.35,112.13,673.72,0.0,30.4,0.04,50.16,14.85,65.01,366.0,560.19,1.1699999999999982,3.690000000000026,-0.01999999999998181,2.749999999999999,-9.24418604651163,1.1,0.12,-0.05,0.14,-2.8,-7.160392452830188,-8.141766037735849,-8.614279245283019,-9.595652830188678,-8.468890566037736,-5.22,-5.04,0.0,6.81,6.37,9,2013,20.16,265.0,-13.25
2013-12-31,40.45999999999998,-21.450000000000003,-0.07417867435158502,0.011700288184438062,1.9600000000000009,-23.54,-19.709999999999997,1.35,0.0,64.0,-13.689999999999998,41.19,33.19,17.23,186.07,330.74,655.84,15.18,19.54,0.04,58.12,14.45,72.56,366.01,536.48,16.01,-10.890000000000015,16.42999999999998,3.83,-4.549825174825175,0.92,0.14,-0.12,0.14,-1.17,-13.080172910662824,-15.52806916426513,-15.9978674351585,-17.827608069164267,-15.750605187319886,-11.83,-11.43,0.0,3.2,2.91,12,2013,3.38333333333334,289.1666666666667,-34.7
2014-03-31,41.62,-22.25,-0.05999999999999999,0.0,1.0,-24.47,-18.62,1.6,0.0,66.09,-23.35,15.91,31.69,21.98,150.79,307.94,678.75,21.01,23.55,10.22,77.29,43.3,120.58,366.02,514.23,-21.61,-8.0,4.32,5.85,-6.6675,1.14,0.23,-0.06,0.0,0.0,-13.12,-15.720000000000002,-17.32,-19.04,-16.28,-56.82,-53.46,0.0,1.95,1.67,3,2014,0.0,370.83333333333337,-22.25
2014-06-30,47.65,-15.89,-0.041662296801258526,0.0,0.3999999999999999,-15.670000000000002,-9.309999999999999,1.58,0.0,63.31999999999999,-22.03,9.15,40.36,32.1,143.88,435.47,699.66,27.34,26.88,10.61,92.55,66.33,158.88,366.02,498.34,-28.53,17.619999999999997,4.15,6.360000000000001,-9.480994336060416,1.16,0.32,-0.1,0.0,0.0,-9.082380702674358,-9.48233875196644,-12.748662821185109,-11.88208704771893,-11.015511274252754,-46.1,-42.72,0.0,1.55,1.21,6,2014,0.0,381.4,-38.14
2014-09-30,64.89999999999999,-5.729999999999997,-0.01567358103487576,0.0,-5.199999999999999,0.020000000000003126,7.780000000000001,2.1,0.0,64.88,-22.57999999999999,6.73,37.73,34.36,188.23,449.02,700.68,29.98,33.0,11.16,96.16,69.51,165.67,366.2,492.8,-10.380000000000003,8.000000000000002,-0.030000000000001137,7.759999999999998,-33.49585514834207,1.56,0.34,-0.12,0.0,0.0,-3.270553909277409,-3.0511237747891484,-4.649829040346476,-4.352031000683837,-3.4690859357191686,-34.73,-28.46,0.0,1.96,1.6,9,2014,0.0,365.5833333333333,-43.87
2014-12-31,63.640000000000015,-31.449999999999996,-0.08351035581518852,0.0,-17.779999999999998,-30.369999999999997,-23.810000000000002,4.38,0.0,94.01000000000002,-42.09,38.23,42.16,25.04,207.53,361.6,712.99,21.86,29.38,7.69,78.25,68.22,146.47,449.54,522.48,-28.43999999999999,-18.470000000000002,78.4,6.560000000000002,-13.11214626391097,3.77,0.28,-0.2,0.0,0.0,-17.637387148167818,-17.203133297928836,-24.084386617100368,-23.767047265002656,-18.55600106213489,-42.26,-34.58,0.0,2.65,2.33,12,2014,0.0,376.59999999999997,-75.32
2015-03-31,58.92,-61.45,-0.08,0.0,-12.52,-66.41,-58.36,2.0,0.0,125.33,-34.66,345.84,47.9,33.23,758.07,466.98,1274.64,14.43,36.16,12.77,100.13,59.89,160.02,864.91,1076.39,-27.35,-269.95,604.91,8.05,-6.25,1.61,0.15,-0.08,0.0,0.0,-19.28,-27.2,-22.84,-30.919999999999998,-22.6,-110.32,-104.29,0.0,7.57,7.24,3,2015,0.0,768.125,-61.45
2015-06-30,70.57000000000001,-14.14,-0.016835560259293558,0.0,-16.39,-18.900000000000006,-9.659999999999997,2.18,0.0,89.48,-43.11,177.36,57.17,30.23,723.23,474.7,1254.0,0.0,36.4,13.22,97.2,57.71,154.91,868.33,1065.67,-41.35999999999999,-117.90000000000003,-9.219999999999914,9.239999999999998,-32.36898514851485,1.78,0.15,-0.09,0.0,0.0,-4.511930149490674,-6.532197380605901,-5.305072099484058,-7.235549675883053,-5.514581293821934,-63.19,-58.38,0.0,7.44,7.13,6,2015,0.0,839.8888888888889,-75.59
2015-09-30,122.82,1.6200000000000045,0.001971069352440184,0.0,-5.669999999999998,-1.8400000000000034,8.489999999999995,2.12,0.0,124.63999999999999,-36.42,273.27,52.11,29.54,675.75,448.53,1259.45,0.0,31.89,12.3,97.02,54.93,151.96,868.33,1067.3,-25.61,103.70000000000005,17.819999999999936,10.330000000000002,268.9403086419745,1.72,0.14,-0.09,0.0,0.0,0.5142300932810614,0.7787914019196994,0.6070893605515767,0.8304772204947976,0.6570231174800614,-40.09,-29.32,0.0,6.97,6.66,9,2015,0.0,821.8888888888889,-73.97
2015-12-31,98.63999999999999,-65.28999999999999,-0.07501364354444923,0.0,6.009999999999998,-66.07999999999998,-55.269999999999996,1.6,0.0,164.73000000000002,-32.03,122.14,93.55,36.33,552.83,492.11,1274.31,11.48,49.61,19.72,126.45,68.5,194.94,872.47,1006.15,-45.140000000000015,-126.64000000000004,20.649999999999977,10.809999999999999,-5.332363302190228,1.39,0.19,-0.16,0.0,0.0,-20.49747809852075,-28.917759586385177,-25.954720666379433,-34.168714634496624,-25.035803532959928,-49.78,-39.68,0.0,4.37,4.08,12,2015,0.0,870.3749999999999,-139.26
2016-03-31,152.1,-31.56,-0.04,0.0,4.05,-32.96,-20.67,1.52,0.0,185.06,-38.32,51.52,123.04,35.5,502.02,508.88,1301.92,2.96,72.53,20.04,195.43,63.43,258.87,873.0,975.12,-30.02,-37.24,-3.36,12.29,-9.5,1.36,0.27,-0.04,0.0,0.0,-9.68,-10.24,-12.96,-12.32,-11.92,-21.78,-20.75,0.0,2.57,2.39,3,2016,0.0,789.0,-31.56
2016-06-30,192.89000000000001,-50.8,-0.05551238465274405,0.0,51.95,-57.71,-35.19,1.32,0.0,250.60000000000002,-52.279999999999994,77.01,141.21,49.24,483.12,596.03,1377.18,20.87,82.73,20.24,212.16,66.55,278.7,992.69,1044.01,-13.279999999999998,-93.6,132.37,22.520000000000003,-5.945970472440945,1.26,0.27,-0.09,0.0,0.0,-14.753958232151529,-16.999125789218066,-19.466342884895578,-19.268965517241377,-19.194949004371054,-25.03,-23.87,0.0,2.28,2.05,6,2016,0.0,915.1111111111111,-82.36
2016-09-30,334.63,0.20000000000000284,0.00021908471275560194,0.0,62.09,4.1000000000000085,29.38,1.26,0.0,330.53000000000003,-37.11,111.34,174.04,84.86,534.24,650.74,1604.55,76.15,94.29,32.77,431.12,122.5,553.61,992.69,1023.2,-24.409999999999997,76.14,-17.409999999999997,25.28,1437.7999999999795,1.22,0.54,-0.09,0.0,0.0,0.04985394352483031,0.058909444985395194,0.07818889970788816,0.07653359298929029,0.07185978578383743,-12.95,-12.09,0.0,1.24,1.04,9,2016,0.0,912.8888888888889,-82.16
2016-12-31,341.14,-55.650000000000006,-0.06057252739278718,0.0,47.75999999999999,-56.849999999999994,-33.44,1.24,0.0,397.99,-91.3,25.73,170.59,80.18,477.29,657.44,1575.47,102.06,89.13,36.07,440.71,146.64,587.35,992.69,970.33,-184.51,-12.420000000000002,111.34,23.409999999999997,-5.119895327942497,1.27,0.61,-0.15,0.0,0.0,-14.133589724983675,-16.265742689209784,-22.936797039402077,-22.51682751614542,-20.41697989986213,-14.64,-13.5,0.0,1.08,0.9,12,2016,0.0,918.7333333333333,-137.81
2017-03-31,291.09,-81.92,-0.07,0.0,53.38,-84.01,-59.07,0.86,0.0,375.1,-59.04,174.48,170.93,94.29,597.36,639.73,1664.26,102.03,89.53,38.02,383.57,122.9,506.47,1240.86,1146.88,-76.39,-39.93,265.06,24.94,-3.0725,0.93,0.44,-0.07,0.0,0.0,-19.68,-22.64,-28.560000000000002,-30.88,-26.240000000000002,-28.9,-28.14,0.0,1.56,1.31,3,2017,0.0,1170.2857142857142,-81.92
2017-06-30,306.15000000000003,-3.480000000000004,-0.002852459016393446,0.0,60.93,-5.699999999999989,13.719999999999999,0.7,0.0,311.86,-51.449999999999996,114.79,172.59,95.89,607.14,646.21,1674.04,96.94,101.32,34.71,356.85,125.55,482.4,1240.86,1143.98,-12.420000000000002,-32.98,-14.280000000000001,19.419999999999998,-61.350574712643606,0.76,0.42,-0.07,0.0,0.0,-0.8312880562060898,-0.9584262295081977,-1.2175925058548023,-1.2730117096018747,-1.1100140515222494,-14.81,-14.3,0.0,1.7,1.43,6,2017,0.0,1220.0,-85.4
2017-09-30,300.52,-53.03,-0.045969804233186445,0.0,61.370000000000005,-53.38000000000001,-22.779999999999994,0.95,0.0,353.8799999999999,-44.58,112.61,166.34,101.45,566.92,613.46,1598.71,98.0,110.68,38.23,358.82,104.5,463.32,1240.86,1090.95,-8.649999999999991,4.989999999999995,1.4699999999999989,30.599999999999994,-5.168610220629833,1.08,0.42,-0.12,0.0,0.0,-13.269950155313154,-13.68367839341183,-19.445227190637866,-20.073481181824746,-17.683051361699054,-15.78,-15.42,0.0,1.58,1.3,9,2017,0.0,1153.5833333333335,-138.43
