,revenue,net_profit,eps,dps,gross_profit,ebit,ebitda,close_price,allowance_doubtful_accounts,expense,operating_profit,cash,account_receivable,inventory,current_asset,property_plant_equipment,total_asset,short_term_loan,account_payable,current_portion_long_term_debt,current_liability,non_current_liability,total_liability,paid_in_capital,total_equity,cash_flow_operation,cash_flow_investment,cash_flow_financing,depreciation,P/E,P/BV,D/E,EPS,DPS,DPR%,ROA%,ROAA%,ROE%,ROAE%,ROCE%,NPM%,NPMA%,CurrentRatio,QuickRatio,month,year,dividend,number_of_shares,return_old
2000-03-31,434.57,-119.34,-2.39,0.0,69.59,-23.53,31.9,6.54,0.0,458.1,-26.35,108.95,1040.0,117.36,1996.86,660.85,4072.79,1023.38,349.16,1841.25,4330.43,395.75,4726.18,500.0,-653.4,183.71,11.66,-173.44,55.43,-0.6850000000000002,-5.01,-7.23,-2.39,0.0,0.0,-11.72,0.0,73.04,0.0,36.52,-28.1,-27.46,0.46,0.43,3,2000,0.0,49.93305439330544,-119.34
2000-06-30,274.83,-244.28,-4.11141741378362,0.0,-42.64,-154.35,-79.77,3.46,0.0,429.18999999999994,-117.31,46.04,1119.84,126.96,1957.13,621.09,3931.64,991.7,326.94,1902.97,4473.22,386.14,4859.35,1450.0,-927.72,-17.180000000000007,-27.82,-17.909999999999997,74.57999999999998,-0.21211662845914522,-5.41,-5.24,-6.12,0.0,0.0,-24.856608547384635,0.0,105.33827622243001,0.0,88.24767834552556,-53.05,-51.26,0.44,0.41,6,2000,0.0,59.41503267973856,-363.62
2000-09-30,504.12,-165.77999999999997,-1.8788817529278425,0.0,82.84,-61.34,15.43,3.46,0.0,565.45,-7.210000000000008,183.61,1178.52,124.65,2235.49,590.48,4151.9,1020.37,365.65,2050.14,4924.63,391.05,5315.68,1450.0,-1163.78,239.13000000000002,-43.84,51.41,76.77000000000001,-0.46304138014235735,-4.31,-4.57,-6.0,0.0,0.0,-15.970494899886663,0.0,56.98022062712505,0.0,38.780119380430676,-44.8,-43.63,0.45,0.43,9,2000,0.0,88.23333333333333,-529.4
2000-12-31,483.49,881.01,10.248089929182902,0.0,22.450000000000003,-144.57000000000002,-135.99,1.97,0.0,628.0600000000002,-10.97999999999999,198.86,1101.86,139.51,2372.62,664.02,4135.48,271.19,327.87,61.98,1577.03,1233.37,2810.4,1812.5,1325.08,24.639999999999986,-14.650000000000006,28.64999999999999,8.580000000000013,0.04789185139782749,2.7,2.12,4.09,0.0,0.0,85.19194562156935,0.0,265.999321976053,0.0,-150.3387275674753,21.41,20.72,1.5,1.42,12,2000,0.0,85.96821515892421,351.61
2001-03-31,586.03,4.73,0.03,0.0,12.37,10.95,69.64,1.44,0.0,575.08,-32.84,112.33,1114.6,112.92,2355.88,552.44,4155.94,154.42,333.79,122.6,1294.38,1042.84,2337.21,1812.5,1818.73,-4.07,-73.52,-26.91,58.69,12.025,1.44,1.29,0.03,0.0,0.0,0.44000000000000006,1.08,1.04,3.24,1.52,0.87,0.81,1.82,1.73,3,2001,0.0,157.66666666666669,4.73
2001-06-30,526.6600000000001,-211.19,-1.1661174077303107,0.0,3.860000000000001,-201.07,-133.72,1.64,0.0,727.7299999999999,-234.63000000000002,100.08,1172.03,122.4,2522.6,501.65,4097.8,219.27,401.02,139.46,1477.21,1015.99,2493.2,1812.5,1604.6,-81.72999999999999,16.259999999999998,56.17,67.35000000000001,-0.3494931104692457,1.85,1.55,-1.14,0.0,0.0,-20.621865736704446,-19.394373728567274,-52.65940714908456,-249.59004165455778,-29.664390196648256,-19.94,-18.56,1.71,1.62,6,2001,0.0,181.10526315789477,-206.46
2001-09-30,609.8199999999999,-237.20000000000002,-1.309876932786368,0.0,69.88,-229.65999999999997,-172.85000000000002,0.96,0.0,839.4900000000002,-240.15999999999997,263.06,925.43,138.42,2452.3,491.42,3717.35,143.47,358.0,165.88,1351.39,987.54,2338.92,1812.5,1378.42,253.60000000000002,-64.61000000000001,-81.5,56.80999999999999,-0.18236446037099496,1.26,1.7,-2.45,0.0,0.0,-25.513194788802235,-22.818590812784564,-68.84071586349907,-884.086733083893,-37.9383131226615,-27.14,-25.76,1.81,1.71,9,2001,0.0,181.0857142857143,-443.66
2001-12-31,571.97,-151.67000000000002,-0.8356333462113449,0.0,19.099999999999994,-142.62,-80.36000000000001,1.15,0.0,714.5799999999999,-126.27999999999997,132.51,1089.85,74.0,2440.06,1006.61,3550.08,124.95,317.16,143.83,1348.42,972.71,2321.13,1812.5,1228.95,-17.660000000000025,-57.41,-20.690000000000005,62.26000000000002,-0.3434520669875387,1.7,1.89,-3.28,0.0,0.0,-17.08972099507836,-14.919112425041574,-49.363511329850674,-47.508812927284026,-26.02692153931433,-26.87,-25.95,1.81,1.75,12,2001,0.0,181.50304878048783,-595.33
2002-03-31,548.62,-146.95,-0.81,0.0,70.48,-141.03,-87.96,1.45,0.0,689.65,-156.14,160.43,849.2,99.32,2065.15,466.64,3364.34,75.55,377.72,117.55,1301.16,970.2,2271.36,1812.5,1092.98,218.09,-61.56,-114.52,53.07,-0.44750000000000006,2.41,2.08,-0.81,0.0,0.0,-17.48,-15.000000000000002,-53.76,-40.36,-27.359999999999996,-28.36,-26.79,1.59,1.51,3,2002,0.0,181.41975308641972,-146.95
2002-06-30,708.7700000000001,-536.21,-2.9590603958077173,0.0,113.38000000000001,-530.53,-483.05,1.88,0.0,1239.3000000000002,-471.80000000000007,131.76,433.78,90.49,1737.04,452.3,2903.39,111.56,425.2,152.02,1412.95,905.62,2318.57,1812.5,584.82,-110.85000000000001,41.31,12.829999999999998,47.48,-0.15925663452751718,5.81,3.96,-3.77,0.0,0.0,-73.87447332982026,-60.21727150301541,-366.76650974881437,-195.94160138181394,-141.46977340593713,-60.0,-54.33,1.23,1.17,6,2002,0.0,181.20954907161803,-683.16
2002-09-30,516.53,52.860000000000014,0.29184959543074734,0.0,43.839999999999975,58.809999999999945,107.18,2.33,0.0,457.72,-26.629999999999995,150.4,534.9,114.38,1695.42,786.42,2856.77,117.32,347.84,124.99,1345.61,901.77,2247.38,1812.5,609.39,111.67999999999999,-46.7,-18.049999999999997,48.36999999999999,1.9972616345062424,6.92,3.69,-3.48,0.0,0.0,7.4002322703474555,6.252961446930035,34.69655592574966,21.274829128986205,13.602874821513568,-38.73,-35.53,1.26,1.17,9,2002,0.0,181.1206896551724,-630.3
2002-12-31,590.44,-22.25,-0.12274921461956938,0.0,35.22000000000003,-15.610000000000014,27.560000000000002,2.24,0.0,606.06,-53.139999999999986,279.57,370.53,115.05,1579.91,784.9,2764.46,69.63,390.57,153.82,1339.38,834.57,2173.95,1812.5,590.52,277.08000000000004,-70.49999999999999,-80.78000000000002,43.170000000000016,-4.5458539325842695,6.88,3.68,-3.6,0.0,0.0,-3.2187571833575976,-2.714121523254923,-15.070875794958242,-9.783112405179681,-6.013347636196461,-29.99,-27.6,1.18,1.09,12,2002,0.0,181.26388888888889,-652.55
2003-03-31,630.49,8.49,0.05000000000000001,0.0,72.12,13.38,58.25,1.77,0.65,617.11,7.74,216.85,383.07,145.89,1572.33,764.19,2697.08,65.66,404.38,151.44,1258.29,834.4,2092.69,1812.5,604.4,-67.41,28.09,-32.43,44.87,8.85,5.31,3.46,0.05,0.0,0.0,1.24,1.76,5.6,3.9999999999999996,3.72,1.4,1.35,1.25,1.13,3,2003,0.0,169.79999999999998,8.49
2003-06-30,512.45,-172.60000000000002,-0.957077569922613,0.0,37.519999999999996,-165.82,-120.0,2.18,121.31,678.2700000000001,-36.42,275.81,372.97,224.47,1624.13,747.6,2514.03,123.29,354.58,148.97,1286.58,774.7,2061.27,1820.54,452.76,-143.49,-7.419999999999998,-6.289999999999999,45.82,-0.570486674391657,8.78,4.55,-0.91,0.0,0.0,-27.471281457558955,-23.685040521601366,-152.50137103162513,-133.06533422704285,-52.25012491621473,-14.96,-14.36,1.26,1.09,6,2003,0.0,180.34065934065936,-164.11
2003-09-30,774.8799999999999,-163.43,-0.8981315259204983,0.0,37.92999999999999,-155.14,-108.34,6.35,203.82,930.02,-39.550000000000004,138.93,325.78,171.29,1465.98,713.42,2561.57,115.59,499.66,147.4,1477.33,753.44,2230.77,1820.54,330.8,84.46000000000001,-68.80000000000001,-28.650000000000006,46.80000000000001,-1.7686719084623386,34.94,6.74,-1.8,0.0,0.0,-25.52689381449594,-22.652872931550345,-197.60889418086342,-139.07067716920074,-56.622203089698964,-17.76,-17.08,0.99,0.88,9,2003,0.0,181.96666666666667,-327.54
2003-12-31,765.9199999999998,12.080000000000041,0.06663031763139565,0.0,61.29000000000002,19.539999999999964,66.01,7.84,220.94,746.3699999999999,-2.6099999999999994,182.1,518.62,191.73,1604.46,717.55,2656.6,111.88,457.26,144.68,1608.48,697.69,2306.17,1820.54,350.43,100.46,2.6799999999999997,-71.6,46.47,29.443803807946917,40.73,6.58,-1.74,0.0,0.0,1.81816521904521,1.6282305205097374,13.788646421099394,10.270259303873743,4.209197996576442,-12.28,-11.75,1.0,0.88,12,2003,0.0,181.29885057471265,-315.46
2004-03-31,762.5,-44.27,-0.24,0.0,6.7,-43.42,-7.72,4.95,5.49,805.92,-47.14,265.9,375.52,261.41,1762.97,713.27,2644.28,185.92,503.12,139.87,1632.05,702.25,2334.3,1820.54,309.98,-117.57,4.84,64.16,35.7,-5.16,29.09,7.53,-0.24,0.0,0.0,-6.680000000000001,-6.52,-57.11999999999999,-38.72,-17.16,-5.93,-5.81,1.08,0.92,3,2004,0.0,184.45833333333334,-44.27
2004-06-30,759.54,67.76,0.37500212856534704,0.0,95.38,60.09,100.92,3.25,7.26,699.4499999999999,16.330000000000002,111.59,633.46,263.99,1849.61,741.44,2841.84,204.97,553.39,76.97,1754.11,713.68,2467.78,1820.54,374.06,17.929999999999993,10.96,-33.709999999999994,40.83,2.1640543831168824,15.8,6.6,0.13,0.0,0.0,9.576977437207322,7.153886760323543,72.46194976585782,65.53883354618988,17.65394636015326,1.6,1.54,1.05,0.9,6,2004,0.0,180.69230769230768,23.49
2004-09-30,792.0500000000002,2.210000000000001,0.01203891050583658,0.0,10.769999999999996,-8.100000000000001,32.66,3.29,8.76,800.1600000000003,-53.59,242.53,656.36,361.25,2183.7,768.55,3211.67,214.11,805.42,76.72,2109.72,725.68,2835.4,1820.54,376.28,164.68,-112.72,16.360000000000003,40.760000000000005,68.40735294117644,15.94,7.54,0.14,0.0,0.0,0.2751750972762647,0.10319066147859926,2.34930739299611,2.5006536964980555,0.2682957198443581,1.16,1.11,1.04,0.86,9,2004,0.0,183.57142857142856,25.7
2004-12-31,989.8299999999999,0.8000000000000007,0.0045283018867924565,0.0,-17.599999999999994,-6.84,36.27999999999999,2.62,10.22,996.6699999999996,-85.32,88.62,771.72,317.46,2329.7,763.82,3305.74,415.81,730.05,116.49,2238.43,690.42,2928.86,1820.54,376.89,-368.38,47.230000000000004,199.98,43.11999999999999,144.67343749999986,12.66,7.77,0.15,0.0,0.0,0.09660377358490575,0.0072452830188679315,0.8489056603773593,0.8803018867924536,0.019320754716981147,0.85,0.8,1.04,0.9,12,2004,0.0,176.66666666666669,26.5
2005-03-31,867.36,-62.33,-0.34,0.0,-18.46,-65.64,-22.36,2.81,1.16,933.0,-83.97,104.41,726.98,404.69,2409.84,754.39,3369.79,359.83,839.56,115.98,2356.85,698.37,3055.23,1820.54,314.57,-9.24,-15.88,46.8,43.28,-2.07,16.28,9.71,-0.34,0.0,0.0,-7.4,-8.72,-79.24,-79.84,-25.92,-7.36,-7.19,1.02,0.85,3,2005,0.0,183.3235294117647,-62.33
2005-06-30,803.2499999999999,-137.35000000000002,-0.7566356169871796,0.0,-94.37,-145.37,-99.09,2.35,4.63,948.6099999999999,-164.4,109.97,793.22,415.92,2432.18,771.26,3417.88,292.73,935.49,116.55,2532.86,707.64,3240.49,1820.54,177.39,126.67,-42.87,-53.059999999999995,46.28,-0.7741507098653074,24.09,18.27,-1.1,0.0,0.0,-16.068189102564105,-18.544451121794875,-309.7253505608975,-199.25655048076925,-65.59342948717949,-12.26,-11.95,0.96,0.8,6,2005,0.0,181.52727272727273,-199.68
2005-09-30,920.6000000000001,54.81999999999999,0.09082424409774953,0.0,-58.42999999999999,-119.50999999999999,-71.32000000000001,1.29,28.73,1040.1200000000001,-134.29000000000002,1144.39,745.3,441.62,3513.94,761.7,4493.22,118.84,676.43,19.94,2045.38,95.12,2140.5,2484.64,2352.72,-232.49,-1024.41,1299.6299999999999,48.19,3.554117110543598,1.36,0.91,-0.24,0.0,0.0,4.874234433245892,12.987866905978183,9.324622394035618,16.075891205301666,20.435454921993642,-5.77,-5.59,1.72,1.5,9,2005,0.0,603.5833333333334,-144.86
2005-12-31,1192.9099999999999,28.680000000000007,0.02715441556205888,0.0,148.69,16.909999999999968,69.84,1.05,0.0,1175.9999999999995,15.450000000000045,561.61,648.7,345.4,3070.55,984.72,4300.59,106.48,573.95,19.42,1827.12,92.07,1919.19,2484.64,2381.4,-255.95,337.4200000000001,-25.00999999999999,52.93000000000001,9.67153940027894,1.1,0.81,-0.11,0.0,0.0,2.666069891547599,8.146324668617664,4.818674470648994,8.314188328455845,12.520654157342058,-3.11,-3.07,1.68,1.49,12,2005,0.0,1056.1818181818182,-116.18
2006-03-31,1069.28,-11.15,-0.01,0.0,65.04,-21.9,32.13,0.92,4.78,1091.17,-20.5,190.26,722.32,428.59,3006.02,944.78,4289.05,73.65,779.66,18.63,1825.98,93.0,1918.98,2484.64,2370.07,-205.55,141.55,-33.76,54.03,-23.0,0.96,0.81,-0.01,0.0,0.0,-1.04,-2.28,-1.88,-3.32,-3.56,-1.05,-1.04,1.65,1.41,3,2006,0.0,1115.0,-11.15
2006-06-30,1116.4199999999998,31.770000000000003,0.015407371483996122,0.0,63.42999999999999,21.86,76.50999999999999,0.6,22.8,1094.5699999999997,-19.53,149.82,733.56,645.86,3242.11,908.3,4470.55,82.17,1016.41,17.89,1969.85,98.86,2068.71,2484.64,2401.84,-73.44,79.5,22.4,54.650000000000006,9.735599622285173,0.62,0.86,0.01,0.0,0.0,2.8349563530552864,-0.0,5.300135790494665,9.86071774975752,-0.0,0.98,0.94,1.65,1.32,6,2006,0.0,2062.0,20.62
2006-09-30,1432.1400000000003,17.2,0.009095716552088842,0.0,86.19999999999999,11.79,18.260000000000005,0.69,27.9,1420.3500000000004,-6.399999999999999,114.14,897.27,610.42,3832.71,882.72,5009.52,353.16,1159.36,16.21,2477.11,98.25,2575.35,2484.64,2418.96,-296.30999999999995,-6.310000000000002,277.58000000000004,6.469999999999999,18.964970930232557,0.71,1.06,0.02,0.0,0.0,1.3643574828133262,0.45478582760444203,2.8378635642517187,2.892437863564252,0.8368059227921735,1.07,1.05,1.55,1.3,9,2006,0.0,1891.0,37.82
2006-12-31,1090.0199999999995,-150.71,-0.06675081938169901,0.0,90.82000000000002,-153.23,-43.57000000000001,0.74,73.66,1243.25,-11.969999999999999,154.48,975.0,703.73,3821.04,864.38,5073.34,308.35,1143.48,27.35,2533.5,255.58,2789.08,2484.64,2268.14,178.21999999999997,-83.81,-53.960000000000036,109.66,-2.771501559286046,0.81,1.23,-0.05,0.0,0.0,-11.908346177695101,-16.12699796261848,-26.593526441668885,-25.95271857560457,-29.744165116485078,-2.45,-2.4,1.51,1.23,12,2006,0.0,2257.7999999999997,-112.89
2007-03-31,928.5,-475.26,-0.19,0.0,-363.65,-475.09,-418.55,0.59,22.06,1403.6,-468.33,120.94,1009.86,644.31,3365.23,821.23,4589.52,359.18,1235.29,58.37,2579.4,206.06,2785.46,2484.64,1792.14,-11.86,-54.75,33.82,56.54,-0.7775,0.82,1.55,-0.19,0.0,0.0,-41.44,-42.8,-106.08,-91.36,-94.52,-52.15,-51.19,1.3,1.05,3,2007,0.0,2501.3684210526317,-475.26
2007-06-30,1003.3199999999999,-150.62,-0.06016329008755672,0.0,59.60999999999996,-151.39000000000004,-95.50999999999993,0.65,167.18,1154.69,-35.35000000000002,144.14,700.01,813.72,3237.12,752.34,4483.46,249.24,1253.19,44.24,2612.74,215.5,2828.25,2484.64,1640.95,199.37,-62.17,-113.43,55.88,-2.700982605231709,0.98,1.72,-0.25,0.0,0.0,-13.438072473956671,-13.466950853198698,-36.714046143030615,-29.8024873777721,-32.23789736051639,-33.25,-32.4,1.24,0.93,6,2007,0.0,2503.52,-625.88
2007-09-30,1478.2,-0.22000000000002728,-8.784539210989749e-05,0.0,89.60000000000002,-0.35000000000002274,54.52999999999997,0.75,183.26,1478.56,-5.050000000000011,135.03,807.57,521.74,3158.06,711.88,4338.36,244.7,1138.25,32.36,2458.23,220.72,2678.95,2484.64,1642.8,-27.359999999999985,9.629999999999995,6.540000000000006,54.88000000000001,-2134.431818181554,1.13,1.63,-0.25,0.0,0.0,-0.02028174413033313,-0.018848107331099605,-0.05356460629293109,-0.04333237501997023,-0.046860245967103725,-18.82,-18.36,1.28,1.07,9,2007,0.0,2504.4,-626.1
2007-12-31,551.8400000000001,-480.2199999999999,-0.19533136886253524,0.0,-352.78000000000003,-482.2099999999999,-199.68000000000006,0.66,224.34,1034.0499999999997,-451.65999999999997,105.61,715.45,657.86,2767.77,829.92,3992.76,415.79,1055.9,18.21,2585.73,228.6,2814.33,2484.64,1159.9,-83.35000000000001,-126.14999999999999,182.76999999999998,282.53,-0.8466382074882346,1.41,2.43,-0.45,0.0,0.0,-48.11228649938534,-42.48674307614433,-165.60627521874318,-112.07679875623687,-136.85349772217802,-28.69,-27.92,1.07,0.82,12,2007,0.0,2458.4888888888886,-1106.32
2008-03-31,1202.03,106.04,0.04,0.0,37.26,123.1,172.67,0.53,1.07,1078.93,-33.87,123.19,595.79,663.06,2645.77,767.71,3785.44,412.56,964.96,6.28,2394.78,110.19,2504.98,2484.64,1262.36,23.81,9.7,-12.36,49.57,3.3124999999999996,1.04,1.98,0.04,0.0,0.0,11.2,11.76,33.6,27.76,35.4,10.2,8.82,1.1,0.83,3,2008,0.0,2651.0,106.04
2008-06-30,1012.4399999999998,72.59999999999998,0.028448275862068963,0.0,130.20000000000002,74.15,134.62000000000003,0.37,0.0,938.3,14.709999999999997,191.32,634.61,548.88,2529.82,724.41,3621.06,449.9,782.01,5.55,2152.83,108.87,2261.7,2484.64,1339.02,-9.799999999999999,-6.069999999999999,79.95,60.470000000000006,3.254151515151516,0.69,1.69,0.07,0.0,0.0,8.014285714285712,7.916748768472905,21.685714285714283,19.491133004926102,21.832019704433492,8.98,8.07,1.18,0.92,6,2008,0.0,2551.9999999999995,178.64
2008-09-30,779.44,28.340000000000003,0.01095371533481496,0.0,16.5,16.97,64.19,0.28,0.0,762.46,-44.44,124.32,615.96,562.11,2216.93,678.34,3330.9,248.06,680.89,0.0,1854.47,97.09,1951.56,2484.64,1356.7,154.18,0.11000000000000032,-210.64000000000001,47.219999999999985,6.3905257586450235,0.51,1.44,0.08,0.0,0.0,3.401128611460045,3.061563436080781,8.357684800463813,7.5580635810223225,7.946920475408253,7.66,6.91,1.2,0.89,9,2008,0.0,2587.25,206.98
2008-12-31,806.73,4.840000000000003,0.0020564630346520643,0.0,49.25999999999999,-3.8799999999999955,46.24000000000001,0.23,0.0,810.6100000000001,2.740000000000002,158.35,515.37,583.61,2112.88,637.7,3130.63,262.4,532.57,0.0,1630.25,107.37,1737.62,2484.64,1370.86,-21.870000000000005,11.459999999999999,35.120000000000005,50.120000000000005,28.009256198347085,0.42,1.27,0.09,0.0,0.0,0.6187668775375323,0.5401642904352757,1.4121046171277511,1.530008497781136,1.2814049664809752,6.03,5.57,1.3,0.94,12,2008,0.0,2353.5555555555557,211.82
2009-03-31,868.19,17.55,0.01,0.0,71.02,14.06,61.81,0.21,0.0,854.12,-3.17,159.8,528.04,537.14,2108.93,639.45,3140.48,257.35,551.77,0.0,1636.26,92.08,1728.35,2484.64,1389.73,-1.48,-52.2,53.81,47.75,5.25,0.38,1.24,0.01,0.0,0.0,2.24,1.64,5.04,5.28,3.72,2.1,2.02,1.29,0.96,3,2009,0.0,1755.0,17.55
2009-06-30,910.53,30.849999999999998,0.01274793388429752,0.0,109.36999999999999,66.07,114.03999999999999,0.36,0.0,844.4699999999999,20.759999999999998,178.87,663.5,448.22,2168.0,1343.82,3969.67,235.05,587.76,30.0,1670.67,864.71,2535.38,2484.64,1412.06,82.88000000000001,-774.8299999999999,719.55,47.97,7.059967585089141,0.63,1.8,0.02,0.0,0.0,3.1104958677685945,5.379628099173553,8.7450826446281,8.974545454545453,8.898057851239669,2.87,2.72,1.3,1.03,6,2009,0.0,2420.0,48.4
2009-09-30,828.99,41.470000000000006,0.0184577723378213,0.0,117.60000000000002,55.27000000000001,104.01000000000002,0.46,-7.12,773.72,33.56999999999999,153.44,819.06,440.28,2227.0,1538.9,4291.24,463.13,566.76,75.0,1916.12,896.15,2812.28,2484.64,1456.51,-22.10000000000001,-330.81999999999994,324.4999999999999,48.74000000000001,6.230437665782493,0.78,1.93,0.04,0.0,0.0,3.857674418604651,6.552509179926561,11.38844553243574,11.794516523867811,10.52093023255814,3.59,3.45,1.16,0.93,9,2009,0.0,2246.75,89.87
2009-12-31,809.21,8.060000000000002,0.0032921474522618205,0.0,74.94999999999999,29.78,81.76999999999998,0.4,0.0,779.4299999999998,-9.259999999999998,205.76,550.28,454.37,2144.94,1782.74,4568.68,408.07,688.44,120.0,2022.13,1053.94,3076.07,2484.64,1468.99,285.44,-370.84000000000015,133.30000000000018,51.98999999999998,30.375310173697265,0.68,2.09,0.04,0.0,0.0,0.7045195547840296,1.4123312570203208,2.195862350658634,2.2715817420606563,2.1366036965179216,3.0,2.87,1.06,0.84,12,2009,0.0,2448.25,97.93
2010-03-31,871.33,31.06,0.01,0.0,130.13,66.86,151.71,0.37,0.0,804.48,42.2,178.12,758.81,546.39,2320.75,2294.32,5205.75,210.64,1151.75,165.0,2465.73,1214.2,3679.92,2484.64,1502.79,506.06,-558.26,21.83,84.85,9.25,0.61,2.45,0.01,0.0,0.0,2.4,6.4,8.28,8.6,9.76,3.7,3.56,0.94,0.72,3,2010,0.0,3106.0,31.06
2010-06-30,1149.9499999999998,31.640000000000004,0.015138755980861247,0.0,113.09,59.19,151.73,0.42,26.25,1090.75,59.28,185.04,536.81,331.54,2218.94,2318.36,5143.02,167.67,1206.04,190.0,2440.61,1146.41,3587.02,2484.64,1533.24,231.22999999999996,-132.88,-94.61,92.53999999999999,6.935840707964601,0.68,2.34,0.03,0.0,0.0,2.4625709728867626,5.591247208931421,8.255668261562999,8.598813397129188,9.406213716108454,3.21,3.1,0.91,0.77,6,2010,0.0,2090.0,62.7
2010-09-30,909.3300000000002,-17.89,-0.00798482481588931,0.0,87.98999999999998,27.950000000000003,129.62,0.99,15.38,881.3800000000001,-3.660000000000011,187.98,564.47,362.49,2201.78,2520.14,5336.67,226.24,1432.87,205.0,2698.26,1088.61,3786.87,1552.9,1526.03,314.3800000000001,-330.30000000000007,12.550000000000004,101.67000000000002,-30.996296813862497,1.01,2.48,0.02,0.0,0.0,-1.341450569069404,-5.1102878821691595,-4.695076991742914,-4.790894889533586,-9.326275384958715,1.58,1.53,0.82,0.68,9,2010,0.0,2240.5,44.81
2010-12-31,1099.23,9.46,0.005229408512990603,0.0,1025.23,80.06,177.52000000000004,0.73,32.92,1019.1700000000001,76.4,135.36,712.04,411.24,2420.06,2536.06,5608.37,360.14,1097.68,0.0,2933.58,1105.33,4038.92,1552.9,1523.44,33.98000000000002,-163.65999999999985,89.11,97.45999999999998,34.89400369978858,0.74,2.65,0.03,0.0,0.0,0.6763368343467846,3.207370554634236,2.482225907499539,2.5310337202874518,6.100976598489036,1.38,1.35,0.82,0.68,12,2010,0.0,1809.0000000000002,54.27
2011-03-31,1157.55,-18.54,-0.01,0.0,75.91,21.5,119.4,0.67,0.0,1136.04,6.58,182.42,577.9,669.7,2642.08,2478.27,5620.93,394.43,1113.95,185.45,3026.67,1164.41,4191.08,1552.9,1385.55,32.85,-30.43,37.26,97.9,-16.75,0.75,3.02,-0.01,0.0,0.0,-1.32,1.6,-5.36,-5.12,3.32,-1.63,-1.6,0.87,0.65,3,2011,0.0,1853.9999999999998,-18.54
2011-06-30,871.72,-70.44,-0.04749831422791638,0.0,-1.4299999999999926,-34.38,63.120000000000005,0.67,0.0,906.1000000000001,-64.59,90.33,524.05,592.73,2464.17,2448.6,5418.78,359.99,1149.67,189.37,2868.17,1189.24,4057.41,1552.9,1322.98,-44.96,-59.88,4.880000000000003,97.5,-3.5274936115843274,0.79,3.07,-0.06,0.0,0.0,-5.19314902225219,-0.7599730276466622,-21.31091031692515,-19.727633175994605,-1.583277140930546,-4.51,-4.38,0.86,0.65,6,2011,0.0,1483.0000000000002,-88.98
2011-09-30,1096.5700000000002,172.27,0.1034157762036259,0.0,-24.440000000000005,205.35,299.23,0.5,0.0,891.2299999999998,-84.67000000000002,181.39,630.34,749.87,2776.44,2485.28,5812.44,319.32,1460.69,172.14,3209.84,1185.61,4395.45,1552.9,1378.9,304.16,-216.49,3.5799999999999983,93.87999999999997,1.2087130666976258,0.56,3.19,0.05,0.0,0.0,11.830764797694801,28.542754232200743,49.970503061592034,47.40579181174211,61.222139512546526,3.0,2.66,0.86,0.63,9,2011,0.0,1665.8,83.29
2011-12-31,1306.2699999999995,12.489999999999995,0.00782418041344748,0.0,99.5,44.94999999999999,144.72000000000003,0.65,10.02,1261.3199999999997,15.5,216.77,556.56,722.81,3121.7,2464.18,6207.42,518.52,1747.99,228.38,3633.24,1144.82,4778.06,1552.9,1391.31,-87.97,-81.42000000000002,204.84,99.77000000000004,20.762558046437157,0.73,3.43,0.06,0.0,0.0,0.8032825224472746,2.0968803508039247,3.5886907496345772,3.426991021089997,4.8092628941323845,2.36,2.16,0.86,0.66,12,2011,0.0,1596.3333333333335,95.78
2012-03-31,1313.62,56.88,0.04,0.0,108.65,91.03,196.27,0.71,0.0,1222.59,38.77,131.64,632.87,825.33,3440.51,2483.14,6573.98,533.18,1979.63,250.45,3883.71,1202.53,5086.24,1552.9,1448.41,-43.61,-117.66,75.92,105.24,4.4375,0.76,3.51,0.04,0.0,0.0,3.48,5.96,15.72,16.04,13.52,4.51,4.33,0.89,0.67,3,2012,0.0,1422.0,56.88
2012-06-30,1517.29,36.74999999999999,0.023550144184556226,0.0,80.66999999999999,68.85999999999999,174.73,0.68,0.0,1448.4400000000003,13.329999999999998,115.82,1018.3,937.47,3969.28,2516.01,7096.42,552.96,2353.14,277.53,4427.69,1144.38,5572.07,1552.9,1484.72,86.05,-54.370000000000005,-47.05,105.87000000000002,7.216516326530614,0.71,3.75,0.06,0.0,0.0,2.072412688240948,4.019224607497597,9.906760653636653,10.471964114066004,9.404357577699454,3.44,3.31,0.9,0.68,6,2012,0.0,1560.5,93.63
2012-09-30,1805.7300000000005,133.64000000000001,0.0882034584415013,0.0,153.04000000000002,168.09000000000003,276.34000000000003,1.05,4.38,1637.6299999999997,71.97999999999999,435.02,984.02,1112.32,4118.4,2553.93,7329.47,712.84,2271.58,298.53,4515.22,1153.61,5668.83,1552.9,1619.12,231.14,-86.01000000000002,173.31,108.25,2.9760737803052977,1.01,3.5,0.15,0.0,0.0,7.291485897830775,11.73694020328244,33.023374840498086,35.657718132617596,27.40187442249307,5.13,4.9,0.91,0.67,9,2012,0.0,1515.1333333333334,227.27
2012-12-31,2633.5099999999993,311.64,0.20239743185318512,0.0,166.03999999999996,339.43999999999994,453.59000000000003,1.92,0.0,2294.0699999999997,-23.209999999999994,270.76,1132.0,872.52,4321.61,2628.46,7598.33,756.9,2300.2,316.75,4454.09,1172.05,5626.14,1552.9,1930.93,125.34000000000003,-284.28000000000003,-5.490000000000009,114.14999999999998,2.373424383904505,1.54,2.91,0.35,0.0,0.0,16.39997476387523,22.367807611660577,64.55899797739882,75.03740216362657,49.10739975134995,8.04,7.41,0.97,0.77,12,2012,0.0,1539.7428571428572,538.91
2013-03-31,1681.87,55.16,0.04,0.0,139.57,101.18,214.66,5.05,0.0,1580.68,50.02,186.77,1027.8,1111.01,4488.02,2629.65,7873.44,953.87,2365.28,401.25,4796.9,1181.41,5978.3,1552.9,1855.6,-463.87,115.47,262.6,113.48,31.5625,4.23,3.22,0.04,0.0,0.0,2.8,5.6,11.88,13.36,13.16,3.38,3.28,0.94,0.7,3,2013,0.0,1378.9999999999998,55.16
2013-06-30,1870.85,51.35000000000001,0.02892686132757488,0.12,95.06,91.22999999999999,209.01000000000002,2.66,0.0,1779.6299999999999,32.809999999999995,188.9,1129.66,1129.71,5214.96,2821.6,8791.76,858.04,2452.12,453.23,4583.31,1107.64,5690.95,1974.74,3061.48,-386.78,-424.61,819.15,117.77999999999999,22.98728481012658,1.72,1.86,0.06,0.12,2.0,2.3334334804243735,4.666866960848747,6.711031827997372,9.044465308421746,8.813050417801147,3.09,3.0,1.14,0.89,6,2013,213.02,1775.1666666666667,106.51
2013-09-30,1819.1600000000003,6.1299999999999955,0.003265269886363634,0.006530539772727268,113.53000000000003,40.06,162.16000000000003,2.4,0.0,1779.1,42.25,270.88,1747.2,1064.97,5526.59,2837.33,9147.62,878.46,2481.81,477.54,4965.3,1076.92,6042.23,1974.8,3065.76,139.36,44.44,-99.84000000000003,122.10000000000002,183.75203915171303,1.55,1.97,0.06,0.12,2.0,0.26775213068181797,0.6138707386363631,0.7989026988636356,1.047063210227272,1.2103267045454535,2.14,2.1,1.11,0.9,9,2013,12.259999999999991,1877.3333333333335,112.64
2013-12-31,1583.8099999999995,-54.28,-0.02790267306374229,0.00419465387251542,8.869999999999948,-12.509999999999991,113.24000000000001,1.87,0.0,1596.3199999999997,-134.19,298.59,1563.43,1374.51,5516.6,2705.92,8988.0,854.97,2342.13,371.28,4721.19,1238.91,5960.1,1974.8,2984.71,34.49000000000001,61.81,-62.110000000000014,125.75,-16.753771186440677,1.24,2.0,0.03,0.12,4.0,-2.418231665524332,-9.858944482522276,-7.291898560657985,-8.817244688142564,-19.197039067854696,0.87,0.84,1.17,0.88,12,2013,8.159999999999997,1945.3333333333335,58.36
2014-03-31,1820.63,10.0,0.01,0.0,123.24,50.67,178.77,1.89,0.0,1769.96,35.44,232.06,1685.99,1448.67,5799.68,2748.18,9365.23,853.46,2594.65,422.57,4988.25,1336.04,6324.29,1974.8,2996.73,55.66,-194.81,70.61,128.1,47.25,1.25,2.11,0.01,0.0,0.0,0.43999999999999995,2.36,1.32,1.6399999999999997,4.64,0.55,0.55,1.16,0.87,3,2014,0.0,1000.0,10.0
2014-06-30,1919.9499999999998,30.35,0.015043370508054524,0.0,131.82,65.34,199.53,2.18,1.51,1854.6100000000001,48.150000000000006,545.67,1458.3,1509.0,5997.98,2831.84,9569.7,815.55,2679.37,361.58,4878.94,1360.2,6239.14,2103.1,3289.38,225.69000000000003,-123.08999999999997,211.07999999999998,134.19000000000003,36.22858319604613,1.39,1.9,0.02,0.0,0.0,1.2636431226765799,3.79092936802974,3.7006691449814126,3.821016109045849,7.431425030978936,1.09,1.08,1.23,0.92,6,2014,0.0,2017.5,40.35
2014-09-30,2021.37,-116.00999999999999,-0.06133227597145123,0.0,-7.939999999999998,-85.75,54.06999999999999,2.18,2.2,2107.1199999999994,-102.28,1061.26,1664.95,1500.53,7304.46,2883.2,10929.58,613.09,2545.02,417.94,4820.88,2892.99,7713.88,2103.1,3174.4,-395.77000000000004,-393.09000000000003,1304.0,139.82,-8.88602275665891,1.44,2.43,-0.04,0.0,0.0,-4.231927042030135,1.8399682791435366,-14.597081681205392,-14.842410785091195,3.0666137985725612,-1.33,-1.31,1.52,1.2,9,2014,0.0,1891.4999999999998,-75.66
2014-12-31,2129.9400000000005,84.78,0.0,,161.5,133.09,278.01,1.66,0.0,1996.8500000000004,69.26,683.86,1171.9,1810.05,7454.73,2957.48,11257.03,578.4,2321.97,451.98,4588.25,2795.12,7383.37,2585.48,3836.88,-369.9,-499.3699999999999,495.19000000000005,144.91999999999996,0.0,1.12,1.92,0.0,0.0,0.0,2.974736842105264,59.86657894736843,8.92421052631579,10.039736842105265,91.1013157894737,0.12,0.12,1.62,1.23,12,2014,,inf,9.12
2015-03-31,1808.34,31.61,0.01,0.0,120.32,71.5,136.25,1.83,0.0,1736.84,29.38,616.12,1285.61,1973.38,7274.73,1638.66,9723.28,564.41,1650.95,144.51,3472.28,2345.35,5817.62,2585.48,3868.54,-392.94,280.92,71.54,64.75,45.75,1.22,1.5,0.01,0.0,0.0,1.32,3.0,3.28,3.68,4.56,1.79,1.75,2.1,1.53,3,2015,0.0,3161.0,31.61
2015-06-30,1940.9400000000003,14.75,0.006363244176013805,0.0,131.13,57.00999999999999,124.74000000000001,1.88,0.0,1883.93,18.12,492.74,1087.66,1996.99,7731.52,1840.32,10405.17,522.29,1691.77,17.59,4046.66,2441.39,6488.05,2585.48,3880.41,84.38999999999999,-134.54000000000002,-72.99000000000001,67.72999999999999,73.86169491525423,1.25,1.67,0.02,0.0,0.0,0.5726919758412424,1.6417169974115617,1.5144521138912854,1.6417169974115617,2.5707506471095773,1.25,1.24,1.91,1.42,6,2015,0.0,2318.0,46.36
2015-09-30,2093.81,-58.31,0.0,,133.14,1.990000000000009,73.58999999999997,1.66,0.0,2091.82,-32.83,676.22,1120.48,2091.9,9031.0,1985.59,11808.81,410.1,1563.29,178.42,3917.0,4031.55,7948.55,2585.48,3823.01,-260.23999999999995,-971.25,1415.52,71.60000000000002,0.0,1.12,2.08,0.0,0.0,0.0,-1.9517991631799165,22.44569037656904,-6.050577405857742,-6.636117154811717,32.20468619246862,-0.21,-0.2,2.31,1.77,9,2015,,-inf,-11.95
2015-12-31,1829.7200000000003,-161.89000000000001,-0.06518810400368157,,34.97000000000003,-127.51,-57.06999999999999,1.32,210.22,1957.2299999999996,27.17,641.32,1552.77,2111.35,8291.24,2146.67,11434.84,385.44,1403.34,20.71,3604.41,4147.7,7752.11,2585.48,3644.07,-328.08000000000004,254.0,39.00999999999999,70.43999999999997,-5.063040336030637,0.94,2.13,-0.07,0.0,0.0,-5.662052462034055,0.11175103543488266,-17.768414634146342,-17.321410492406812,0.14900138057984355,-2.29,-2.27,2.3,1.71,12,2015,,2483.428571428571,-173.84
2016-03-31,1736.42,14.35,0.01,0.0,124.65,60.64,135.81,1.24,0.0,1675.77,17.06,569.53,1185.15,2266.48,8081.63,2235.26,11333.6,297.16,1296.07,195.73,3386.05,4251.32,7637.37,2585.48,3660.71,229.99,-284.41,-17.48,75.17,31.0,0.88,2.09,0.01,0.0,0.0,0.52,2.32,1.56,1.52,3.04,0.85,0.83,2.39,1.72,3,2016,0.0,1435.0,14.35
2016-06-30,1993.96,12.340000000000002,0.004623454477332335,0.0,154.80999999999997,66.55,144.08999999999997,1.4,0.0,1927.42,45.790000000000006,473.49,1710.88,2465.5,8705.35,2376.86,12182.03,261.18,1722.78,222.6,4064.76,4402.77,8467.53,2585.48,3673.65,103.48000000000002,-270.22999999999996,70.7,77.54,75.70097244732577,0.99,2.3,0.01,0.0,0.0,0.4068639940052454,2.089801423754215,1.3500487073810417,1.313061071562383,2.903529411764706,0.73,0.72,2.14,1.54,6,2016,0.0,2669.0,26.69
2016-09-30,2155.9399999999996,-5.380000000000003,-0.002524636320976069,0.0,138.07,49.97999999999999,131.70000000000005,1.18,0.0,2105.97,43.73,585.15,1022.28,2525.69,8346.48,2514.24,11997.28,205.31,1656.89,1744.48,5504.32,2779.78,8284.1,2585.48,3669.36,-78.05000000000004,244.74,-55.17,81.72,-116.84851301115236,0.83,2.26,0.01,0.0,0.0,-0.18177381511027693,-1.504683247301737,-0.5857156264664479,-0.5756170811825436,-2.756902862505867,0.36,0.36,1.52,1.06,9,2016,0.0,2131.0,21.31
2016-12-31,2513.09,30.710000000000004,0.011806997308727415,0.0,237.26999999999998,102.34,192.18999999999994,1.23,0.0,2410.74,85.33,656.54,1354.39,2490.97,8644.2,2729.58,12576.77,138.25,1700.43,1910.75,5884.66,2946.46,8831.12,2585.48,3700.09,376.5300000000001,-323.97,19.169999999999998,89.84999999999997,26.04387821556496,0.86,2.39,0.02,0.0,0.0,0.9681737793156479,5.5020607458669755,3.3295732410611305,3.3531872356785852,9.870649750096117,0.63,0.62,1.47,1.05,12,2016,0.0,2601.0,52.02
2017-03-31,2087.43,-6.54,0.0,,161.78,53.05,148.6,1.27,0.0,2034.38,24.47,429.21,1490.54,2611.81,8388.99,2718.76,12497.37,229.65,1750.77,1557.06,5482.6,3281.71,8764.31,2585.48,3686.6,-788.68,354.03,206.87,95.55,0.0,0.89,2.38,0.0,0.0,0.0,-0.2,1.8,-0.72,-0.72,3.04,-0.32,-0.31,1.53,1.05,3,2017,,-inf,-6.54
2017-06-30,2140.82,14.95,0.0,,179.54999999999998,89.63000000000001,185.17999999999998,1.26,0.0,2051.19,51.71000000000001,424.8,1466.71,2787.38,8689.14,2725.38,12777.79,466.68,2034.62,1801.01,5953.94,3073.02,9026.96,2585.48,3701.47,-213.80000000000007,-75.55999999999995,284.68,95.55,0.0,0.88,2.44,0.0,0.0,0.0,0.49774078478002376,8.10606420927467,1.6354340071343638,1.6354340071343638,14.861117717003564,0.2,0.2,1.46,0.99,6,2017,,inf,8.41
2017-09-30,2632.9300000000003,-74.59,-0.03381233000906618,,130.5,-13.090000000000003,84.76000000000005,1.42,0.0,2646.02,-16.790000000000006,795.88,1418.28,2630.41,8853.5,2749.53,12959.27,253.27,2129.2,2037.51,6242.83,3036.85,9279.68,2585.48,3627.12,618.79,-79.31000000000003,-168.37,97.85,-10.498389194261966,1.01,2.56,-0.03,0.0,0.0,-2.2992384406165005,4.688643094590511,-8.205125415533393,-8.160042308854639,8.701039588999697,-0.97,-0.96,1.42,1.0,9,2017,,2206.0000000000005,-66.18
