,revenue,net_profit,eps,dps,gross_profit,ebit,ebitda,close_price,allowance_doubtful_accounts,expense,operating_profit,cash,account_receivable,inventory,current_asset,property_plant_equipment,total_asset,short_term_loan,account_payable,current_portion_long_term_debt,current_liability,non_current_liability,total_liability,paid_in_capital,total_equity,cash_flow_operation,cash_flow_investment,cash_flow_financing,depreciation,P/E,P/BV,D/E,EPS,DPS,DPR%,ROA%,ROAA%,ROE%,ROAE%,ROCE%,NPM%,NPMA%,TIE,CurrentRatio,QuickRatio,month,year,dividend,number_of_shares,return_old
2000-03-31,961.32,45.6,0.82,0.0,53.39,80.65,102.65,1.41,0.0,880.67,5.74,23.32,216.15,343.06,1660.77,620.14,3527.59,1388.05,210.57,0.0,1780.5,601.08,2381.58,600.0,1116.34,20.19,1.74,-53.41,22.0,0.4275,0.76,2.13,0.82,0.0,0.0,5.16,0.0,16.32,0.0,18.48,5.27,4.74,0.0,0.93,0.74,3,2000,0.0,55.60975609756098,45.6
2000-06-30,967.2999999999998,84.48000000000002,1.5197047970479707,0.0,112.92,126.10999999999999,147.39,1.25,0.0,841.1899999999999,60.529999999999994,39.76,226.72,297.42,1717.13,610.5,3681.29,1352.04,250.14,0.0,1782.94,674.06,2457.0,600.0,1193.72,123.66,-71.39999999999999,-35.88000000000001,21.28,0.20401988636363633,0.63,2.06,2.34,0.0,0.0,9.17018450184502,0.0,28.31586715867159,0.0,28.28988929889299,7.16,6.74,0.0,0.96,0.8,6,2000,0.0,55.5897435897436,130.08
2000-09-30,1157.38,65.0,1.169520196842321,0.0,204.71999999999997,136.23000000000002,174.21,1.33,0.0,1021.1500000000003,116.88000000000001,32.02,239.86,397.03,1789.46,767.09,3896.59,1465.75,248.41,2.0,1939.84,683.53,2623.37,600.0,1220.74,3.4000000000000057,-137.04,125.85000000000001,37.980000000000004,0.2851169230769231,0.65,2.15,3.51,0.0,0.0,6.677260611031371,0.0,21.29792905474677,0.0,23.363748205864262,6.84,6.32,0.0,0.92,0.72,9,2000,0.0,55.57834757834758,195.08
2000-12-31,1009.2800000000002,0.1699999999999875,0.0030909090909088635,0.0,177.12,57.43000000000001,83.66000000000003,1.56,0.0,951.8499999999999,36.400000000000006,86.92,292.64,547.52,1494.83,914.24,3853.36,1349.77,286.0,35.93,1914.02,682.87,2596.89,600.0,1206.49,94.05000000000001,145.95999999999998,-185.19,26.22999999999999,126.33823529412693,0.78,2.15,3.55,0.0,0.0,0.017657362355952607,0.0,0.05635032010242863,0.0,0.07191805377720341,5.14,4.77,0.0,0.78,0.49,12,2000,0.0,55.0,195.25
2001-03-31,1303.74,158.97,2.89,0.5,254.29,239.1,255.13,1.91,0.0,1064.64,184.92,92.11,359.18,513.62,1522.37,970.73,3985.42,1188.68,386.14,35.75,1891.44,659.3,2550.74,600.0,1389.12,269.22,-94.22,-170.36,16.03,0.165,0.82,1.84,2.89,0.5,0.17,15.959999999999999,25.44,45.76,50.76,45.67999999999999,12.92,12.19,0.0,0.8,0.53,3,2001,27.503460207612456,55.00692041522491,158.97
2001-06-30,1414.9599999999998,198.26000000000002,3.601901855947149,0.00032904082130608185,256.74,284.3299999999999,310.39,4.24,0.0,1130.6299999999999,149.09,62.28,288.32,359.05,1299.73,947.84,3912.17,895.63,309.17,35.94,1511.38,648.47,2159.85,600.0,1699.74,299.47,6.929999999999993,-336.19,26.060000000000002,0.2927967063452033,1.5,1.27,6.49,0.5,0.08,20.2683290877026,30.613390812641715,46.663776278588024,54.8110673795594,48.39535313383534,14.27,13.14,0.0,0.86,0.62,6,2001,0.018111441077838464,55.04314329738059,357.23
2001-09-30,1123.0800000000004,106.34999999999997,1.9339283403080367,-0.00046777039229298087,179.18000000000006,163.82000000000005,191.42000000000007,6.28,0.0,959.2600000000002,102.19,134.79,274.46,362.17,1328.07,1203.35,3931.91,880.23,329.81,74.04,1483.54,626.01,2109.55,600.0,1766.45,124.7399999999999,-32.16999999999999,-23.239999999999952,27.599999999999994,0.8064156088387402,2.13,1.19,8.43,0.5,0.06,10.818987014107593,16.11377540014668,24.07889900340825,28.483575650373172,25.75818197506363,13.03,12.07,0.0,0.9,0.65,9,2001,-0.02572348736170582,54.99169632265718,463.58
2001-12-31,2532.72,37.47000000000003,0.36419299471110694,0.23275166042177384,354.06999999999994,187.76999999999998,284.27,6.72,0.0,2344.9499999999994,208.63000000000005,193.43,318.22,590.57,1635.22,1350.74,4429.45,722.74,604.12,59.52,1723.52,673.94,2397.46,800.0,1842.92,184.10000000000002,30.849999999999994,-149.41000000000008,96.5,4.613350680544432,2.92,1.3,4.87,0.5,0.1,3.38318092006786,6.320655423610423,8.133394272028745,9.829471709410246,9.67392316136115,8.23,7.86,0.0,0.95,0.61,12,2001,23.94665697214164,102.88501026694045,501.05
2002-03-31,1651.69,73.8,0.43,0.0,234.09,123.41,84.01,8.91,0.0,1528.28,125.07,486.94,334.49,556.05,2106.26,1338.5,4801.81,777.44,572.97,21.63,1809.62,537.18,2346.8,1200.0,2269.54,-167.41,-60.6,531.24,-39.4,5.1825,4.71,1.03,0.43,0.0,0.0,6.16,11.24,13.0,16.12,16.48,4.58,4.47,0.0,1.16,0.86,3,2002,0.0,171.62790697674419,73.8
2002-06-30,2932.78,115.50000000000001,0.6589540412044375,0.7499999999999999,414.9599999999999,211.23,279.99,6.7,0.0,2721.55,158.68,297.07,903.94,911.98,2814.56,1712.48,5728.77,1160.91,844.47,166.53,2526.28,608.92,3135.2,1200.0,2109.18,452.95000000000005,-383.78,-259.40000000000003,68.75999999999999,2.54038961038961,3.81,1.49,1.08,0.75,0.69,8.053882725832013,16.937559429477023,21.916323296354992,24.259270998415214,25.503961965134707,4.23,4.13,0.0,1.11,0.75,6,2002,131.45833333333331,175.27777777777777,189.3
2002-09-30,1269.12,44.81,0.1703511169962838,0.2502438312474194,129.35000000000002,128.89,166.0,4.68,0.0,1140.2200000000003,31.819999999999993,834.86,792.51,880.66,3879.74,1634.77,6670.79,1411.19,642.63,252.05,2698.3,531.15,3229.44,1800.0,3112.98,-689.33,-506.49,1733.76,37.11,6.870222048649855,2.7,1.04,0.89,0.75,0.84,2.687336722053735,6.6915450002135755,5.757484942975524,7.349980778266627,8.934820383580368,4.12,4.0,0.0,1.44,1.11,9,2002,65.82537453183522,263.0449438202247,234.11
2002-12-31,1545.0900000000001,-90.99000000000001,-0.31788010061486865,0.06077519611106578,150.43000000000006,-97.96999999999997,28.190000000000055,4.7,0.0,1643.0699999999997,-39.839999999999975,356.11,516.21,958.46,3171.48,1534.22,5919.62,902.48,616.74,304.98,2281.68,364.27,2645.95,1800.0,3010.14,242.98000000000002,-100.40999999999997,-621.1199999999999,126.16,-3.6924299373557536,2.81,0.88,0.5,0.75,1.5,-6.154158747903857,-17.95386808272778,-12.07944382336501,-15.003940749021801,-25.55756008943544,2.01,1.93,0.0,1.39,0.97,12,2002,17.39629213483147,286.24,143.12
2003-03-31,2104.74,126.37,0.36,0.5,326.67,183.54,237.58,4.07,0.0,1921.2,134.01,258.36,719.1,911.68,3210.45,1514.78,5931.04,738.06,758.7,303.28,2254.55,295.21,2549.76,1800.0,3119.03,182.45,-37.6,-242.61,54.04,2.83,2.35,0.82,0.36,0.5,1.39,8.52,13.68,16.2,18.76,19.96,6.2,6.0,0.0,1.42,1.02,3,2003,175.5138888888889,351.0277777777778,126.37
2003-06-30,2263.7,176.71999999999997,0.49560196641261667,0.007780508906412015,305.32,218.6,256.42999999999995,6.08,0.0,2045.1000000000001,105.86000000000001,219.86,593.81,601.03,2711.9,1558.43,5791.23,982.68,617.21,296.88,2305.68,210.83,2516.51,1800.0,3183.34,117.38,-131.03,-24.74000000000001,37.830000000000005,3.0700039610683567,3.44,0.79,0.85,0.5,0.59,12.19763898511993,16.27906694381207,22.202968095285225,26.704200072585696,26.91410208188986,7.25,6.94,0.0,1.18,0.92,6,2003,2.7743464052287266,356.5764705882353,303.09
2003-09-30,2113.7700000000004,79.31,0.22399267782426782,-0.003533718926901364,244.24,123.23000000000002,185.20000000000005,7.54,0.0,1990.54,85.62,304.71,551.74,530.46,1688.86,1630.07,5943.8,788.65,637.43,285.97,2032.73,441.52,2474.25,1800.0,3378.3,152.17000000000002,-93.14999999999998,25.82000000000002,61.97,8.42572185096457,4.02,0.73,1.08,0.5,0.46,5.334344142259415,6.910588912133893,9.391100418410042,9.772717573221758,11.141561715481172,6.12,5.9,0.0,0.83,0.57,9,2003,-1.251198257080631,354.074074074074,382.4
2003-12-31,2018.3100000000004,-1923.7599999999998,-5.416721856023252,0.0015176592484943863,104.85000000000002,-1917.21,-1883.65,7.12,627.59,3935.5200000000004,-96.53,480.3,461.97,455.07,1514.72,1808.17,5320.26,778.28,556.63,277.66,2157.09,1478.06,3635.15,1800.0,1631.75,123.36000000000001,-170.11,222.24,33.56,-0.3285012683494823,7.85,2.23,-4.34,0.5,-0.12,-144.62896974100792,-123.66101416930502,-471.5793055483469,-331.5433165516167,-219.66429646545907,-18.85,-18.13,0.0,0.7,0.49,12,2003,0.538999829322421,355.15207373271886,-1541.36
2004-03-31,1695.66,18.38,0.04,0.5,128.37,50.31,109.81,4.76,15.95,1645.35,-16.02,664.21,465.78,555.2,1836.08,1809.19,5601.68,827.85,587.72,213.9,1890.51,1471.75,3362.26,2700.0,2184.93,-181.83,-341.3,707.15,59.5,29.75,5.88,1.54,0.04,0.5,12.5,1.32,3.48,3.36,2.76,5.44,1.15,1.08,0.0,0.97,0.68,3,2004,229.74999999999997,459.49999999999994,18.38
2004-06-30,1958.5599999999997,103.92,0.23791986917416194,-0.0260016353229763,143.46999999999997,128.82999999999998,183.73000000000002,5.1,19.7,1829.73,-9.120000000000001,430.41,562.76,599.12,1717.22,1795.65,5399.22,922.47,665.28,150.13,1974.26,1240.3,3214.56,2700.0,2132.29,-152.54,-112.72999999999996,31.470000000000027,54.900000000000006,5.357686200923788,6.46,1.51,0.28,0.5,1.79,7.715401471790679,10.876336876533117,19.509429272281277,15.634734260016351,17.776013082583813,3.59,3.35,0.0,0.87,0.57,6,2004,-11.357142857142861,436.7857142857142,122.3
2004-09-30,1925.06,35.780000000000015,0.07921938259109314,0.016463183198380686,153.20000000000005,67.17000000000002,126.25,4.74,-60.23,1857.8900000000003,-9.280000000000001,339.68,768.24,671.49,1907.87,1844.52,5642.97,1051.46,777.16,88.86,2195.26,1233.39,3428.64,2700.0,2167.68,-55.920000000000016,-106.30000000000007,71.48000000000002,59.079999999999984,14.955304639463382,5.9,1.58,0.35,0.5,1.43,2.5350202429149804,3.847798582995953,6.600106275303647,5.160576923076925,6.4643016194332,2.92,2.83,0.0,0.87,0.56,9,2004,7.43571428571434,451.6571428571429,158.08
2004-12-31,2199.6100000000006,123.75999999999996,0.3073800738007379,-0.06088560885608861,128.48999999999995,144.04000000000002,205.22999999999996,4.6,39.18,2055.5599999999995,-43.81999999999999,528.45,799.97,669.03,2113.32,2111.12,5791.12,1450.05,715.73,20.0,2481.63,1228.8,3710.44,2700.0,2043.12,147.02,-257.5,299.2499999999999,61.19,3.7404831932773117,6.08,1.82,0.7,0.5,0.71,8.553948339483393,12.347896678966787,24.22154981549815,26.9440590405904,20.70863468634686,3.78,3.62,0.0,0.85,0.58,12,2004,-24.514285714285734,402.62857142857143,281.84
2005-03-31,1910.15,13.88,0.03,0.49,143.78,36.76,107.69,4.28,12.8,1873.38,-12.3,196.82,739.79,629.11,1680.81,2110.85,5360.13,1148.38,642.53,20.0,2038.36,1231.4,3269.76,2700.0,2058.71,8.91,-38.56,-301.97,70.93,35.6675,5.61,1.59,0.03,0.49,16.33,1.04,2.68,2.68,2.6,4.44,0.76,0.73,0.0,0.82,0.52,3,2005,226.70666666666668,462.6666666666667,13.88
2005-06-30,2029.08,80.74000000000001,0.19626083280490386,-0.06107306418657094,163.24999999999997,124.46000000000001,184.69,4.16,12.32,1904.6399999999999,4.500000000000001,119.82,817.77,723.93,1825.99,2118.53,5485.73,1348.21,644.57,60.64,2316.94,1190.65,3507.59,2700.0,1946.34,-55.55,-19.059999999999995,-2.3899999999999864,60.22999999999999,5.2999622244240765,5.77,1.8,0.23,0.49,2.13,5.870758824772776,10.103166349608962,16.588306911857963,15.837395899387023,17.373350243077574,2.53,2.4,0.0,0.79,0.48,6,2005,-25.124927536231922,411.39130434782606,94.62
2005-09-30,2806.1200000000003,49.94999999999999,0.16238846233658433,-0.16534631936988542,374.69000000000005,-200.92000000000002,-117.01999999999998,3.98,633.35,3007.03,155.46,174.59,815.3,826.87,2100.03,2496.1,5679.24,1557.66,680.73,708.59,3314.36,737.48,4051.84,2700.0,1316.98,126.06,-40.1,-31.19999999999999,83.9,6.12866816816817,8.16,3.08,0.47,0.49,1.04,3.524175140070553,-0.9674206266860342,15.174683544303795,11.47084457356298,-2.3218095040464823,2.35,2.14,0.0,0.63,0.38,9,2005,-50.85982423681773,307.59574468085106,144.57
2005-12-31,2458.84,-365.16999999999996,-1.1918513145965546,-0.0019300939410890991,198.45999999999992,-257.24,-143.64000000000001,3.86,642.67,2716.0899999999992,-20.039999999999992,208.53,858.88,872.2,2241.42,2466.57,5771.24,1441.4,674.03,659.84,3259.32,868.32,4127.64,2700.0,1278.18,182.55,-90.77000000000001,-57.839999999999975,113.60000000000002,-0.8094969466275982,8.15,3.23,-0.72,0.49,-0.68,-25.293733454215772,-34.03397642792384,-114.2852982774252,-87.93214143245693,-78.26490299184043,-2.62,-2.4,0.0,0.69,0.42,12,2005,-0.5913593380614657,306.3888888888889,-220.6
2006-03-31,2218.61,45.4,0.15,0.0,280.79,126.36,199.28,3.88,0.0,2092.25,80.76,213.5,703.92,814.32,2031.78,2457.07,5552.68,1314.35,667.22,673.59,3048.62,769.85,3818.47,2700.0,1331.63,182.83,-46.64,-131.23,72.92,6.4675,7.87,2.87,0.15,0.0,0.0,3.2800000000000002,9.28,13.64,10.72,20.2,2.12,2.05,0.0,0.67,0.4,3,2006,0.0,302.6666666666667,45.4
2006-06-30,2251.1199999999994,54.28000000000001,0.17425361155698238,0.0,274.15000000000003,124.49,192.39000000000001,3.3,0.0,2126.63,57.27999999999999,214.35,793.82,865.8,2144.02,2423.23,5691.21,1290.69,763.1,745.99,3217.46,652.34,3869.8,2700.0,1408.74,120.24999999999997,-52.510000000000005,-66.88000000000002,67.89999999999999,4.733330876934414,6.32,2.75,0.32,0.0,0.0,3.811797752808989,9.779983948635635,15.42144462279294,12.938330658105942,22.086645264847515,2.31,2.23,0.0,0.67,0.4,6,2006,0.0,311.5,99.68
2006-09-30,2327.3200000000006,48.06,0.156144578313253,0.0,281.2299999999999,129.60999999999999,195.17000000000002,3.24,0.0,2197.7,50.57000000000002,135.99,904.1,808.59,2141.55,2393.03,5701.95,1341.7,699.27,681.72,3151.78,643.83,3795.61,2700.0,1469.14,1.4700000000000273,-60.73999999999998,-19.089999999999975,65.56,5.1875,5.95,2.58,0.48,0.0,0.0,3.3701204819277106,8.705060240963856,13.090120481927713,13.80578313253012,19.413975903614457,2.25,2.17,0.0,0.68,0.42,9,2006,0.0,307.7916666666667,147.74
2006-12-31,2003.0600000000004,-1.450000000000017,-0.0047576731150455135,0.0,245.04000000000008,41.35000000000002,123.67999999999995,3.18,0.0,1961.7199999999993,40.349999999999994,144.65,787.83,878.46,2079.5,2618.11,5560.18,1423.39,655.48,521.99,3045.4,628.51,3673.91,2700.0,1533.23,88.40999999999997,7.039999999999992,-86.79000000000002,82.32999999999998,-167.22460344827388,5.6,2.4,0.48,0.0,0.0,-0.10427233577141418,-0.2949757331328219,-0.37823501264611836,-0.4127281427301983,-0.6648848178276106,1.71,1.66,0.0,0.68,0.39,12,2006,0.0,304.7708333333333,146.29
2007-03-31,1871.69,26.8,0.09000000000000001,0.0,233.33,100.06,168.23,2.72,4.95,1771.63,47.92,87.73,758.66,959.77,2074.94,2599.22,5507.73,1536.32,628.61,445.46,2966.12,625.46,3591.59,2700.0,1543.63,-55.7,-28.02,26.8,68.17,7.555,4.76,2.33,0.09,0.0,0.0,1.9599999999999997,7.24,6.960000000000001,7.4399999999999995,15.76,1.48,1.43,0.0,0.7,0.38,3,2007,0.0,297.77777777777777,26.8
2007-06-30,1867.94,-3.3000000000000007,-0.011234042553191492,0.0,193.10999999999999,63.359999999999985,133.98,2.8,0.0,1804.58,-2.289999999999999,194.02,742.58,757.43,1921.11,2609.76,5411.72,1507.26,573.45,387.54,2781.29,701.9,3483.19,2700.0,1542.22,165.71,-28.139999999999997,-31.28,70.61999999999999,-62.31060606060605,4.9,2.26,0.08,0.0,0.0,-0.24153191489361706,-1.6514042553191493,-0.8537872340425534,-0.8931063829787237,-3.4881702127659584,0.65,0.63,0.0,0.69,0.42,6,2007,0.0,293.75,23.5
2007-09-30,1540.8900000000003,-4.359999999999999,-0.01366771159874608,0.0,191.83999999999997,30.5,100.75,2.06,0.0,1510.38,6.029999999999994,107.17,632.76,873.58,1852.82,2561.58,5300.84,1431.94,610.91,321.52,2682.58,695.59,3378.17,2700.0,1539.2,63.95,-17.42,-133.38000000000002,70.25,-37.6763876146789,3.61,2.19,0.06,0.0,0.0,-0.32802507836990585,-3.20735632183908,-1.1298641588296758,-1.1571995820271679,-6.751849529780563,0.37,0.36,0.0,0.69,0.37,9,2007,0.0,319.0,19.14
2007-12-31,1744.8199999999997,-157.70999999999998,-0.512156310889803,0.0,214.10000000000002,-147.27999999999997,-79.32999999999998,1.79,4.52,1892.1099999999997,9.170000000000002,167.5,801.8,813.98,1991.1,2497.75,5275.3,1572.77,547.93,296.42,2754.12,785.09,3539.21,2700.0,1380.94,-173.94,41.11,193.16000000000003,67.95000000000002,-0.8742448164352293,3.5,2.56,-0.45,0.0,0.0,-11.973076423468283,3.9151504654687157,-45.6615804286642,-43.294280147218004,8.422126001298983,-2.02,-1.97,0.0,0.72,0.43,12,2007,0.0,307.93333333333334,-138.57
2008-03-31,1705.03,22.25,0.07,0.0,225.72,75.33,142.68,1.43,8.25,1629.69,48.12,126.78,596.58,912.01,1838.57,2451.51,5157.83,1396.05,636.2,237.39,2579.5,765.96,3345.46,2700.0,1440.12,225.21,-14.8,-251.13,67.35,5.1075,2.68,2.32,0.07,0.0,0.0,1.72,5.64,6.199999999999999,5.96,11.68,1.35,1.3,0.0,0.71,0.36,3,2008,0.0,317.85714285714283,22.25
2008-06-30,1885.2700000000002,48.900000000000006,0.1580744905130007,0.0,269.30999999999995,100.78000000000002,165.26999999999998,1.46,12.32,1784.5,60.699999999999996,143.26,510.63,907.29,1804.66,2411.61,5082.42,1205.64,675.19,158.56,2390.58,830.37,3220.95,2700.0,1485.99,242.21,-19.540000000000003,-206.2,64.49000000000001,2.309828732106339,2.65,2.17,0.23,0.0,0.0,3.8487702037947993,9.237048489107519,13.168292340126493,12.920871398453972,17.97925509486999,2.04,1.98,0.0,0.75,0.38,6,2008,0.0,309.34782608695656,71.15
2008-09-30,1782.3899999999994,-16.570000000000007,-0.05464639061927448,0.0,212.84000000000003,-0.2400000000000091,69.38,1.19,9.08,1782.6299999999997,9.210000000000008,157.74,500.68,958.18,1878.77,2337.13,5044.88,1360.45,620.77,111.61,2412.92,818.33,3231.26,2700.0,1458.53,-70.28000000000003,-17.949999999999996,102.71999999999997,69.62,-5.443177429088712,2.2,2.22,0.18,0.0,0.0,-1.3115133748625878,-4.128838402345183,-4.541722242579702,-4.420285818981314,-8.111953096372302,1.04,1.02,0.0,0.78,0.38,9,2008,0.0,303.22222222222223,54.58
2008-12-31,1809.3900000000003,-92.47,-0.2928582739509105,0.0,219.89,-82.19,-20.69999999999999,0.82,13.13,1891.5700000000006,4.409999999999997,208.39,596.62,795.62,1852.44,2249.79,4889.45,1338.01,503.94,106.4,2308.55,869.26,3177.81,2700.0,1378.08,55.660000000000025,-19.65,14.629999999999995,61.48999999999998,-0.6996558343246458,1.61,2.31,-0.12,0.0,0.0,-7.51669569807337,17.961974135655844,-26.845341778833465,-26.845341778833465,35.43585114806017,-0.54,-0.53,0.0,0.8,0.46,12,2008,0.0,315.75,-37.89
2009-03-31,1513.92,27.16,0.09,0.0,218.16,89.07,150.12,0.8,1.72,1424.84,69.76,169.25,398.93,724.66,1517.32,2207.93,4525.01,1105.42,405.51,97.54,1933.84,849.25,2783.09,2700.0,1390.42,201.85,-13.54,-227.45,61.05,2.2225,1.55,2.0,0.09,0.0,0.0,2.4,7.360000000000001,7.8,7.68,13.76,1.85,1.79,0.0,0.78,0.41,3,2009,0.0,301.77777777777777,27.16
2009-06-30,1432.2999999999997,-15.43,-0.05261722080136402,0.0,155.11999999999998,8.800000000000011,68.85,0.87,7.43,1423.51,1.3299999999999983,135.72,552.35,679.55,1591.06,2170.43,4570.65,1163.47,451.67,95.86,2021.74,829.75,2851.5,2700.0,1377.22,-40.09,-27.1,33.66,60.05,-4.133627673363577,1.71,2.07,0.04,0.0,0.0,-1.3680477408354645,-10.681295822676896,-4.472463768115941,-4.314612105711849,-20.20501278772378,0.41,0.4,0.0,0.79,0.45,6,2009,0.0,293.25,11.73
2009-09-30,1373.7400000000002,-52.36,-0.16753138075313806,0.0,106.29000000000002,-45.11000000000001,14.650000000000006,1.16,31.73,1418.8600000000001,-38.650000000000006,145.96,532.87,613.46,1484.83,2133.5,4447.91,1122.56,399.8,105.54,1954.51,854.11,2808.62,2700.0,1324.06,26.110000000000014,-12.310000000000002,-3.5600000000000023,59.76000000000002,-1.730422077922078,2.37,2.12,-0.13,0.0,0.0,-4.690878661087866,5.721841004184101,-15.825271966527193,-15.052050209205019,10.928200836820084,-0.97,-0.94,0.0,0.76,0.45,9,2009,0.0,312.53846153846155,-40.63
2009-12-31,1230.8100000000004,-263.16,-0.8575937325125911,0.0,16.939999999999998,-333.62,-275.22,1.12,43.39,1564.42,-141.31,164.41,428.02,525.87,1325.76,1974.16,3876.78,1020.33,356.35,105.17,1789.49,865.46,2654.96,2700.0,983.79,-74.67,89.82,3.299999999999983,58.39999999999998,-0.3261159560723514,3.07,2.7,-0.99,0.0,0.0,-27.165797425853388,-22.21081141578064,-106.9999776161164,-89.12044767767208,-46.63923894795747,-5.8,-5.47,0.0,0.74,0.45,12,2009,0.0,306.85858585858585,-303.79
2010-03-31,907.91,-17.05,-0.06,0.0,-111.07,5.0,59.86,1.09,0.24,902.91,-223.16,225.42,362.91,474.33,1272.43,1925.54,3786.16,855.02,303.71,107.15,1565.41,1041.22,2606.63,2700.0,965.95,-178.64,224.46,15.19,54.86,-4.5425,3.05,2.7,-0.06,0.0,0.0,-1.8,0.48,-7.08,-5.8,0.9200000000000002,-2.61,-1.88,0.0,0.81,0.51,3,2010,0.0,284.1666666666667,-17.05
2010-06-30,673.0200000000001,-170.54,-0.5545572791726637,0.0,-86.91,-197.44,-143.15,1.04,0.0,870.4599999999999,-214.71,67.99,377.83,609.77,1321.01,1894.58,3777.13,895.67,413.57,130.15,1747.61,1061.72,2809.33,2700.0,795.65,-229.86,-28.0,100.43,54.290000000000006,-0.4674900316641258,3.53,3.53,-0.61,0.0,0.0,-18.073112639266483,-16.763993816301507,-85.74728290420597,-62.801339090569854,-34.47346233807772,-14.5,-11.87,0.0,0.76,0.41,6,2010,0.0,307.5245901639344,-187.59
2010-09-30,923.6099999999999,-233.98999999999998,-0.7603925708050667,0.0,-154.78,-247.64,-187.41999999999996,0.94,0.44,1171.25,-306.26,74.05,321.9,622.07,1244.78,1854.41,3648.74,984.0,390.68,154.0,1912.34,1035.3,2947.65,2700.0,578.46,-110.63999999999999,-14.469999999999999,131.17,60.22,-0.3107934099747853,4.39,5.1,-1.37,0.0,0.0,-25.642435599411737,-24.13275107927321,-161.8026585701409,-98.39590872432278,-56.257949618103325,-19.97,-16.83,0.0,0.65,0.33,9,2010,0.0,307.7226277372262,-421.58
2010-12-31,1063.8899999999999,-179.28000000000003,-0.5698911560097195,0.0,-93.07999999999998,-179.32999999999998,-134.12,1.03,13.61,1243.2200000000003,-246.26,67.15,420.57,615.48,1316.38,1738.44,3577.96,1023.88,404.09,167.9,2013.09,1070.1,3083.19,2700.0,409.72,-277.07000000000005,161.32,108.85999999999999,45.21000000000001,-0.4524548192771084,6.79,7.53,-1.91,0.0,0.0,-20.038685883566888,-19.83579269713411,-175.02521053157145,-102.92651998801719,-47.238307758878946,-19.53,-16.84,0.0,0.65,0.35,12,2010,0.0,314.586387434555,-600.86
2011-03-31,1155.6,31.44,0.15,0.0,15.67,53.69,98.57,1.61,12.04,1101.91,-112.07,97.98,431.21,618.51,1578.96,1423.16,3467.54,955.99,373.4,150.22,1896.0,988.81,2884.81,2700.0,433.97,-199.38,293.05,-62.85,44.88,2.6825,10.02,6.65,0.15,0.0,0.0,3.64,5.92,28.96,17.96,13.68,3.29,2.72,0.0,0.83,0.51,3,2011,0.0,209.60000000000002,31.44
2011-06-30,1327.38,127.34,0.30475626653230886,0.0,33.739999999999995,159.78,202.59000000000003,2.16,21.0,1167.6000000000001,-103.04000000000002,123.16,553.64,529.41,1422.53,1399.12,3230.51,821.43,361.83,155.31,1693.92,763.31,2457.23,2700.0,616.65,-150.43,481.98999999999995,-306.37,42.809999999999995,1.770595256792838,9.46,3.98,0.38,0.0,0.0,15.78316664567326,19.536480665071167,82.60498803375741,72.14703615064869,44.5585741277239,7.92,6.39,0.0,0.84,0.53,6,2011,0.0,417.8421052631579,158.78
2011-09-30,777.7399999999998,-115.48,-0.26669745958429564,0.0,-23.069999999999997,-124.81,-84.43000000000004,1.62,45.23,902.5499999999997,-125.05000000000001,121.96,343.35,573.33,1234.57,1360.69,3057.07,774.96,302.37,158.4,1592.89,729.22,2322.1,2700.0,589.7,-18.160000000000025,-38.799999999999955,55.76000000000005,40.379999999999995,-1.518574644960166,7.42,3.94,0.1,0.0,0.0,-15.148415704387993,-28.16325173210162,-78.30237413394919,-79.04912702078522,-64.64746420323326,1.57,1.33,0.0,0.78,0.42,9,2011,0.0,432.99999999999994,43.3
2011-12-31,914.6799999999998,-185.89,-0.4171737148467634,0.0,38.91,-185.69,-159.25,1.66,88.49,1100.3600000000001,-97.65999999999997,72.65,459.57,616.25,1294.48,1281.34,3013.69,799.85,367.22,146.52,1703.0,813.32,2516.32,2700.0,403.81,-148.01999999999998,-6.07000000000005,104.77999999999997,26.439999999999998,-0.9952688417881546,11.1,6.23,-0.32,0.0,0.0,-24.66539589031489,-15.331134020618554,-184.1300483904902,-182.7742338172382,-38.58856862332562,-3.93,-3.42,0.0,0.76,0.4,12,2011,0.0,445.59375,-142.59
2012-06-30,-2604.2299999999996,-526.16,-0.9913444485981309,0.0,-51.95,-514.4,-624.46,1.5,542.62,-2089.81,248.32999999999998,53.28,321.83,411.07,906.98,1010.03,2266.13,764.79,266.45,151.85,1476.91,726.82,2203.73,2700.0,54.71,455.53000000000003,-768.2099999999999,287.82,-110.05999999999999,-0.3781228618671127,74.03,40.28,-1.26,0.0,0.0,-92.87166564485982,-70.02353644859814,-3846.888529345794,-626.970289046729,-243.80779185046725,-47.21,-42.56,0.0,0.61,0.34,6,2012,0.0,530.7539682539682,-668.75
2012-09-30,616.9899999999998,-74.74000000000001,-0.14073625738073142,0.0,-55.84,-40.860000000000014,-20.110000000000014,1.2,553.36,657.8399999999997,-143.61,19.14,165.94,336.25,635.6,944.01,1912.92,616.15,206.55,239.47,1297.74,627.73,1925.47,2700.0,-20.01,36.59,142.28,-210.51999999999998,20.75,-2.138752341450361,-161.92,-96.23,-1.4,0.0,0.0,-15.629766641111514,-10.555219303554857,1494.0520873179198,-104.95707971862434,-42.63504391451129,-38.98,-33.98,0.0,0.49,0.23,9,2012,0.0,531.0642857142858,-743.49
2012-12-31,260.49000000000024,-248.71000000000004,-0.46623725055432386,0.0,-76.46000000000001,-217.56000000000006,-192.53999999999996,1.03,567.75,478.0500000000002,-150.88,18.18,236.56,323.12,1520.53,206.89,1809.12,635.43,202.58,244.97,1834.37,237.99,2072.36,2700.0,-268.72,-187.54999999999998,50.47000000000001,139.38,25.019999999999996,-0.5485404688191066,-10.35,-7.71,-1.86,0.0,0.0,-54.9859157427938,-36.1659733924612,370.21243015521065,-1472.8585144124172,3454.1161640798227,-47.26,-40.52,0.0,0.83,0.65,12,2012,0.0,533.4408602150537,-992.2
2013-03-31,787.57,253.39,0.47,0.0,-7.93,331.5,342.82,1.04,10.42,456.07,-111.83,198.57,257.44,270.02,1289.08,212.13,1616.56,434.37,349.23,205.48,1538.83,21.75,1560.59,2700.0,45.67,-88.1,748.19,-479.7,11.32,0.5525,61.48,34.17,0.47,0.0,0.0,62.68,0.0,2219.32,0.0,1705.92,76.97,32.17,12.03,0.84,0.66,3,2013,0.0,539.1276595744681,253.39
2013-06-30,385.78999999999985,-212.7,-0.4181862865568936,0.0,-25.119999999999997,-180.0,-166.48,1.4,25.55,565.79,-63.489999999999995,277.05,251.33,238.97,983.13,124.52,1196.17,285.48,331.42,53.73,1302.51,50.66,1353.17,2700.0,-167.04,-65.67000000000002,427.46000000000004,-283.32,13.52,-0.8369475787494123,-22.63,-8.1,0.08,0.0,0.0,-71.0916687146719,-182.95650036864095,509.3508970262963,1514.879823052347,2978.9500122880313,6.6,3.47,3.86,0.75,0.57,6,2013,0.0,508.62499999999994,40.69
2013-09-30,307.9200000000001,-67.33,-0.12637012012012014,0.0,-45.86,-39.31,-28.569999999999993,0.66,32.28,347.2399999999999,-85.69,298.71,163.2,109.35,724.69,98.91,912.42,231.59,269.14,54.8,1067.5,68.79,1136.28,2700.0,-234.37,-22.869999999999976,107.81999999999994,-63.26999999999998,10.739999999999998,-1.305688400415862,-7.6,-4.85,-0.05,0.0,0.0,-29.52006006006006,80.2703003003003,114.94626126126126,211.7963213213213,-731.3291591591592,-3.17,-1.8,2.7,0.68,0.58,9,2013,0.0,532.8,-26.64
2013-12-31,457.1700000000001,258.9,0.490467579436838,0.0,-17.180000000000007,279.8,285.63,0.59,33.97,177.36000000000013,-44.53000000000003,194.65,116.13,73.03,586.36,82.63,768.91,220.25,250.7,55.93,655.06,78.99,734.05,2700.0,24.53,-36.400000000000006,-50.789999999999964,-16.879999999999995,5.829999999999998,0.3005295480880649,64.94,29.92,0.44,0.0,0.0,134.70023249806252,135.59199173340224,4221.766571945233,-848.1967966933607,1535.163523637303,24.28,11.98,8.53,0.9,0.78,12,2013,0.0,527.8636363636364,232.26
2014-03-31,153.46,16.22,0.03,0.0,23.25,22.12,25.62,0.62,0.0,131.34,4.58,103.12,121.25,66.91,445.19,75.13,701.36,161.96,253.28,44.59,611.15,38.81,649.96,2700.0,40.74,22.94,-13.45,-101.02,3.5,5.1675,41.09,15.95,0.03,0.0,0.0,9.24,7.64,159.24,150.16,98.08,12.22,10.57,7.3,0.73,0.62,3,2014,0.0,540.6666666666666,16.22
2014-06-30,136.20000000000002,-3.0999999999999996,-0.004725609756097561,0.0,14.619999999999997,12.3,15.760000000000002,1.17,4.28,123.9,-4.01,85.4,121.11,70.03,429.31,71.95,687.03,160.8,245.46,44.5,600.84,37.9,638.75,2700.0,37.65,-17.830000000000002,3.879999999999999,-3.7700000000000102,3.46,-61.896774193548396,83.9,16.97,0.02,0.0,0.0,-1.805182926829268,-3.4591463414634145,-32.9375,19.167073170731708,-37.74817073170732,5.39,4.53,6.39,0.71,0.6,6,2014,0.0,656.0,13.12
2014-09-30,175.45999999999998,27.07,0.053884050758895255,0.0,25.78,36.44,40.059999999999995,1.43,5.45,139.01999999999998,5.52,77.12,143.2,75.31,449.51,73.0,708.54,150.47,248.73,44.4,595.85,37.67,633.52,2700.0,64.73,-17.75,22.439999999999998,-12.97999999999999,3.62,6.636472109346139,59.65,9.79,0.08,0.0,0.0,15.276128390146804,23.547330181637225,167.28303558099032,-127.65131624782285,169.41145558596668,10.45,8.64,9.19,0.75,0.63,9,2014,0.0,502.37499999999994,40.19
2014-12-31,156.64999999999998,-9.329999999999998,-0.018139987038237194,0.0,20.15,-7.880000000000003,-5.709999999999994,5.95,1.85,164.53999999999996,-20.89,81.68,127.52,76.69,439.2,71.82,698.31,152.72,244.0,44.32,595.1,37.39,632.49,2700.0,55.42,3.49,1.200000000000001,-0.12000000000000455,2.17,-82.0039174705252,289.88,11.41,0.06,0.0,0.0,-5.345249513933894,-10.376072585871675,-67.33563188593648,-93.36046662346077,-73.79346727154892,5.93,4.96,6.45,0.74,0.61,12,2014,0.0,514.3333333333334,30.86
2015-03-31,204.19,47.46,0.09,0.0,22.05,58.31,61.68,2.84,6.68,145.88,-7.49,61.44,132.45,59.59,339.48,74.74,606.8,4.96,134.5,16.12,292.0,200.33,492.33,2700.0,102.87,-12.76,86.3,-93.78,3.37,7.890000000000001,74.54,4.79,0.09,0.0,0.0,31.28,35.64,184.56,264.4,74.08,36.03,23.24,12.82,1.16,0.96,3,2015,0.0,527.3333333333334,47.46
2015-06-30,129.24,1.7899999999999991,0.003271065989847714,0.0,15.290000000000003,9.929999999999993,13.080000000000005,3.76,13.42,119.31,-9.03,68.03,116.71,68.66,326.27,75.92,600.52,7.81,124.84,15.85,284.48,198.58,483.06,2700.0,104.66,2.119999999999999,8.670000000000002,-4.200000000000003,3.1499999999999995,287.3833798882683,97.0,4.62,0.09,0.0,0.0,1.192121827411167,1.5410355329949232,6.841616243654819,10.063252791878169,3.1387695431472067,20.94,14.77,9.04,1.15,0.91,6,2015,0.0,547.2222222222223,49.25
2015-09-30,134.95,-4.149999999999999,-0.007361419068736139,0.0,18.979999999999997,1.710000000000008,4.939999999999998,3.56,19.25,133.24,-11.02,64.8,118.83,74.04,339.27,76.77,619.61,12.48,138.06,15.57,309.34,197.71,507.05,2700.0,100.51,2.1000000000000014,-2.989999999999995,-2.3499999999999943,3.2300000000000004,-120.9006024096386,95.63,5.04,0.08,0.0,0.0,-2.6795565410199544,-3.875787139689577,-16.515343680709528,-20.092993348115293,-8.296319290465629,12.83,9.63,6.67,1.1,0.86,9,2015,0.0,563.75,45.1
2015-12-31,296.57000000000005,117.85,0.21696839521325562,0.0,23.869999999999997,124.43999999999998,129.60000000000002,2.82,0.0,172.12999999999994,-6.980000000000004,113.47,156.41,82.31,406.29,83.06,753.19,7.23,146.05,15.64,276.6,202.18,478.78,275.4,218.36,32.95,28.039999999999992,-12.320000000000007,5.16,3.2493211709800596,3.56,2.19,0.3,0.0,0.0,62.57368517950291,77.47218165081314,215.86908867750847,344.37223688247934,118.00187787664929,30.57,21.3,14.52,1.47,1.17,12,2015,0.0,543.1666666666666,162.95
2016-03-31,223.38,32.78,0.06,0.0,24.17,39.81,44.58,2.82,0.0,183.56,-12.29,110.4,156.36,84.97,378.06,98.98,731.36,18.61,118.7,15.64,261.52,175.72,437.25,275.4,253.83,-15.54,38.16,-25.68,4.77,11.75,3.06,1.72,0.06,0.0,0.0,17.92,23.8,51.64,73.52,33.88,19.14,14.67,13.63,1.45,1.12,3,2016,0.0,546.3333333333334,32.78
2016-06-30,205.75,14.979999999999997,0.028228643216080398,0.02,26.93,23.019999999999996,28.150000000000006,2.52,0.0,182.74,-5.68,74.43,162.52,89.13,351.41,97.02,702.68,16.21,112.44,13.94,248.8,152.89,401.69,275.4,257.86,-17.1,10.720000000000006,-29.590000000000003,5.130000000000001,22.317757009345797,2.69,1.56,0.09,0.02,0.23,8.531323283082076,12.094405360134003,23.235309882747067,33.05887772194304,17.36375209380234,13.71,11.13,11.92,1.41,1.05,6,2016,10.613333333333333,530.6666666666666,47.76
2016-09-30,218.72000000000003,3.1799999999999997,0.0062426383981154295,-0.0008349692448632365,37.27,10.120000000000005,15.39,2.34,0.0,208.59999999999997,2.8999999999999986,75.37,170.73,86.52,353.26,97.33,711.82,11.8,121.44,14.07,253.23,150.12,403.35,275.4,261.04,15.190000000000001,-3.6500000000000057,-10.600000000000001,5.27,93.71037735849056,2.47,1.55,0.1,0.02,0.2,1.7878916372202591,2.7367726737338045,4.871755005889282,7.036702002355712,3.9728150765606594,9.1,7.86,9.86,1.4,1.05,9,2016,-0.4253333333333327,509.4,50.94
2016-12-31,401.55000000000007,191.42000000000002,0.3554175606535732,0.0010835121307146399,24.47,199.23000000000002,211.25,2.28,0.0,202.31000000000006,-4.73,74.69,147.82,89.33,327.86,115.08,760.6,18.16,107.55,2.86,234.69,41.34,276.03,275.4,453.84,28.02,0.5400000000000063,-29.25,12.020000000000001,1.604802528471424,1.38,0.61,0.45,0.02,0.05,100.65425317709193,113.60724872091106,168.70486879022943,227.8147582109259,163.4920779006437,32.01,23.1,28.89,1.4,1.02,12,2016,0.5835555555555558,538.5777777777778,242.36
2017-03-31,199.28,1.82,0.0,,30.15,7.62,13.72,2.24,0.18,191.66,1.15,71.28,155.12,93.24,333.61,113.51,766.79,20.98,108.29,2.8,240.45,38.04,278.49,275.4,455.66,-5.52,1.8,0.31,6.1,0.0,1.35,0.61,0.0,0.0,0.0,0.9600000000000001,4.08,1.6,2.04,5.8,0.94,0.91,4.31,1.39,1.0,3,2017,,inf,1.82
2017-06-30,205.46,-5.61,-0.014802110817941954,,26.85,0.21999999999999975,6.339999999999998,2.06,0.31,205.23,-3.78,38.73,167.52,101.64,320.77,113.15,753.57,22.16,112.6,2.79,244.39,37.67,282.06,275.4,438.16,-15.740000000000002,-2.22,-14.59,6.120000000000001,-34.792335115864525,1.29,0.64,-0.01,0.02,-2.22,-2.9604221635883907,6.3945118733509245,-5.091926121372032,-6.453720316622691,9.118100263852243,-0.96,-0.94,2.28,1.31,0.9,6,2017,,379.0,-3.79
2017-09-30,205.17999999999995,-9.829999999999998,-0.02165198237885462,0.003303964757709251,20.950000000000003,-5.46,0.6600000000000001,1.91,0.34,210.64999999999998,-8.11,39.97,153.95,106.67,312.22,121.44,753.08,28.45,116.12,3.47,251.64,37.72,289.36,275.4,428.31,8.120000000000001,-10.62,3.74,6.119999999999999,-22.054562563580877,1.23,0.68,-0.03,0.02,-0.74,-5.225345080763582,0.9238179148311306,-9.180440528634362,-11.40337738619677,1.3568575624082229,-2.28,-2.23,0.46,1.24,0.82,9,2017,1.5,454.0,-13.62
