,revenue,net_profit,eps,dps,gross_profit,ebit,ebitda,close_price,allowance_doubtful_accounts,expense,operating_profit,cash,account_receivable,inventory,current_asset,property_plant_equipment,total_asset,short_term_loan,account_payable,current_portion_long_term_debt,current_liability,non_current_liability,total_liability,paid_in_capital,total_equity,cash_flow_operation,cash_flow_investment,cash_flow_financing,depreciation,P/E,P/BV,D/E,EPS,DPS,DPR%,ROA%,ROAA%,ROE%,ROAE%,ROCE%,NPM%,NPMA%,TIE,CurrentRatio,QuickRatio,month,year,dividend,number_of_shares,return_old
2004-01-31,,,,,,,,,0.0,,,60.1,67.28,0.56,187.14,64.7,262.22,7.0,58.14,5.97,122.53,8.24,130.77,15.0,124.66,,,,,,0.0,1.05,0.57,0.0,0.0,,,,,,6.69,6.68,0.0,1.53,1.52,1,2004,,14.666666666666666,8.36
2004-04-30,194.94,12.73,0.25351351351351353,0.0,46.63999999999999,18.130000000000003,20.94,,0.0,176.81,17.04,116.72,128.9,0.57,323.3,63.9,396.31,0.06,89.42,6.87,161.6,11.04,172.64,65.0,216.58,-29.24,-1.1799999999999997,87.03999999999999,2.81,0.0,0.0,0.8,0.42,0.0,0.0,12.844684684684687,0.0,23.5163963963964,0.0,32.9809009009009,6.61,6.59,0.0,2.0,2.0,4,2004,0.0,50.214285714285715,21.09
2004-07-31,134.07,4.859999999999999,0.11986127167630056,0.0,34.480000000000004,7.960000000000001,11.059999999999995,,0.0,126.10999999999996,7.25,56.69,118.92,0.65,268.57,62.82,340.75,0.12,59.7,1.66,108.97,2.69,111.67,65.0,221.44,-32.96,-1.4800000000000004,-25.28,3.0999999999999996,0.0,0.0,0.5,0.64,0.0,0.0,5.708393063583815,0.0,8.779838150289017,0.0,12.937526011560692,5.73,5.71,0.0,2.46,2.46,7,2004,0.0,40.546875,25.95
2004-10-31,187.82,15.220000000000002,0.32532426524168084,0.0,55.739999999999995,23.96,26.869999999999997,,0.0,163.87,22.46,73.68,99.38,0.56,296.54,61.43,369.98,0.0,69.44,1.73,124.0,2.0,126.0,65.0,236.66,40.05,-2.589999999999999,-0.75,2.91,0.0,0.0,0.53,0.88,0.0,0.0,16.458450327908675,0.0,25.730191887296577,0.0,38.46220063152782,6.44,6.41,0.0,2.39,2.39,10,2004,0.0,46.784090909090914,41.17
2005-01-31,-460.48,-27.67,-0.4304222222222222,0.0,-121.25999999999999,-45.870000000000005,-54.38999999999999,,0.0,-414.62,-43.21,47.97,147.59,0.58,317.91,58.82,389.28,0.0,65.17,1.49,129.47,1.73,131.2,65.0,250.16,-26.79,8.049999999999999,-65.95,-8.52,-0.0,0.0,0.52,0.21,0.0,0.0,-28.448859259259265,-45.58376296296296,-44.272000000000006,-59.029333333333334,-57.14367407407407,7.45,7.44,0.0,2.46,2.45,1,2005,0.0,64.28571428571429,13.5
2005-04-30,224.85999999999999,14.98,0.13149578651685392,0.0,50.160000000000004,20.2,23.03,,0.0,204.65,19.740000000000002,101.03,164.85,0.59,356.77,57.31,426.6,0.0,107.94,1.27,156.7,1.48,158.18,115.0,259.58,41.04,-0.64,-7.33,2.8299999999999996,0.0,0.0,0.61,0.25,0.0,0.0,14.054269662921348,19.587612359550562,23.080140449438204,25.163033707865168,29.875842696629213,7.02,7.01,0.0,2.28,2.27,4,2005,0.0,113.92,28.48
2005-07-31,96.16000000000003,-4.949999999999999,-0.04417764555886102,0.0,18.92,-5.890000000000001,-2.8800000000000026,,0.0,102.06,-6.960000000000001,92.74,79.61,0.52,256.55,77.1,346.77,0.0,48.82,1.15,80.34,1.22,81.57,115.0,257.23,13.989999999999998,-5.26,-17.01,3.0100000000000007,-0.0,0.0,0.32,0.21,0.0,0.0,-5.713642158946025,-7.935146621334464,-7.699532511687207,-8.271738206544835,-10.240798980025497,4.7,4.68,0.0,3.19,3.19,7,2005,0.0,112.04761904761905,23.53
2005-10-31,217.68,18.17,0.156863309352518,0.0,62.55,25.130000000000003,28.090000000000003,,0.0,192.54999999999995,23.22,55.67,110.5,0.27,336.49,82.51,429.24,0.0,66.76,1.83,140.71,4.16,144.87,115.0,275.4,39.43,-0.71,-0.9100000000000001,2.959999999999999,0.0,0.0,0.53,0.36,0.0,0.0,16.92380815347722,25.098129496402876,26.387894484412474,28.392258992805754,34.771366906474825,5.82,5.79,0.0,2.39,2.39,10,2005,0.0,115.83333333333334,41.7
2006-01-31,-500.15000000000003,-26.680000000000003,-0.2309187749667111,0.31,-128.28,-37.3,-46.09,2.3,0.43,-462.84999999999997,-33.06999999999999,86.68,107.48,0.25,357.64,81.8,451.38,4.77,79.5,1.91,147.36,3.67,151.03,115.0,290.42,-93.81,2.96,30.05,-8.79,-2.489728260869565,0.91,0.52,0.13,0.31,2.38,-23.660292942743013,-34.24703062583223,-36.733848202396814,-39.504873501997345,-47.320585885486025,6.86,6.83,0.0,2.43,2.43,1,2006,35.816923076923075,115.53846153846153,15.02
2006-04-30,318.42,23.900000000000002,0.2087872559095581,-0.002891928215669219,76.03999999999999,31.429999999999996,34.64,2.64,1.25,287.0,32.89,31.18,201.96,0.38,395.36,101.65,520.82,0.0,99.49,2.35,209.64,6.32,215.96,115.0,294.77,-22.099999999999998,-30.120000000000005,-24.24,3.21,3.159196652719665,1.03,0.73,0.34,0.31,0.91,18.348715313463515,26.798458376156223,32.423432682425485,34.486742034943475,40.79948612538541,7.25,7.23,0.0,1.89,1.88,4,2006,-0.3310407239819,114.47058823529412,38.92
2006-07-31,230.31999999999994,14.469999999999999,0.12467128675781981,0.17425911439683572,54.33000000000001,19.47,23.230000000000004,3.06,1.36,210.83999999999997,20.660000000000004,89.29,103.24,0.36,347.39,110.85,479.59,0.0,79.16,2.27,174.54,5.84,180.38,115.0,289.69,98.00999999999999,-8.479999999999997,-21.419999999999998,3.7600000000000007,6.1341309606081555,1.21,0.62,0.46,0.48,1.04,12.066012361865518,18.668170069301365,19.979928825622775,21.16159580445776,25.29200973965162,6.96,6.94,0.0,1.99,1.99,7,2006,20.22542199488491,116.06521739130434,53.39
2006-10-31,343.57000000000016,17.86,0.15541333333333332,-0.004786086956521712,62.74000000000001,23.439999999999998,27.97999999999999,3.46,0.0,320.12,16.72,116.07,118.31,0.37,401.78,109.17,527.33,0.0,107.75,2.21,204.47,5.29,209.76,115.0,307.56,45.37,-7.979999999999997,-0.6000000000000014,4.539999999999999,5.565159574468085,1.29,0.68,0.62,0.48,0.77,13.546026666666666,19.83274666666667,23.231786666666668,24.505173333333335,29.378133333333334,6.43,6.41,0.0,1.96,1.96,10,2006,-0.5500140252454386,114.91935483870968,71.25
2007-01-31,-887.2200000000001,-65.25,-0.54375,-0.25967741935483873,-197.01000000000002,-85.91999999999999,-95.96,3.5,0.3,-801.29,-80.73,52.83,105.34,0.37,366.57,108.1,491.29,0.0,72.73,2.01,171.55,4.88,176.43,115.0,313.56,-144.7,45.47,41.46,-10.04,-1.6091954022988506,1.28,0.56,0.05,0.2,4.0,-53.07,-80.04,-83.085,-86.565,-117.885,2.68,2.66,0.0,2.14,2.13,1,2007,-31.161290322580648,120.0,6.0
2007-04-30,298.0400000000001,16.56,0.1468085106382979,-0.012765957446808524,64.09,21.330000000000002,24.82,3.42,0.33,276.71000000000004,23.02,32.12,183.17,0.35,442.86,109.21,568.21,0.0,104.86,1.82,255.29,4.52,259.81,115.0,307.11,-20.669999999999995,-6.619999999999999,-23.54,3.49,5.823913043478261,1.28,0.85,0.2,0.2,1.0,11.656595744680851,16.178297872340423,21.580851063829783,22.021276595744677,28.15787234042553,4.33,4.31,0.0,1.73,1.73,4,2007,-1.4400000000000013,112.79999999999998,22.56
2007-07-31,166.99,3.6000000000000014,0.031651376146789006,0.101651376146789,39.78,4.359999999999996,8.14,3.58,0.41,162.63000000000005,3.539999999999999,65.75,102.98,0.35,380.92,109.6,506.69,3.63,75.32,1.66,195.8,4.16,199.96,115.0,299.21,70.22,-5.609999999999999,-11.150000000000002,3.7800000000000002,28.28549999999999,1.38,0.67,0.23,0.3,1.3,2.8403669724770655,3.8366972477064234,4.811009174311929,4.888073394495415,6.0880733944954155,3.81,3.79,0.0,1.95,1.94,7,2007,11.561739130434784,113.73913043478261,26.16
2007-10-31,352.28999999999996,23.98,0.21043478260869566,0.0005671077504725972,73.63,32.15,37.24999999999999,3.2,0.58,320.14,31.159999999999997,85.99,174.43,0.0,497.75,109.8,626.72,0.29,127.09,1.76,293.87,4.68,298.55,115.0,323.19,8.17,-3.6900000000000013,-4.229999999999997,5.099999999999998,3.8002272727272723,1.14,0.92,0.44,0.3,0.68,15.304347826086957,22.057391304347824,29.671304347826087,30.417391304347824,38.22260869565218,4.84,4.81,0.0,1.69,1.69,10,2007,0.0646245059288546,113.95454545454545,50.14
2008-01-31,-807.1,-46.84,-0.4258181818181819,-0.11078512396694216,-183.89999999999998,-61.309999999999995,-73.63999999999999,3.26,0.35,-745.7900000000001,-62.11,110.04,146.79,0.0,394.06,106.66,522.18,0.0,70.73,1.73,184.38,6.94,191.32,115.0,326.5,52.96,22.46,38.96,-12.329999999999998,-1.9140211357813832,1.15,0.59,0.03,0.2,6.67,-35.768727272727276,-58.47903030303031,-57.34351515151516,-58.47903030303031,-87.43466666666669,1.41,1.4,0.0,2.14,2.14,1,2008,-12.186363636363637,110.0,3.3
2008-04-30,355.28,44.470000000000006,0.39098597446095873,0.0065731630730584585,117.11,59.87,64.15,3.0,13.46,295.4100000000001,66.72,86.42,167.3,0.0,476.62,102.61,601.04,0.0,128.0,1.76,243.32,5.06,248.38,115.0,347.96,61.39,-0.82,-24.23,4.279999999999999,1.9174600854508657,0.99,0.71,0.42,0.2,0.48,29.60322378061545,41.444513292861636,51.126070755704426,54.291195310864566,67.73366548042705,8.21,8.09,0.0,1.96,1.96,4,2008,0.7476190476190538,113.73809523809526,47.77
2008-07-31,111.25,-4.730000000000004,-0.040662174721189624,0.20444658346610015,31.870000000000005,-4.269999999999996,-0.10999999999999943,2.62,13.57,115.51999999999998,-5.989999999999995,55.51,112.8,0.0,374.05,103.08,505.08,0.0,50.5,1.82,174.58,4.98,179.56,115.0,320.24,-54.97,-2.46,-23.430000000000003,4.16,-16.105877378435505,0.94,0.56,0.37,0.4,1.08,-3.7453159851301145,-5.283884758364317,-5.908104089219336,-6.110315985130117,-8.088475836431233,6.24,6.13,0.0,2.14,2.14,7,2008,23.782110682110677,116.32432432432432,43.04
2008-10-31,322.2900000000001,21.440000000000005,0.18620347394540948,-0.004104352491449275,63.32000000000002,26.019999999999996,30.379999999999995,2.26,3.64,296.26,14.069999999999993,59.08,197.86,0.0,460.16,108.83,597.81,7.63,91.33,2.93,246.01,5.47,251.48,115.0,341.68,39.83,-6.4,5.090000000000003,4.360000000000001,3.0375373134328356,0.76,0.74,0.56,0.4,0.71,14.350967741935486,18.859751861042184,25.0975682382134,25.80248138957817,32.8250124069479,6.4,6.3,0.0,1.87,1.87,10,2008,-0.4725868725868736,115.14285714285714,64.48
2009-01-31,-873.0300000000001,-80.9,-0.689768574908648,-0.21269183922046284,-236.05,-102.6,-115.41999999999999,2.6,0.0,-770.4200000000001,-96.22,48.04,120.99,0.0,299.82,105.47,436.09,0.0,42.4,2.72,122.95,3.89,126.85,115.0,304.56,-126.96000000000001,3.8200000000000003,14.129999999999999,-12.82,-0.9422725587144624,0.98,0.42,-0.14,0.18,-1.29,-74.29792935444578,-64.83824604141292,-106.22436053593178,-102.47990255785628,-99.3266747868453,-10.96,-10.86,0.0,2.44,2.44,1,2009,-24.945714285714285,117.28571428571429,-16.42
2009-04-30,167.27,13.660000000000002,0.09898550724637682,0.027018633540372664,51.31999999999999,14.24,18.64,1.8,0.0,153.03000000000003,14.9,35.27,140.02,0.0,328.41,101.82,460.35,0.0,66.52,3.87,134.85,2.17,137.02,115.0,318.22,6.48,-0.6299999999999999,-0.5899999999999999,4.4,4.546120058565153,0.65,0.43,-0.02,0.18,-9.0,11.87826086956522,5.741159420289856,17.22347826086957,16.43159420289855,9.304637681159422,-0.87,-0.87,0.0,2.44,2.44,4,2009,3.7285714285714278,138.0,-2.76
2009-07-31,125.53000000000003,-10.58,-0.09517241379310344,-0.043448275862068945,25.49000000000001,-10.680000000000001,-6.27,2.1,-3.06,136.2,-0.7400000000000001,31.5,115.45,0.0,300.61,98.7,421.23,0.01,64.46,3.53,106.73,1.91,108.64,115.0,307.64,-25.66,-1.0199999999999996,-1.5899999999999999,4.409999999999998,-5.516304347826087,0.79,0.35,-0.12,0.18,-1.5,-10.05655172413793,-8.375172413793104,-13.768275862068966,-13.482758620689657,-12.30896551724138,-3.02,-3.0,0.0,2.82,2.82,7,2009,-4.829999999999998,111.16666666666667,-13.34
2009-10-31,145.51999999999998,-16.54,-0.1439223560910308,0.005883534136546175,27.689999999999998,-14.099999999999998,-9.73,2.08,-3.76,159.62999999999994,-4.789999999999999,91.14,103.21,0.0,301.56,94.7,420.39,0.66,72.63,2.11,122.14,1.68,123.82,115.0,291.1,22.14,-0.020000000000000462,-1.0000000000000036,4.370000000000001,-3.6130592503022974,0.82,0.43,-0.26,0.18,-0.69,-15.74289156626506,-11.447362784471219,-22.717590361445783,-20.901954484605085,-19.529156626506023,-5.12,-5.07,0.0,2.47,2.47,10,2009,0.676153846153845,114.92307692307692,-29.88
2010-01-31,-454.71000000000004,25.68,0.24457142857142858,-0.197010989010989,-93.95,21.82,8.48,2.02,0.0,-476.53,12.17,100.62,68.99,0.0,300.8,95.77,420.77,0.0,77.82,2.42,125.53,3.61,129.14,115.0,286.9,26.92,4.51,30.940000000000005,-13.34,2.064836448598131,0.81,0.45,-0.04,0.0,0.0,24.457142857142856,25.68,35.70742857142857,34.729142857142854,37.17485714285714,-3.13,-3.12,0.0,2.4,2.4,1,2010,-20.686153846153847,105.0,-4.2
2010-04-30,237.91,19.02,0.1668421052631579,0.0,67.68,20.259999999999998,24.650000000000002,2.08,0.0,217.65,36.11,88.57,117.06,3.86,481.66,98.6,632.8,20.58,118.4,1.46,318.72,3.22,321.94,115.0,305.92,-0.33999999999999986,-30.580000000000002,18.869999999999997,4.390000000000001,3.1167192429022084,0.78,1.05,0.13,0.0,0.0,12.012631578947367,14.836113360323887,24.84663967611336,24.384615384615383,25.77068825910931,3.99,3.98,43.81,1.51,1.5,4,2010,0.0,114.0,14.82
2010-07-31,186.21999999999997,5.84,0.050880929332042586,0.0,58.50999999999999,9.670000000000002,14.559999999999999,3.22,0.0,176.55,25.400000000000006,30.36,90.65,7.78,467.03,105.76,625.18,30.06,88.74,1.54,303.57,3.13,306.7,115.0,313.06,-55.01,-11.36,8.150000000000002,4.889999999999999,15.822234589041098,1.18,0.98,0.18,0.0,0.0,3.7312681510164567,5.495140367860601,7.462536302032913,7.530377541142305,8.943736689254598,3.71,3.7,0.0,1.54,1.51,7,2010,0.0,114.77777777777779,20.66
2010-10-31,345.33000000000004,28.580000000000002,0.2495816409423233,0.0,74.69,34.099999999999994,39.65,3.0,0.0,311.23,58.58,28.23,114.48,26.93,631.66,110.8,799.76,86.56,151.72,1.54,449.9,2.76,452.66,115.0,341.63,-46.410000000000004,-14.840000000000003,56.129999999999995,5.549999999999999,3.0064310706787967,1.01,1.33,0.43,0.0,0.0,14.301608448415921,22.659691307879772,33.45554833468724,36.12549147034932,39.51515840779854,5.48,5.45,0.0,1.4,1.34,10,2010,0.0,114.51162790697676,49.24
2011-01-31,-651.21,-36.6,-0.3185126582278481,0.0,-161.45999999999998,-41.019999999999996,-54.33,2.68,0.0,-610.19,-94.31,65.41,237.9,0.0,666.23,110.61,833.5,138.21,135.28,1.79,469.73,3.89,473.61,115.0,354.27,82.82000000000001,53.93000000000001,-30.67,-13.309999999999999,-2.103213114754098,0.87,1.34,0.11,0.0,0.0,-17.605063291139242,-34.16772151898734,-41.348734177215185,-45.63417721518987,-58.95379746835443,5.03,5.0,0.0,1.42,1.42,1,2011,0.0,114.90909090909092,12.64
2011-04-30,393.85,32.44,0.2806477373558119,0.0,109.32000000000001,48.7,54.31,2.98,2.82,345.15,62.97,57.3,210.75,0.0,791.27,109.69,935.35,150.0,189.55,1.75,539.24,3.46,542.71,115.0,386.71,-40.79,21.36,11.32,5.609999999999999,2.654217016029593,0.89,1.4,0.39,0.0,0.0,13.874072759538599,24.668216503992902,33.56259094942325,37.477267080745335,48.847098491570534,7.01,6.97,0.0,1.47,1.47,4,2011,0.0,115.58974358974358,45.08
2011-07-31,238.69000000000005,12.780000000000001,0.11043899066712756,0.1,64.78999999999999,20.090000000000003,25.64,3.48,0.0,218.59000000000003,32.989999999999995,66.87,299.61,0.0,688.92,107.87,831.86,95.0,126.02,1.69,435.04,3.05,438.08,115.0,387.99,83.83,-7.289999999999999,-66.98,5.550000000000001,7.877652582159624,1.03,1.13,0.5,0.1,0.2,6.149243000345662,10.584472865537506,13.173162806774975,14.58678188731421,19.43726235741445,6.58,6.53,0.0,1.58,1.58,7,2011,11.572000000000001,115.72,57.86
2011-10-31,486.92999999999995,16.22,0.14231911447084233,-0.0015361771058315418,104.99000000000001,31.789999999999992,37.19999999999999,3.18,19.66,455.1500000000001,83.67,88.08,231.59,0.0,733.35,107.75,879.26,33.06,228.49,0.0,466.44,2.68,469.12,115.0,404.22,88.42,-4.75,-62.45,5.41,5.583403205918619,0.9,1.16,0.65,0.1,0.15,7.3830777537796966,12.427742980561554,16.053596112311013,17.393585313174942,25.267116630669545,5.44,5.4,0.0,1.57,1.57,10,2011,-0.17507692307692402,113.96923076923076,74.08
2012-01-31,-975.8399999999999,-43.04,-0.3743814432989691,-0.03913560666137987,-248.86,-74.22,-91.14999999999999,3.04,0.0,-901.6200000000001,-148.0,64.92,390.47,0.0,912.26,103.32,1051.74,190.0,223.8,0.0,607.04,31.67,638.71,115.0,407.69,-305.74,-3.7600000000000002,223.49,-16.93,-2.0301486988847586,0.86,1.57,0.27,0.06,0.21,-16.361855670103093,-26.400824742268043,-42.208041237113406,-45.203092783505156,-55.963092783505154,7.91,7.83,0.0,1.5,1.5,1,2012,-4.4991452991453,114.96296296296295,31.04
2012-04-30,317.83,30.42,0.17818418483566548,0.01959648551903678,114.20000000000002,47.85999999999999,53.230000000000004,3.32,5.23,269.97,67.13,62.82,418.91,0.0,826.66,100.53,965.82,150.0,194.39,0.0,496.01,32.51,528.52,172.5,431.73,48.74000000000001,-4.2,-46.650000000000006,5.369999999999999,4.65697896120973,1.33,1.22,0.36,0.06,0.15,12.591682395053693,19.323084933289945,28.19269768955418,29.736960624796616,39.08173120728929,8.7,8.6,0.0,1.67,1.67,4,2012,3.345555555555557,170.72222222222223,61.46
2012-07-31,264.53,4.960000000000001,0.029123757904245717,0.0998539596507076,73.60999999999999,14.579999999999998,20.17,3.2,8.63,249.95000000000005,34.599999999999994,45.29,584.48,0.0,886.62,100.26,1024.2,220.0,194.58,0.0,564.06,35.04,599.11,172.5,419.43,-66.85999999999999,-2.96,52.30000000000001,5.590000000000002,27.485292338709677,1.32,1.43,0.39,0.16,0.4,1.9385968081903047,3.4530322192110816,4.73149051490515,4.9137006925624815,6.965805480277027,6.84,6.78,0.0,1.57,1.57,7,2012,17.00589743589743,170.3076923076923,66.42
2012-10-31,325.0999999999999,-1.5,-0.00878003696857671,0.0005004976539172508,75.93,1.5700000000000074,7.260000000000005,3.36,0.0,323.53,-35.75999999999999,300.38,263.45,0.0,685.41,97.88,819.95,23.0,332.18,1.85,358.97,37.2,396.17,172.5,417.94,451.53999999999996,1.08,-197.53000000000003,5.689999999999998,-95.6488,1.39,0.95,0.38,0.16,0.41,-0.7319778188539741,-1.1848428835489835,-1.4353049907578557,-1.4593345656192236,-2.1829944547134934,5.04,4.98,0.0,1.91,1.91,10,2012,0.08550607287449452,170.8421052631579,64.92
2013-01-31,-1049.2599999999998,-67.47,-0.5291764705882354,-0.18439009287925698,-301.43,-107.98,-123.99000000000001,3.12,0.0,-941.28,-111.34,241.89,129.05,0.0,561.18,103.16,699.9,0.0,182.94,0.0,241.72,37.25,278.97,172.5,415.39,-276.61,-5.880000000000001,11.700000000000003,-16.009999999999998,-1.4739884393063583,1.3,0.67,-0.02,0.03,-1.39,-38.10070588235294,10.583529411764708,-64.55952941176471,-65.61788235294118,21.167058823529416,-1.01,-1.0,0.0,2.32,2.32,1,2013,-23.509736842105262,127.49999999999999,-2.55
2013-04-30,253.91999999999996,11.620000000000001,0.05124586549062845,0.013131201764057332,72.44999999999999,16.1,22.06,2.62,0.18,237.82,31.339999999999996,184.63,110.16,0.0,533.87,121.16,689.88,5.0,185.91,0.0,223.72,38.16,261.88,215.62,422.21,-33.28,-23.769999999999996,-0.20000000000000284,5.96,12.781518932874354,1.34,0.62,0.04,0.03,0.69,6.713208379272326,10.505402425578831,11.017861080485115,10.86412348401323,18.704740904079383,1.8,1.78,0.0,2.39,2.39,4,2013,2.9775,226.75,9.07
2013-07-31,254.14,8.21,0.03800925925925926,-0.0014930555555555545,66.81,13.189999999999998,19.250000000000004,1.73,0.38,240.95000000000005,25.10000000000001,162.55,164.93,0.0,521.85,116.71,675.04,4.0,158.87,0.0,199.97,38.29,238.26,215.62,430.42,-17.910000000000004,-2.710000000000001,-1.4699999999999989,6.0600000000000005,11.381437271619976,0.87,0.55,0.08,0.03,0.35,4.865185185185186,6.7466435185185185,7.620856481481481,7.73488425925926,12.086944444444445,2.29,2.26,0.0,2.61,2.61,7,2013,-0.3224999999999998,216.0,17.28
2013-10-31,293.34000000000003,20.17,0.09155941255006676,0.10058477970627502,85.25,27.040000000000003,33.55,1.83,0.8,266.30999999999995,36.89999999999999,213.44,131.24,0.0,570.34,119.71,730.2,8.5,198.41,0.0,248.72,42.15,290.88,215.62,431.54,73.4,-4.469999999999999,-18.03,6.509999999999998,4.994571145265246,0.91,0.67,0.17,0.13,0.75,11.051759679572763,15.92056608811749,18.69966355140187,19.001271028037383,25.61509212283044,3.59,3.55,0.0,2.29,2.29,10,2013,22.158235294117645,220.2941176470588,37.45
2014-01-31,-765.3199999999999,-31.6,-0.16205128205128205,-0.1468627450980392,-219.24,-48.300000000000004,-66.45,1.73,0.0,-717.03,-85.37,211.64,187.83,0.0,547.52,114.76,701.29,16.5,158.92,0.0,213.77,43.39,257.16,215.62,436.52,-5.5,41.18,49.85,-18.15,-2.6690625,0.85,0.59,0.03,0.0,0.0,-17.933675213675215,-27.656752136752143,-28.953162393162398,-29.601367521367525,-39.54051282051283,2.03,2.01,0.0,2.56,2.56,1,2014,-28.638235294117646,195.0,5.85
2014-04-30,215.86,-2.4499999999999997,-0.014411764705882351,0.0,66.63000000000001,-0.5099999999999998,5.480000000000002,1.79,5.18,216.36,23.18,186.9,145.52,0.0,513.6,111.87,669.35,1.5,152.82,0.0,184.62,43.63,228.25,215.62,434.07,-0.8799999999999999,-8.79,-15.459999999999999,5.99,-31.05102040816327,0.89,0.53,0.02,0.0,0.0,-1.4699999999999998,-3.5741176470588227,-2.248235294117647,-2.2770588235294116,-5.015294117647058,0.68,0.67,0.0,2.78,2.78,4,2014,0.0,170.0,3.4
2014-07-31,177.57999999999998,-17.93,-0.08637990364762561,0.0,43.49000000000001,-19.09,-12.670000000000002,2.02,5.9,196.67999999999995,2.5600000000000023,205.06,108.2,0.0,468.31,111.14,618.18,0.0,124.14,0.0,149.86,45.27,195.13,215.62,416.14,28.98,-8.860000000000001,-1.9700000000000006,6.42,-5.846846068042386,1.05,0.47,-0.07,0.0,0.0,-11.599587061252581,-8.144390915347556,-17.22662078458362,-16.93046111493462,-11.254067446662079,-2.14,-2.12,0.0,3.12,3.12,7,2014,0.0,207.57142857142856,-14.53
2014-10-31,295.48,9.669999999999998,0.039794238683127564,0.0,69.42999999999998,12.95,19.54,2.46,8.54,282.52,28.650000000000006,238.58,126.67,0.0,556.0,120.87,723.31,0.0,212.22,0.0,247.3,45.18,292.48,215.62,426.52,42.21,-5.530000000000001,-3.16,6.59,15.45449844881076,1.24,0.69,-0.02,0.0,0.0,5.332427983539094,-2.5468312757201637,9.073086419753084,8.993497942386828,-3.820246913580246,-0.5,-0.5,0.0,2.25,2.25,10,2014,0.0,243.0,-4.86
2015-01-31,-754.72,5.380000000000001,0.0,,-188.7,-1.01,-19.799999999999997,2.2,0.0,-753.7099999999999,-63.17,148.79,120.49,0.0,487.3,131.61,664.23,0.0,156.93,2.38,231.35,45.25,276.6,215.62,383.92,-125.39,-2.849999999999998,13.31,-18.79,0.0,1.24,0.72,0.0,0.2,0.0,3.3107692307692314,7.863076923076924,5.793846153846156,5.380000000000001,12.415384615384616,0.24,0.23,0.0,2.11,2.11,1,2015,inf,inf,0.52
2015-04-30,288.98,12.15,0.057537490134175216,-inf,81.69999999999999,16.779999999999998,23.229999999999997,2.34,0.0,272.21000000000004,33.09,58.56,197.22,0.0,504.88,149.7,699.11,42.0,180.52,0.0,253.94,44.99,298.93,215.62,396.07,-68.17999999999999,-20.35,-1.71,6.45,10.167283950617284,1.27,0.75,0.06,0.2,3.33,6.942857142857143,10.12659826361484,12.27466456195738,11.699289660615626,15.573480662983425,2.49,2.46,0.0,1.99,1.99,4,2015,-inf,211.16666666666669,12.67
2015-07-31,231.04999999999995,1.0,0.0043891733723482075,0.014630577907827338,62.97,2.6799999999999997,9.410000000000004,2.4,0.0,228.36999999999995,20.029999999999994,47.12,119.67,0.0,478.76,157.64,682.11,41.0,163.51,0.0,235.26,45.21,280.47,215.62,397.0,2.6499999999999915,-12.420000000000002,-1.5899999999999999,6.73,136.7,1.3,0.71,0.06,0.2,3.33,0.5852231163130943,0.9334308705193856,1.0065837600585223,0.9831748354059985,1.357717629846379,1.85,1.83,0.0,2.04,2.04,7,2015,3.3333333333333286,227.83333333333334,13.67
2015-10-31,518.1,53.08,0.24651385767790263,-0.011620474406991285,147.17,66.81,74.6,2.24,1.0,451.2900000000001,82.30000000000001,169.12,134.6,0.0,755.56,158.98,958.44,8.0,275.94,0.0,458.35,45.3,503.66,215.62,450.15,167.6,-10.499999999999993,-35.160000000000004,7.789999999999999,2.2729959495101735,1.07,1.12,0.31,0.2,0.65,22.138534831460674,33.11237752808989,47.171619475655426,48.443949063670416,55.6962277153558,5.34,5.28,0.0,1.65,1.65,10,2015,-2.5021505376344138,215.32258064516128,66.75
2016-01-31,-933.15,-54.25,-0.26039999999999996,0.013290322580645181,-269.09999999999997,-71.31,-90.21000000000001,2.54,0.0,-861.84,-118.59,136.79,197.47,0.0,726.61,159.18,933.68,16.17,220.31,0.0,466.57,47.48,514.05,215.62,415.21,-67.95,62.19,46.58,-18.9,-2.438364055299539,1.32,1.24,0.06,0.22,3.67,-23.2624,-35.2408,-52.2536,-54.336800000000004,-60.4128,3.82,3.79,0.0,1.56,1.56,1,2016,2.7688172043010795,208.33333333333334,12.5
2016-04-30,416.26,17.48,0.08162775183455638,0.005968423393373335,99.85000000000001,25.280000000000005,33.93000000000001,4.76,0.04,390.99,44.72999999999999,69.16,240.67,0.0,789.99,155.98,990.52,76.8,230.27,0.0,505.35,47.82,553.17,215.62,432.68,-75.59,-4.59,12.55,8.65,14.57837528604119,2.37,1.28,0.14,0.22,1.57,7.0666310873915945,11.451207471647765,16.162294863242163,16.861961307538362,19.963815877251502,4.03,4.02,0.0,1.56,1.56,4,2016,1.2780952380952328,214.14285714285714,29.98
2016-07-31,327.6,3.389999999999997,0.016254120467485752,-0.005886382122522393,76.08000000000001,6.119999999999997,14.759999999999991,4.64,2.95,321.4699999999999,27.480000000000004,99.34,184.01,0.0,731.77,149.38,926.04,49.0,225.82,0.0,436.89,48.2,485.09,215.62,436.07,61.51,-2.950000000000001,-28.39,8.64,71.36651917404136,2.29,1.11,0.16,0.22,1.38,1.4628708420737178,2.4056098291878913,3.1086005394066505,3.254887623614022,3.9578783338327805,3.12,3.11,0.0,1.67,1.67,7,2016,-1.2276785714285765,208.56249999999997,33.37
2016-10-31,335.8599999999999,1.2600000000000051,0.00582154201559344,0.008004620271440988,68.27999999999997,2.6000000000000014,10.180000000000007,3.86,2.95,333.26,22.810000000000016,192.14,212.75,0.0,707.49,150.37,900.77,23.0,229.21,0.0,402.76,50.18,452.94,215.62,443.33,120.52000000000001,-0.03999999999999915,-27.68,7.579999999999998,165.79799603174536,1.88,1.02,0.16,0.22,1.38,0.5588680334969702,0.7859081721051144,1.136656078544619,1.1279237655212289,1.4684839734334452,2.47,2.46,0.0,1.76,1.76,10,2016,1.7325000000000088,216.4375,34.63
2017-01-31,-1167.77,-41.52,-0.18078374455732948,-0.05732764876632804,-266.2,-57.800000000000004,-84.07000000000001,3.54,0.0,-1109.9699999999998,-119.32000000000002,284.76,169.56,0.0,665.96,144.13,854.63,2.0,241.04,0.0,396.5,50.43,446.93,215.62,404.12,36.28,15.129999999999999,14.489999999999998,-26.27,-4.895351637764932,1.89,1.11,-0.03,0.15,-5.0,-19.524644412191584,-20.48882438316401,-40.97764876632802,-40.495558780841804,-39.77242380261249,-2.88,-2.85,0.0,1.68,1.68,1,2017,-13.166250000000005,229.66666666666666,-6.89
2017-04-30,352.83,18.93,0.09433554817275748,-0.021677740863787365,86.75999999999999,22.39,29.52,3.56,0.91,330.45000000000005,42.21,233.14,150.09,0.0,650.15,142.66,853.74,3.0,252.13,0.0,373.73,52.89,426.62,215.62,423.04,-18.400000000000006,-1.3199999999999998,-31.91,7.13,9.433877443211832,1.81,1.01,0.06,0.15,2.5,8.867541528239203,10.125348837209303,17.92375415282392,17.672192691029903,19.433122923588037,2.04,2.02,0.0,1.74,1.74,4,2017,-4.349999999999998,200.66666666666666,12.04
2017-07-31,359.11,16.470000000000002,0.07509996492458787,0.012749912311469658,85.92000000000002,20.64,27.849999999999998,5.55,0.91,338.4599999999999,37.81999999999999,199.25,191.88,0.0,660.48,138.91,880.62,2.0,253.97,0.0,382.91,53.24,436.15,215.62,439.51,-31.299999999999997,-0.9199999999999999,-1.6700000000000017,7.209999999999999,18.47437613843351,2.72,0.99,0.13,0.15,1.15,7.48688881094353,9.081318835496317,14.996885303402316,15.043100666432832,16.475776920378813,3.01,2.99,0.0,1.72,1.72,7,2017,2.796153846153846,219.30769230769232,28.51
