,revenue,net_profit,eps,dps,gross_profit,ebit,ebitda,close_price,allowance_doubtful_accounts,expense,operating_profit,cash,account_receivable,inventory,current_asset,property_plant_equipment,total_asset,short_term_loan,account_payable,current_portion_long_term_debt,current_liability,non_current_liability,total_liability,paid_in_capital,total_equity,cash_flow_operation,cash_flow_investment,cash_flow_financing,depreciation,P/E,P/BV,D/E,EPS,DPS,DPR%,ROA%,ROAA%,ROE%,ROAE%,ROCE%,NPM%,NPMA%,TIE,CurrentRatio,QuickRatio,month,year,dividend,number_of_shares,return_old
2000-03-31,357.24,7.15,0.67,0.0,62.25,29.83,39.75,1.0,0.0,327.41,27.65,16.0,201.56,175.65,684.55,316.91,1137.93,387.27,283.14,2.52,957.49,126.36,1083.85,106.0,48.28,-5.12,-10.12,-28.12,9.92,0.3725,2.2,22.45,0.67,0.0,0.0,2.52,0.0,59.239999999999995,0.0,66.12,2.02,2.0,0.0,0.71,0.53,3,2000,0.0,10.671641791044776,7.15
2000-06-30,330.04999999999995,7.25,0.6847222222222222,0.0,64.96,28.590000000000003,38.239999999999995,0.97,0.0,301.46,25.980000000000004,14.08,224.0,171.56,676.63,309.96,1122.94,392.88,234.32,2.28,811.64,250.38,1062.02,106.0,55.52,-10.600000000000001,-3.1900000000000013,7.84,9.65,0.35255172413793107,1.85,19.13,1.36,0.0,0.0,2.577777777777778,0.0,52.24027777777778,0.0,37.800694444444446,2.11,2.1,0.0,0.83,0.62,6,2000,0.0,10.588235294117647,14.4
2000-09-30,403.1400000000001,7.389999999999999,0.6986415787058282,0.0,51.92999999999999,21.379999999999995,29.960000000000008,0.85,0.0,381.77,-2.950000000000003,21.69,252.37,165.06,707.63,256.34,1007.46,143.05,264.32,2.4,567.47,383.17,950.64,106.0,51.24,38.05,110.56,-132.28,8.579999999999998,0.3022293640054127,1.76,18.55,2.06,0.0,0.0,2.9302248737953187,0.0,57.69558513079394,0.0,24.608462597521797,2.06,2.0,0.0,1.25,0.96,9,2000,0.0,10.577669902912621,21.79
2000-12-31,421.55999999999995,34.44,3.246167526231549,0.0,70.30000000000001,26.040000000000006,39.83,0.85,0.0,395.5100000000001,46.86000000000001,43.41,265.12,182.95,766.01,269.75,1076.93,82.11,367.62,3.13,603.84,381.86,985.7,106.0,85.69,92.94,-29.090000000000003,-62.30000000000001,13.79,0.06530778164924507,1.05,11.5,5.3,0.0,0.0,12.788675084474479,0.0,160.7649155255202,0.0,54.80510759381114,3.78,3.72,0.0,1.27,0.97,12,2000,0.0,10.60943396226415,56.23
2001-03-31,391.28,23.7,2.24,0.0,86.58,41.02,52.19,1.18,0.0,350.25,36.52,45.79,300.6,186.78,826.77,275.9,1143.84,101.92,303.01,20.44,610.78,417.73,1028.51,106.0,109.39,7.67,-19.53,14.24,11.17,0.13,1.14,9.4,2.24,0.0,0.0,8.28,14.4,86.68,120.23999999999998,30.8,6.14,6.06,0.0,1.35,1.05,3,2001,0.0,10.580357142857142,23.7
2001-06-30,628.48,36.150000000000006,3.4126566416040105,0.0,82.82000000000001,39.38999999999999,45.379999999999995,1.3,0.0,589.1,21.11,58.73,311.06,213.93,958.49,253.46,1247.92,154.9,364.26,38.33,730.48,365.98,1096.46,106.0,145.54,-25.54,-6.27,44.739999999999995,5.99,0.09519709543568464,0.95,7.53,5.65,0.0,0.0,11.596992481203008,16.38075187969925,99.34756892230578,143.82686716791983,37.54526315789474,6.01,5.87,0.0,1.31,1.02,6,2001,0.0,10.5929203539823,59.85
2001-09-30,493.8700000000001,11.57,1.0918762251470178,0.0,68.43,23.02000000000001,37.5,1.63,0.0,470.85,22.15,88.48,318.27,186.54,943.9,244.07,1225.38,195.82,320.7,48.61,719.06,342.51,1061.57,106.0,157.11,6.360000000000001,-4.689999999999998,28.089999999999996,14.48,0.37037165082108897,1.1,6.76,6.74,0.0,0.0,3.7778269392327077,6.000459255110613,29.45797815737889,44.42672640716886,13.238594231307756,4.8,4.72,0.0,1.31,1.05,9,2001,0.0,10.596439169139465,71.42
2001-12-31,400.28,7.560000000000002,0.7131172448721198,0.0,52.99999999999997,18.36999999999999,21.04000000000002,1.8,0.0,381.89999999999986,12.319999999999993,54.39,286.34,193.48,803.49,383.47,1232.35,162.19,278.16,48.01,591.35,329.61,920.96,106.0,304.67,37.89,-4.940000000000001,-44.93999999999999,2.6700000000000017,0.6268253968253967,0.63,3.02,7.45,0.0,0.0,2.4542719675867315,4.039402380349457,9.924294758166628,15.495224107368958,7.274753102051154,4.2,4.13,0.0,1.36,1.03,12,2001,0.0,10.601342281879194,78.98
2002-03-31,419.53,25.39,2.4,0.0,73.24,41.15,50.01,3.6,0.0,378.38,37.65,55.59,280.81,189.31,843.15,376.09,1273.7,158.19,306.11,48.24,615.62,320.65,936.27,106.0,330.06,38.97,-11.68,-26.08,8.86,0.375,1.16,2.84,2.4,0.0,0.0,7.960000000000001,13.6,30.760000000000005,46.24,25.0,6.1,6.05,0.0,1.37,1.06,3,2002,0.0,10.579166666666667,25.39
2002-06-30,444.6,33.15,3.1258626580116156,0.0,60.64999999999999,40.53000000000001,47.87,4.05,0.0,404.08000000000004,39.23,68.0,349.12,191.17,855.07,379.69,1298.91,158.62,306.28,48.66,619.12,309.73,928.84,106.0,363.21,43.66,-21.939999999999998,-9.32,7.34,0.32227903469079944,1.18,2.56,5.52,0.0,0.0,10.215681585240858,14.519405534677144,36.51370003416467,52.12036214554151,27.226716774854797,6.81,6.77,0.0,1.38,1.07,6,2002,0.0,10.605072463768117,58.54
2002-09-30,501.38,20.68,1.9500075738449885,0.0,75.65,34.519999999999996,42.78,3.93,0.0,466.8399999999999,31.150000000000006,43.88,360.01,192.7,893.0,379.63,1338.34,180.63,308.05,49.48,654.24,292.75,946.99,106.0,383.89,-19.139999999999993,-11.740000000000002,6.759999999999998,8.260000000000002,0.5075749516441006,1.08,2.47,7.47,0.0,0.0,6.181550113607675,9.460277707649585,21.551890936632166,30.58405453168392,17.740631153749053,5.84,5.8,0.0,1.36,1.07,9,2002,0.0,10.60508701472557,79.22
2002-12-31,533.25,15.930000000000007,1.5034303730951135,0.0,63.190000000000026,24.209999999999994,34.110000000000014,3.78,0.0,509.05999999999995,23.379999999999995,55.4,288.7,201.24,972.56,372.23,1410.18,210.8,333.88,43.46,706.84,279.94,986.78,106.0,415.58,-17.04,19.0,9.490000000000002,9.899999999999999,0.6271657250470807,0.96,2.37,8.98,0.0,0.0,4.520336311087758,7.118692590646352,15.335659485023653,17.692931161324232,13.366801891749875,5.04,5.01,0.0,1.38,1.09,12,2002,0.0,10.59576837416481,95.15
2003-03-31,592.72,63.06,5.95,0.0,96.23,57.48,66.47,3.8,5.54,535.23,58.67,68.08,435.38,227.83,1071.41,367.0,1494.6,233.78,367.3,43.01,753.33,253.83,1007.16,106.0,478.64,-16.58,7.55,21.7,8.99,0.16,0.84,2.1,5.95,0.0,0.0,16.88,16.6,52.68,62.4,31.0,10.72,10.64,0.0,1.42,1.12,3,2003,0.0,10.598319327731092,63.06
2003-06-30,526.44,25.840000000000003,2.4386681664791903,2.0,76.93999999999998,33.470000000000006,42.989999999999995,6.9,6.77,492.99,35.69,58.91,327.6,204.13,1041.43,362.44,1453.55,231.12,354.51,42.84,717.78,243.08,960.85,106.0,483.28,24.439999999999998,0.9300000000000006,-34.53,9.520000000000001,0.705282507739938,1.51,1.99,8.39,2.0,0.24,7.115446569178853,7.685147356580428,21.392845894263214,24.415748031496065,14.370411698537684,7.97,7.94,0.0,1.45,1.17,6,2003,21.191895113230036,10.595947556615018,88.9
2003-09-30,594.8899999999999,31.86,3.0050132494203377,0.001195053497100891,64.85000000000002,42.290000000000006,51.42999999999999,7.4,11.05,552.5899999999999,32.64,61.82,479.34,215.81,1146.68,355.77,1554.75,317.97,349.1,42.48,797.21,232.58,1029.78,106.0,515.14,-64.16,-8.98,76.04,9.139999999999997,0.6159290646578782,1.52,2.0,11.39,2.0,0.18,8.1998078834051,9.719463398476318,24.73661477310368,28.34579662139781,18.563014243126865,7.15,7.05,0.0,1.44,1.17,9,2003,0.012670295022818578,10.602282704126427,120.76
2003-12-31,633.5600000000002,18.36999999999999,1.7336167613023783,-0.0011208496396176288,85.85,34.25,43.49000000000001,13.2,15.61,599.31,38.66,70.46,500.57,190.39,1206.77,402.51,1674.11,184.01,339.94,42.67,678.04,452.53,1130.57,106.0,533.5,-12.490000000000009,-64.72,85.85,9.240000000000002,1.9123747958628208,2.62,2.12,13.13,2.0,0.15,4.388836340113561,5.735591173722415,13.773869043340753,15.48503989074965,8.88330051031409,5.99,5.93,0.0,1.78,1.5,12,2003,-0.011876908633663419,10.596344249809595,139.13
2004-03-31,593.08,34.89,0.15,0.15,98.83,57.73,66.88,3.62,2.52,535.36,57.72,187.5,533.21,212.69,1479.4,399.98,1948.65,395.87,375.97,44.22,917.6,441.34,1358.94,238.49,578.97,-79.92,-15.83,212.79,9.15,6.0325,1.49,2.35,0.15,0.15,1.0,7.16,13.399999999999999,24.12,26.4,22.4,5.92,5.88,0.0,1.61,1.38,3,2004,34.89,232.60000000000002,34.89
2004-06-30,556.3000000000001,0.28999999999999915,0.0012364980102330834,0.051236498010233084,43.42999999999999,8.640000000000008,21.89,3.0,6.34,547.65,4.060000000000002,112.14,415.96,232.96,1526.72,426.41,2013.54,476.54,361.77,52.87,1006.35,429.53,1435.88,238.49,567.36,-119.45,-20.4,64.07000000000002,13.249999999999998,606.5517241379329,1.26,2.53,0.15,0.2,1.33,0.05770324047754389,0.12628766344513892,0.20443433769186978,0.22092097782831088,0.21729391699829384,3.09,3.06,0.0,1.52,1.29,6,2004,12.016666666666666,234.53333333333333,35.18
2004-09-30,582.81,-6.969999999999999,-0.029649060616802548,0.00046791917759662476,55.73000000000002,7.359999999999999,14.040000000000006,2.82,17.32,575.46,17.679999999999993,285.7,710.97,238.1,1826.02,442.53,2343.07,818.82,352.36,48.53,1356.16,417.06,1773.22,238.49,560.38,-110.57,-40.580000000000005,325.31999999999994,6.68,-23.778156384505028,1.2,3.16,0.12,0.2,1.67,-1.185962424672102,-3.7357816377171207,-4.971159163417227,-5.188585607940446,-7.382616093583834,1.64,1.63,0.0,1.35,1.17,9,2004,0.11000000000000654,235.08333333333334,28.21
2004-12-31,710.31,24.479999999999997,0.1068589865249573,-0.0052350224584045485,37.66999999999999,35.50999999999999,45.71000000000001,2.18,4.62,674.8,-10.759999999999991,176.34,810.21,269.66,1810.38,587.0,2467.77,689.6,427.04,151.12,1441.37,311.02,1752.39,238.49,705.11,65.65,-14.259999999999991,-160.61999999999995,10.200000000000003,5.101115196078432,0.74,2.49,0.23,0.2,0.87,3.9770127158853668,9.793858417156953,13.882376162459668,15.815130005693677,19.773558550009486,2.2,2.16,0.0,1.26,1.07,12,2004,-1.1992753623188506,229.0869565217391,52.69
2005-03-31,698.51,15.78,0.07,0.0,82.56,35.47,45.73,2.34,5.45,663.04,39.85,46.62,801.04,323.44,1840.08,620.5,2524.92,627.84,525.5,152.31,1494.15,299.14,1793.29,238.49,720.89,-15.11,-45.07,-69.84,10.26,8.3575,0.77,2.49,0.07,0.0,0.0,2.48,6.36,8.76,9.72,13.76,2.27,2.26,0.0,1.23,1.02,3,2005,0.0,225.4285714285714,15.78
2005-06-30,717.74,18.799999999999997,0.07611336032388663,0.0,63.370000000000005,36.489999999999995,47.410000000000004,2.42,0.0,681.24,17.5,73.45,846.33,369.42,1955.76,697.94,2714.92,739.33,494.02,154.69,1597.23,367.35,1964.57,238.49,739.68,-75.28,-68.09,169.82,10.92,7.95064095744681,0.78,2.66,0.14,0.0,0.0,2.761827646038172,6.610989010989011,10.155696934644302,11.503990746096008,14.00485829959514,2.47,2.44,0.0,1.22,0.99,6,2005,0.0,246.99999999999997,34.58
2005-09-30,618.8900000000001,18.1,0.07558845861807138,0.0,57.5,34.03,45.58,2.42,6.53,584.8600000000001,14.32,162.3,852.55,443.06,1947.09,753.49,2760.96,652.06,542.24,157.07,1616.06,376.14,1992.19,238.49,757.79,192.31,-27.870000000000005,-74.18,11.549999999999997,8.003867403314917,0.76,2.63,0.22,0.0,0.0,2.624981017463933,5.703492786636296,9.551632498101746,10.980941533788915,12.726347760060746,2.64,2.59,0.0,1.2,0.93,9,2005,0.0,239.45454545454544,52.68
2005-12-31,725.9300000000001,14.649999999999999,0.06092380810931234,0.0,79.26999999999998,38.17999999999999,54.81,2.28,6.53,687.76,48.59,106.49,751.88,428.02,1853.43,746.42,2689.85,804.24,396.35,160.1,1605.7,300.56,1906.25,238.49,772.43,-85.47,-35.24000000000001,64.58,16.630000000000003,9.35266552901024,0.7,2.47,0.28,0.0,0.0,2.175850289618298,4.865201247586514,7.589365810188623,7.928798455369077,11.575523540769344,2.47,2.44,0.0,1.15,0.89,12,2005,0.0,240.4642857142857,67.33
2006-03-31,804.69,26.82,0.11,0.0,125.98,48.64,66.29,2.62,0.0,756.06,43.44,273.02,731.9,394.1,2072.35,755.42,2917.87,913.91,408.2,161.09,1821.9,285.28,2107.18,238.49,799.25,93.14,-27.07,96.21,17.65,5.955,0.78,2.64,0.11,0.0,0.0,3.68,7.16,13.440000000000001,14.119999999999997,17.76,3.35,3.33,0.0,1.14,0.92,3,2006,0.0,243.8181818181818,26.82
2006-06-30,810.54,26.839999999999996,0.11504286246738725,0.1,87.11,53.58,68.42,2.9,1.25,756.94,48.75,146.6,733.45,361.63,2007.79,775.81,2885.06,844.98,487.6,162.31,1802.7,268.43,2071.14,238.49,802.25,54.42999999999999,-67.08000000000001,-109.38999999999999,14.840000000000003,6.30265089418778,0.86,2.58,0.23,0.1,0.43,3.7213865076407004,7.302720834886321,13.38498695490123,13.925188222139397,18.88703689899366,3.35,3.32,0.0,1.11,0.91,6,2006,23.330434782608695,233.30434782608694,53.66
2006-09-30,951.6199999999999,27.480000000000004,0.11514912496918908,0.0022387499866039365,85.98999999999998,54.879999999999995,71.88,3.18,8.32,896.75,65.74000000000001,126.09,812.13,414.8,2285.94,794.79,3241.48,808.2,531.13,164.74,2150.18,250.64,2400.82,238.49,828.72,89.79000000000002,-56.53999999999999,-52.88,17.0,6.901919577874817,0.92,2.9,0.34,0.1,0.29,3.3867389696820314,7.085057924574811,13.262469805274835,13.858535863938872,19.5076164653685,3.19,3.16,0.0,1.06,0.87,9,2006,0.5342710997442452,238.6470588235294,81.14
2006-12-31,1244.0900000000001,19.310000000000002,0.08073867595818815,0.00021725763476124676,102.87,47.81999999999999,68.05999999999997,3.92,13.58,1196.27,56.18000000000001,54.63,1043.9,490.72,2595.6,857.72,3559.72,959.56,918.74,68.84,2394.63,304.44,2699.07,238.49,849.03,-112.59000000000002,-66.53999999999999,106.36,20.240000000000002,12.133590108751942,1.1,3.18,0.42,0.1,0.24,2.168410154305625,5.044244897959183,9.0965574912892,9.527163763066204,13.525650572424093,2.66,2.64,0.0,1.08,0.88,12,2006,0.05196078431373152,239.16666666666669,100.45
2007-03-31,1151.74,22.54,0.09,0.0,95.61,54.59,75.17,3.66,0.06,1097.15,50.6,206.91,1041.16,557.41,2917.96,862.32,3906.82,1191.24,1002.13,69.34,2609.25,295.5,2904.75,272.23,989.92,-180.34,-9.53,342.47,20.58,10.1675,1.01,2.93,0.09,0.0,0.0,2.32,6.400000000000001,9.12,10.08,16.84,1.97,1.96,0.0,1.12,0.9,3,2007,0.0,250.44444444444446,22.54
2007-06-30,864.98,-8.309999999999999,-0.035038650737877715,0.15,62.88000000000001,23.14999999999999,40.03999999999999,3.16,0.0,841.8299999999999,11.600000000000001,29.97,916.76,563.92,2863.2,860.18,3826.34,1385.58,830.77,71.64,2592.53,394.34,2986.88,239.13,828.13,-308.64,-10.38,141.57,16.89,-22.54795728038508,0.91,3.61,0.06,0.15,2.5,-0.8642867182009837,-5.419311314125086,-4.017765284609978,-4.087842586085733,-14.71623330990864,0.71,0.71,0.0,1.1,0.89,6,2007,35.575,237.16666666666669,14.23
2007-09-30,818.0899999999999,-133.26,-0.5597748466773081,0.0005628833067293675,5.949999999999989,-110.85,-84.0,2.46,45.6,928.94,-68.5,27.7,714.46,602.74,2902.81,851.11,3853.8,1664.71,753.87,73.16,2772.62,374.7,3147.32,239.13,694.87,-260.14,-12.010000000000002,270.03000000000003,26.849999999999994,-1.0986560108059433,0.85,4.53,-0.5,0.15,-0.3,-13.837634209863058,-4.164724859279173,-76.7115449886583,-69.94946484079642,-13.703288246660504,-4.23,-4.2,0.0,1.05,0.83,9,2007,0.13399999999999324,238.06,-119.03
2007-12-31,866.8200000000002,-161.24999999999997,-0.6788746967318395,-0.0003375909804481397,-59.69,-127.69000000000001,-105.75,1.64,45.61,994.5099999999998,-137.73999999999998,72.14,649.83,573.11,2740.83,842.75,3667.7,1693.01,665.92,75.56,2765.92,356.42,3122.35,239.13,533.62,46.120000000000005,-3.989999999999995,2.3999999999999773,21.940000000000012,-0.6040142635658915,0.73,5.85,-1.18,0.15,-0.13,-17.581704010275438,-10.240652204937918,-120.86270871985157,-93.29349222206365,-41.03164692450406,-7.63,-7.57,0.0,0.99,0.78,12,2007,-0.08018644067796998,237.52542372881354,-280.28
2008-03-31,898.97,-142.18,-0.63,0.0,-22.97,-107.81,-86.24,1.35,36.85,1006.78,-78.85,41.47,1861.44,650.38,2837.59,834.64,3776.88,1751.83,907.74,77.95,3036.78,336.36,3373.14,239.13,391.44,-61.6,-9.16,42.52,21.57,-0.535,0.82,8.62,-0.63,0.0,0.0,-15.04,-11.24,-145.28,-82.36,-58.279999999999994,-15.96,-15.82,0.0,0.93,0.72,3,2008,0.0,225.6825396825397,-142.18
2008-06-30,832.3399999999999,-92.22,-0.3855614334470989,0.0,18.32,-56.66999999999999,-34.24000000000001,1.32,67.94,889.01,-39.72,67.27,443.9,617.71,2689.55,823.58,3617.44,1678.84,778.37,190.58,2896.62,409.27,3305.9,239.13,299.22,85.83,-13.52,-47.580000000000005,22.43,-0.8578399479505532,1.05,11.05,-0.98,0.0,0.0,-10.197706484641639,-6.955843003412969,-123.28523549488054,-65.4352832764505,-35.912293515358364,-13.71,-13.54,0.0,0.93,0.72,6,2008,0.0,239.18367346938777,-234.4
2008-09-30,619.54,-148.98999999999998,-0.6256655103158664,0.0,-37.56,-111.85,-88.99,1.01,74.52,731.3899999999999,-106.04000000000002,25.69,452.69,568.52,2528.8,796.45,3435.32,1637.32,756.96,185.12,2891.53,381.51,3273.04,239.13,150.23,15.760000000000002,-11.910000000000004,-46.739999999999995,22.86,-0.4052884421773274,1.61,21.79,-1.61,0.0,0.0,-17.347644956832468,-11.782719424085133,-396.6952502673517,-141.0351099402697,-78.99707138944677,-16.47,-16.31,0.0,0.87,0.68,9,2008,0.0,238.13043478260866,-383.39
2008-12-31,519.7400000000002,-169.38,-0.7108953090797258,0.0,-31.809999999999995,-129.29000000000002,586.2,0.44,70.9,649.04,-116.31,64.31,844.43,460.34,2231.99,824.0,3171.38,1411.22,737.31,245.96,2878.71,230.35,3109.06,239.13,50.05,205.35999999999999,-10.689999999999998,-156.11,715.49,-0.15501579289172274,2.1,62.12,-2.32,0.0,0.0,-21.363629719413137,-14.536583389113012,-1353.6917502758834,-232.15634567722563,-169.8672084230331,-19.44,-19.26,0.0,0.78,0.62,12,2008,0.0,238.26293103448276,-552.77
2009-03-31,472.12,-821.56,-3.44,0.0,63.74,-789.5,-761.95,0.46,712.93,1261.63,18.58,4.62,293.6,359.31,1106.01,759.43,1995.91,1334.28,433.99,260.87,2534.74,224.54,2759.28,239.13,-772.14,-10.31,-2.12,-47.25,27.55,-0.0325,-0.14,-3.57,-3.44,0.0,0.0,-164.64,-109.4,425.59999999999997,1726.4,586.08,-176.43,-174.02,0.0,0.44,0.29,3,2009,0.0,238.82558139534882,-821.56
2009-06-30,419.61,-149.93000000000006,-0.5972568940493471,0.0,-7.5,-127.12,-128.94999999999993,0.52,768.05,546.7199999999998,-70.44,76.28,260.77,332.24,956.44,741.02,1821.44,1245.37,470.9,220.42,2532.38,193.81,2726.19,272.23,-911.69,104.38,-6.1499999999999995,-26.569999999999993,-1.8300000000000018,-0.21058777429467077,-0.16,-2.99,-3.87,0.0,0.0,-32.92783744557331,-20.809850024189657,65.78159651669088,195.83852926947276,79.59104015481377,-110.19,-108.94,0.0,0.38,0.25,6,2009,0.0,251.03100775193798,-971.49
2009-09-30,380.23,-93.94000000000005,-0.3632644096749671,0.0,4.199999999999996,-71.54999999999995,-59.31000000000006,0.49,774.17,451.7800000000002,-39.45,101.2,255.24,235.72,855.44,726.12,1706.81,1216.14,451.02,183.46,2490.83,215.05,2705.88,272.23,-1006.07,125.77000000000001,10.01,-110.87,12.240000000000002,-0.3402480306578665,-0.13,-2.69,-4.12,0.0,0.0,-22.014528594088784,-13.553642003698045,37.34922425687284,87.8112356513333,44.45227785964355,-84.97,-83.76,0.0,0.34,0.25,9,2009,0.0,258.5995145631068,-1065.43
2009-12-31,449.5,-23.529999999999973,-0.08988833382309716,0.0,86.87,65.71999999999991,77.36000000000001,1.06,738.68,383.77999999999975,29.260000000000005,83.24,345.9,276.27,926.2,714.07,1765.87,1207.05,428.93,20.21,2673.05,116.0,2789.05,272.23,-1030.17,4.289999999999992,-1.25,-21.0,11.64,-2.892477688057802,-0.28,-2.71,-4.16,0.0,0.0,-5.330205333529233,-3.2299298413164816,9.136630546576539,19.205852556567713,8.788313253012038,-64.11,-63.26,0.0,0.35,0.24,12,2009,0.0,261.7692307692308,-1088.96
2010-06-30,-575.21,1172.18,4.366447969238164,0.0,166.99,1089.66,1061.25,0.4,11.02,-1664.87,248.14,131.59,293.97,315.15,1027.75,687.94,1836.81,1184.32,445.16,19.72,2669.71,107.72,2777.42,272.23,-948.06,-139.26999999999998,-2.92,171.61,-28.41,0.022896184886280264,-0.11,-2.93,0.31,0.0,0.0,255.2259264599856,514.9591540495074,-494.6762989665946,-504.2543138668589,-1131.3325835135784,7.34,7.26,0.0,0.38,0.27,6,2010,0.0,268.4516129032258,83.22
2010-12-31,1313.5900000000001,26.519999999999996,0.09666484417714598,0.0,299.78000000000003,137.48,166.92999999999998,0.4,1.79,1176.1100000000001,130.41,294.1,539.04,384.91,1325.82,675.5,2123.09,1223.93,459.34,242.11,2940.48,98.35,3038.83,272.23,-922.69,185.03999999999996,-7.83,-14.700000000000003,29.45,1.034502262443439,-0.12,-3.29,0.4,0.0,0.0,4.997572443958447,15.147381082558772,-11.493449972662656,-10.865128485511207,-36.036653909240016,4.51,4.46,0.0,0.45,0.32,12,2010,0.0,274.34999999999997,109.74
2011-06-30,-877.0900000000001,11.800000000000011,0.04368932038834956,0.0,-259.34000000000003,-129.97,-162.04999999999998,0.4,62.94,-747.1200000000001,-77.62,230.86,426.62,452.43,1406.03,664.07,2193.61,59.0,151.62,157.27,822.74,2206.23,3028.98,272.23,-842.31,-190.91999999999996,2.209999999999999,-85.38999999999999,-32.08,2.2917499999999977,-0.13,-3.6,0.45,0.0,0.0,2.1514563106796136,3.3669902912621392,-5.603883495145636,-5.273786407766996,4.951456310679617,7.76,7.68,0.0,1.71,1.16,6,2011,0.0,270.0888888888889,121.54
2011-12-31,2219.12,824.09,2.4226919619724416,0.0,329.64,834.05,858.49,0.4,0.0,1385.07,120.75,309.41,420.95,499.72,1571.73,675.91,2378.15,78.01,182.28,111.62,885.71,1165.04,2050.75,494.1,321.26,236.25,-27.580000000000002,-130.12000000000003,24.44,0.040161936196289244,0.62,6.38,2.78,0.0,0.0,138.59889555111405,156.2374873893595,1026.0710489303428,-1096.1722508803655,235.6111506614638,30.48,24.87,45.77,1.77,1.21,12,2011,0.0,340.1546762589928,945.63
2012-06-30,-2162.74,-758.97,-1.8297251687560272,0.0,-347.36,-811.99,-834.56,0.4,0.0,-1350.75,-174.89,365.44,589.19,526.75,1767.97,666.2,2575.08,42.5,251.75,117.92,985.6,1076.85,2062.46,494.1,506.8,-132.56000000000003,27.260000000000005,146.03000000000003,-22.57,-0.05472133285900628,0.39,4.07,0.45,0.0,0.0,-117.91562198649952,-134.1798457087753,-599.0113596914176,1809.720173577628,-201.35108968177437,11.63,11.39,0.0,1.79,1.26,6,2012,0.0,414.79999999999995,186.66
2012-12-31,2000.1399999999999,164.39000000000001,0.3980387409200969,0.0,371.61,171.71,190.17,0.4,0.0,1828.4300000000003,168.17000000000002,477.78,569.83,617.06,2078.6,708.78,2921.38,30.17,387.97,260.17,1338.35,876.26,2214.61,494.1,699.84,225.03,-30.43,-82.26,18.46,0.25091778697001027,0.28,3.16,0.85,0.0,0.0,22.51494430992736,26.05514769975787,93.95587409200968,128.79597094430994,43.606314769975796,9.81,9.65,0.0,1.55,1.09,12,2012,0.0,413.0,351.05
2013-06-30,-1496.25,-534.1600000000001,-1.2835475943421988,0.0,-277.44,-578.02,-593.64,0.4,0.0,-918.23,-248.32000000000002,372.83,899.58,547.52,1943.57,752.14,3009.82,45.26,304.92,160.17,1176.94,1161.82,2338.76,494.1,663.66,-319.34,-23.370000000000005,69.38000000000002,-15.620000000000001,-0.07798697955668714,0.3,3.52,-0.44,0.0,0.0,-70.94517612364155,-87.51460870514993,-321.9370738900115,-365.11094751788545,-133.37226366664848,-8.63,-8.54,-34.18,1.65,1.19,6,2013,0.0,416.15909090909093,-183.11
2013-09-30,960.8499999999999,4.340000000000003,0.010439111707780955,0.0,190.02000000000004,46.49000000000001,59.8,0.4,0.0,914.3599999999997,57.31999999999999,552.02,578.36,544.92,1999.04,747.88,3030.31,57.47,343.21,181.95,1252.76,1102.76,2355.53,494.1,667.16,221.87,-5.810000000000002,-36.870000000000005,13.309999999999999,9.57696428571428,0.3,3.53,-0.43,0.0,0.0,0.5729372937293733,-0.0,2.6024948257537637,-0.0,0.890480505677687,-5.81,-5.76,0.0,1.6,1.16,9,2013,0.0,415.7441860465117,-178.77
2013-12-31,1188.2600000000002,96.14000000000001,0.23269998789785798,0.0,281.81999999999994,142.73999999999998,153.99,0.4,0.0,1045.5200000000004,127.53,500.98,676.65,537.88,2105.92,757.96,3176.88,16.28,471.8,197.32,1274.12,1133.15,2407.27,494.1,762.45,82.08999999999997,-61.52999999999999,-71.59,11.25,0.4297378822550446,0.26,3.16,-0.2,0.0,0.0,12.100399370688615,3.1181798378312973,50.44935737625561,52.59019726491591,4.979779741014161,-1.95,-1.93,0.0,1.65,1.23,12,2013,0.0,413.15,-82.63
2014-03-31,1001.58,45.07,0.11,0.0,213.23,63.99,78.07,0.4,0.0,937.58,72.42,522.35,665.27,502.33,2067.83,799.27,3170.17,79.1,365.73,203.86,1267.82,1088.61,2356.43,494.1,806.7,51.3,-45.95,16.01,14.08,0.91,0.24,2.92,0.11,0.0,0.0,5.679999999999999,0.0,22.36,0.0,13.44,4.52,4.5,0.0,1.63,1.23,3,2014,0.0,409.72727272727275,45.07
2014-06-30,1044.77,85.24000000000001,0.2093223850817282,0.0,224.59,94.10999999999999,109.36000000000001,0.4,0.0,950.67,99.30999999999999,422.84,547.61,525.94,1871.25,815.16,2999.63,54.35,327.13,187.95,1051.72,1048.71,2100.43,494.1,891.11,14.480000000000004,-29.89,-84.09,15.249999999999998,0.47773199202252453,0.22,2.36,0.32,0.0,0.0,11.355739390683755,13.762946819123629,38.253665873685826,43.85303967462207,21.24622208579541,6.4,6.37,11.86,1.78,1.28,6,2014,0.0,407.21875,130.31
2014-09-30,927.2400000000002,2.240000000000009,0.005407770652583952,0.0,177.57999999999998,38.68000000000001,52.359999999999985,0.4,0.0,888.5700000000002,37.27000000000001,436.82,849.24,540.98,1962.61,814.32,3086.8,115.49,335.08,166.21,1169.66,1016.34,2186.01,494.1,892.87,76.09,-59.69,-2.4200000000000017,13.68,18.491908482142783,0.22,2.45,0.32,0.0,0.0,0.28999170124481444,0.43464956620143513,1.0038174273858962,1.1484752923425166,0.6935465861938918,4.49,4.46,0.0,1.68,1.22,9,2014,0.0,414.21875,132.55
2014-12-31,1166.12,97.0,0.236636898279242,0.0,232.57000000000005,120.77000000000001,136.69000000000003,0.4,0.0,1045.3399999999997,98.00999999999999,414.52,954.61,517.02,2033.9,860.25,3202.94,72.31,411.76,127.62,1197.77,903.18,2100.96,494.1,1094.14,133.26,-70.83000000000001,-84.74000000000001,15.920000000000002,0.4200528350515464,0.18,1.92,0.56,0.0,0.0,12.119189719015464,16.818122413417555,35.461729470703546,41.80021781746896,26.773774776737092,5.63,5.55,0.0,1.7,1.27,12,2014,0.0,409.9107142857143,229.55
2015-03-31,874.66,16.39,0.04,0.0,179.64,26.42,43.16,0.4,0.0,848.24,25.46,318.76,790.01,653.74,1904.83,866.2,3085.04,97.82,326.67,114.63,1101.43,876.2,1977.62,494.1,1100.59,-52.34,-15.66,-27.77,16.74,2.5,0.18,1.8,0.04,0.0,0.0,2.12,3.36,5.96,6.88,5.32,1.9,1.87,0.0,1.73,1.14,3,2015,0.0,409.75,16.39
2015-06-30,944.37,37.43,0.09041062801932367,0.0,207.0,58.78,77.09,0.4,0.0,885.5899999999999,60.46,317.25,627.68,607.69,1804.07,872.28,2983.65,85.34,290.54,112.05,1000.09,840.28,1840.37,494.1,1137.24,-11.269999999999996,61.42,-51.64,18.31,1.1071707186748598,0.17,1.62,0.13,0.0,0.0,5.007357859531773,7.928316610925307,13.158223708658493,14.771705685618727,11.9620215533259,3.0,2.96,0.0,1.8,1.2,6,2015,0.0,414.0,53.82
2015-09-30,780.9800000000002,6.740000000000002,0.01669418758256275,0.0,197.45000000000005,24.03,43.110000000000014,4.58,0.0,756.9500000000003,23.810000000000002,403.25,657.72,652.21,1778.27,912.88,2995.88,36.23,301.08,109.88,1030.48,815.42,1845.9,494.1,1143.19,227.10000000000002,-60.73,-80.37,19.080000000000005,68.57925816023737,1.98,1.61,0.15,0.0,0.0,0.8992602377807136,1.598190224570674,2.3594451783355357,2.64881109643329,2.475191545574637,2.36,2.33,0.0,1.73,1.09,9,2015,0.0,403.73333333333335,60.56
2015-12-31,983.79,51.56999999999999,0.12417640239008294,0.0,266.13,75.39999999999999,93.82999999999998,3.9,0.0,908.3999999999996,88.89,387.24,810.72,639.22,1912.73,1168.98,3386.13,52.83,349.56,116.37,1125.68,836.09,1961.77,494.1,1417.94,21.78,-23.32,-14.47999999999999,18.43,7.849317432615862,1.36,1.38,0.27,0.0,0.0,6.0892428431285115,10.302042272362435,14.55163470971194,16.428078123606525,15.029943815214482,3.16,3.13,0.0,1.7,1.13,12,2015,0.0,415.29629629629625,112.13
2016-03-31,908.47,-3.26,-0.01,0.0,187.77,5.1,25.43,4.06,0.0,903.37,9.92,389.95,837.6,654.05,1948.2,1159.88,3420.7,25.73,391.2,114.75,1184.39,822.24,2006.63,494.1,1408.4,73.66,-18.83,-52.12,20.33,-101.5,1.42,1.42,-0.01,0.0,0.0,-0.4,0.64,-0.92,-1.04,0.92,-0.36,-0.36,0.0,1.64,1.09,3,2016,0.0,326.0,-3.26
2016-06-30,856.3699999999999,7.9399999999999995,0.016965811965811966,0.0,235.81999999999996,18.340000000000003,39.660000000000004,3.6,0.0,838.0300000000001,34.37,452.57,753.66,628.53,1898.69,1148.97,3359.41,107.63,242.34,116.12,1141.56,795.68,1937.24,494.1,1416.34,17.52000000000001,-8.340000000000003,53.44,21.32,53.047858942065496,1.26,1.37,0.01,0.0,0.0,0.9500854700854702,5.021880341880342,2.23948717948718,2.510940170940171,7.193504273504274,0.27,0.27,0.0,1.66,1.11,6,2016,0.0,467.99999999999994,4.68
2016-09-30,900.76,46.29,0.10898175397292525,0.0,250.19,67.51,88.71000000000001,3.08,0.0,833.25,77.16999999999999,513.4,695.35,633.26,1902.23,1136.92,3334.65,111.06,253.15,117.84,1093.32,770.8,1864.12,494.1,1462.04,84.44,-1.139999999999997,-21.88,21.200000000000003,7.066320479585224,1.04,1.28,0.12,0.0,0.0,5.558069452619188,10.425921130076516,12.678210712183638,14.203955267804592,14.748864037669215,1.92,1.91,0.0,1.74,1.16,9,2016,0.0,424.75,50.97
2016-12-31,1072.73,33.25,0.07895986701496083,0.0,276.20000000000005,50.469999999999985,70.75999999999999,3.74,0.0,1022.27,54.94000000000001,596.22,584.47,683.64,2194.41,1132.2,3614.94,110.13,404.95,120.07,1362.5,746.42,2108.92,494.1,1497.68,114.5,-10.110000000000003,-21.41,20.29,11.841458646616541,1.23,1.41,0.2,0.0,0.0,3.679529802897174,6.379957254808834,8.875089052481597,9.127760626929472,9.917359297079079,2.27,2.25,0.0,1.61,1.11,12,2016,0.0,421.09999999999997,84.22
2017-03-31,1235.05,79.34,0.19,0.07999999999999999,232.96,110.17,128.49,3.72,0.0,1124.88,114.19,525.17,1014.71,744.69,2321.52,1164.04,3775.91,114.41,1197.29,112.15,1457.01,740.9,2197.91,494.1,1570.14,13.69,-65.2,-18.86,18.32,4.895,1.17,1.4,0.19,0.08,0.42,8.4,12.239999999999998,20.200000000000003,21.319999999999997,19.0,6.51,6.42,0.0,1.59,1.08,3,2017,33.40631578947368,417.57894736842104,79.34
2017-06-30,1042.5400000000002,32.739999999999995,0.07887044967880084,-0.0004756001352417424,336.78999999999996,57.969999999999985,76.42999999999998,6.45,0.0,984.5699999999997,68.78,131.77,1051.1,824.6,2032.42,1214.44,3556.27,141.33,915.71,70.1,1185.91,890.15,2076.06,494.1,1471.21,-296.59,-68.05999999999999,-28.480000000000004,18.46,20.445870494807576,2.17,1.41,0.27,0.08,0.3,3.680620985010706,5.678672376873661,8.903597430406851,9.067180585296216,8.284318344039969,4.97,4.92,0.0,1.71,1.02,6,2017,-0.1974269005847944,415.1111111111111,112.08
2017-09-30,1146.6599999999999,77.61999999999999,0.18821929362150763,-0.0005276167047384678,324.91999999999996,99.33000000000004,118.34,6.0,0.0,1047.3200000000002,108.15,145.69,732.42,915.02,2115.75,1163.71,3698.67,160.91,444.12,92.89,1263.17,870.64,2133.81,494.1,1549.44,-62.77000000000004,56.17999999999999,20.280000000000005,19.009999999999998,7.967302241690286,1.91,1.38,0.46,0.08,0.17,8.396217185028993,12.455207169214548,20.033079599367422,20.622287822878228,17.9708508170796,5.59,5.54,0.0,1.67,0.95,9,2017,-0.21758454106279856,412.39130434782606,189.7
