,revenue,net_profit,eps,dps,gross_profit,ebit,ebitda,close_price,allowance_doubtful_accounts,expense,operating_profit,cash,account_receivable,inventory,current_asset,property_plant_equipment,total_asset,short_term_loan,account_payable,current_portion_long_term_debt,current_liability,non_current_liability,total_liability,paid_in_capital,total_equity,cash_flow_operation,cash_flow_investment,cash_flow_financing,depreciation,P/E,P/BV,D/E,EPS,ROA%,ROAA%,ROE%,ROAE%,ROCE%,NPM%,NPMA%,CurrentRatio,QuickRatio,month,year,dividend,number_of_shares,return_old
1997-06-30,,,,,,,,4.64,0.0,,,2109.93,721.61,40.9,10150.01,2984.98,14461.5,6168.69,114.27,696.53,7642.97,2964.98,10607.95,1839.96,3853.54,,,,,,2.21,2.75,0.11,,,,,,2.43,1.49,1.33,1.32,6,1997,,177.27272727272728,19.5
2000-03-31,129.37,-35.8,-0.72,0.0,-1.47,-30.27,-9.55,1.59,0.0,159.64,-16.74,6.52,163.52,186.42,378.02,438.57,837.6,177.16,30.16,60.78,305.14,120.72,425.87,500.0,411.74,-29.86,-3.84,31.67,20.72,-0.55,1.93,1.03,-0.72,-17.08,0.0,-34.76,0.0,-22.72,-27.9,-27.67,1.24,0.63,3,2000,0.0,49.72222222222222,-35.8
2000-06-30,136.64999999999998,-69.36,-1.3850893875998478,0.0,-46.71,-63.33,-43.42999999999999,2.14,0.0,199.98000000000002,-63.63000000000001,4.9,143.73,143.43,309.45,419.76,750.51,166.11,17.82,61.06,301.74,106.4,408.14,500.0,342.37,11.399999999999999,-2.1799999999999997,-10.850000000000001,19.9,-0.3866176470588235,3.12,1.19,-2.1,-36.96209965766451,0.0,-81.04751616584252,0.0,-55.03421833396729,-39.75,-39.53,1.03,0.55,6,2000,0.0,50.076190476190476,-105.16
2000-09-30,159.01,-59.21000000000001,-1.1851365821013569,0.0,-20.050000000000004,-53.390000000000015,-33.82,1.46,0.0,212.39999999999998,-43.75999999999999,8.14,126.52,123.31,274.06,401.14,699.37,178.06,27.26,61.06,324.04,92.17,416.21,500.0,283.16,8.920000000000002,-4.050000000000001,-1.629999999999999,19.57,-0.3123057760513427,2.59,1.47,-3.29,-33.86104520289591,0.0,-83.64398612885563,0.0,-56.42546936788952,-38.9,-38.67,0.85,0.47,9,2000,0.0,49.96048632218845,-164.37
2000-12-31,129.89999999999998,-60.129999999999995,-1.2026,0.0,-37.00999999999999,-54.03,-34.040000000000006,0.79,0.0,183.93000000000006,-52.150000000000006,6.5,106.92,122.01,255.74,382.05,664.25,206.86,28.49,63.34,362.84,78.37,441.21,500.0,223.04,-12.14,-3.5700000000000003,14.080000000000002,19.99000000000001,-0.1680109762181939,1.78,1.98,-4.49,-36.21191982182627,0.0,-107.83224053452116,0.0,-71.44890334075724,-40.44,-40.46,0.7,0.37,12,2000,0.0,50.0,-224.5
2001-03-31,119.59,-28.18,-0.56,0.0,-11.88,-22.22,-2.35,1.65,0.0,141.81,-22.94,6.71,98.74,93.92,217.1,362.22,605.98,208.62,0.0,93.01,349.04,62.08,411.12,500.0,194.86,22.11,-0.24,-21.66,19.87,-0.735,4.23,2.11,-0.56,-18.6,-12.32,-57.84,-37.16,-34.6,-23.72,-23.56,0.62,0.35,3,2001,0.0,50.32142857142857,-28.18
2001-06-30,96.66999999999999,-31.42,-0.6273456375838926,0.0,-10.76,-24.939999999999998,-5.33,2.14,0.0,121.61000000000001,-26.16,5.21,65.86,92.51,182.22,342.76,551.66,209.05,30.86,67.77,340.42,47.81,388.22,500.0,163.44,22.14,-0.2,-23.44,19.609999999999996,-0.848854232972629,6.53,2.38,-1.19,-22.774228187919466,-15.2671677852349,-76.90519463087249,-49.70264429530202,-47.0878255033557,-27.83,-27.56,0.54,0.26,6,2001,0.0,50.084033613445385,-59.6
2001-09-30,93.69999999999999,-30.169999999999995,-0.604945973042219,0.0,-17.68,-22.78,-5.780000000000001,3.6,0.0,116.47999999999996,-22.29,2.44,67.65,89.33,179.4,325.77,535.32,207.68,38.86,79.43,368.18,33.87,402.06,500.0,133.26,-8.810000000000002,-4.84,10.89,17.0,-1.487736161750083,13.5,3.02,-1.8,-22.54431992870669,-15.231195276818536,-90.55369054249748,-57.96726746128995,-56.25997549292636,-29.21,-28.96,0.49,0.24,9,2001,0.0,49.87222222222222,-89.77
2001-12-31,98.88,-32.03,-0.6416518883415435,0.0,8.719999999999999,-0.5100000000000051,14.340000000000002,2.56,0.0,99.39000000000004,-0.8400000000000034,3.2,69.42,107.38,193.15,310.99,509.78,186.27,37.94,82.17,378.84,29.7,408.54,500.0,101.24,-6.519999999999996,24.16,-16.89,14.850000000000001,-0.998204807992507,12.65,4.04,-2.44,-25.12961247947455,-12.622660098522168,-126.55268637110017,-79.01785221674878,-56.59159277504105,-30.02,-29.79,0.51,0.23,12,2001,0.0,49.91803278688525,-121.8
2002-03-31,87.75,-16.99,-0.33,0.0,-0.72,-7.9,6.44,2.7,0.0,95.64,-8.5,5.15,61.92,106.45,181.24,299.86,486.65,180.48,29.67,90.9,380.41,21.99,402.4,500.0,84.25,6.81,-2.92,-1.95,14.34,-2.0425,16.0,4.78,-0.33,-13.96,-5.8,-80.68,-48.68,-29.76,-19.96,-19.36,0.48,0.2,3,2002,0.0,51.48484848484848,-16.99
2002-06-30,105.19999999999999,-31.44,-0.6232170142473673,0.0,-7.78,-20.36,-6.1000000000000005,4.09,0.0,125.57000000000001,-18.02,0.78,89.45,96.41,191.17,286.25,489.84,192.06,27.04,5.59,422.98,14.05,437.04,500.0,52.81,-31.18,-7.58,34.39,14.260000000000002,-1.6405200381679388,38.7,8.28,-0.96,-25.681734462110263,-14.100284947346685,-238.14680156927523,-116.30787528391492,-109.76409663431758,-25.51,-25.1,0.45,0.22,6,2002,0.0,50.44791666666667,-48.43
2002-09-30,97.34000000000003,-27.160000000000004,-0.5425532477840984,0.0,-7.550000000000001,-16.31,-2.3,3.17,0.0,113.65,-15.779999999999998,14.16,65.47,98.53,183.49,272.24,462.88,187.8,24.74,31.84,428.2,9.03,437.23,500.0,25.65,20.39,10.08,-17.089999999999996,14.009999999999998,-1.4611469072164947,61.84,17.05,-1.51,-23.469919301494905,-12.83443841778013,-423.55084005820873,-136.7377907130573,-184.71243286148965,-26.4,-26.04,0.43,0.2,9,2002,0.0,50.05960264900663,-75.59
2002-12-31,75.19,-43.519999999999996,-0.8695961716060783,0.0,-10.73,-32.82,-18.89,2.07,0.0,108.0,-21.200000000000003,1.58,43.89,105.86,163.85,556.39,723.37,193.13,24.08,31.02,436.64,7.7,444.34,500.0,279.03,-1.1599999999999997,1.28,-12.69,13.93,-0.5952763097426471,3.72,1.59,-2.38,-24.071006632524554,-18.341902443119803,-62.39169843002266,-91.5487465368147,-39.44605154898832,-32.99,-32.59,0.38,0.13,12,2002,0.0,50.04621848739496,-119.11
2003-03-31,85.02,-44.2,-0.8799999999999999,0.0,-27.96,-33.44,-19.6,3.36,0.19,118.46,-34.07,3.09,52.55,80.64,144.87,542.46,690.45,195.1,25.4,102.22,449.27,6.36,455.63,500.0,234.82,-5.85,0.2,7.17,13.84,-0.9525,7.14,1.94,-0.88,-25.599999999999998,-22.72,-75.28,-110.84,-55.47999999999999,-52.57,-51.99,0.32,0.14,3,2003,0.0,50.227272727272734,-44.2
2003-06-30,74.36999999999999,-33.61,-0.6695219123505975,0.0,-15.949999999999996,-22.54,-9.009999999999998,2.67,0.38,96.91000000000001,-22.560000000000002,8.15,51.07,85.81,150.44,528.8,682.36,200.44,31.51,106.72,479.93,1.22,481.14,500.0,201.22,-1.6500000000000004,0.27999999999999997,6.42,13.530000000000001,-0.9954864623623922,6.64,2.39,-1.55,-19.69690271173371,-16.500475517285697,-66.81396735638093,-105.84493509831641,-47.77362806837167,-49.32,-48.82,0.31,0.13,6,2003,0.0,50.2,-77.81
2003-09-30,95.51000000000002,-42.28,-0.8449662752935299,0.0,-15.82,-30.56000000000001,-17.259999999999998,3.66,0.57,126.06,-24.15,2.26,48.95,69.3,126.87,515.5,645.68,207.81,37.84,106.66,485.7,1.04,486.75,500.0,158.93,-5.02,-0.19999999999999996,-0.6699999999999999,13.3,-1.0864338930936615,11.52,3.06,-2.4,-26.19395453409943,-21.98320592888667,-106.40941960196518,-183.24501956865686,-76.17370971771172,-48.36,-47.11,0.26,0.12,9,2003,0.0,50.0375,-120.09
2003-12-31,86.71000000000001,-36.75,-0.7357498087222648,0.0,-14.369999999999997,-26.409999999999997,-13.220000000000006,1.65,0.76,113.13,-24.319999999999993,4.06,37.08,69.57,118.77,502.32,624.4,223.9,38.96,106.6,501.35,0.87,502.22,500.0,122.19,-2.0999999999999996,-0.010000000000000009,3.9099999999999984,13.189999999999998,-0.5548081632653062,6.74,4.11,-3.14,-23.54399387911247,-15.70849273144606,-120.30680948737567,-73.27505738332059,-86.03117827084927,-46.97,-45.91,0.24,0.1,12,2003,0.0,49.94904458598726,-156.84
2004-03-31,78.3,-33.11,-0.66,0.0,-24.44,-30.89,-17.85,1.83,0.0,109.19,-30.79,11.24,34.36,56.74,110.23,476.25,589.78,224.45,33.51,97.09,500.87,0.7,501.57,500.0,88.21,-7.96,0.0,15.14,13.04,-0.6925,10.37,5.69,-0.66,-22.44,-19.32,-150.16,-82.0,-138.96,-42.39,-42.29,0.22,0.11,3,2004,0.0,50.166666666666664,-33.11
2004-06-30,84.44000000000001,-29.560000000000002,-0.5801627573001437,0.0,-19.749999999999996,-17.939999999999998,-5.469999999999999,1.1,0.0,102.37,-25.490000000000002,5.61,36.65,59.64,108.03,463.79,575.17,236.14,26.76,97.05,511.3,0.52,511.83,523.45,63.34,-17.54,-0.01,11.919999999999998,12.470000000000002,-0.4717210757780784,9.09,8.08,-1.23,-20.565118876655497,-14.659722355193873,-186.67090473910963,-89.39223232806766,-144.23883835966174,-40.51,-38.51,0.21,0.09,6,2004,0.0,50.951219512195124,-62.67
2004-09-30,59.56999999999999,-85.57000000000001,-1.6682224770642202,0.0,-23.47,-72.65,-60.720000000000006,1.1,0.0,132.21999999999997,-30.879999999999995,2.2,34.33,42.58,87.15,371.37,513.46,453.66,22.75,0.7,535.33,0.35,535.68,523.45,-22.22,-11.18,-0.01,7.780000000000005,11.929999999999996,-0.16457637022320906,-25.91,-24.11,-2.89,-66.6596303291959,-48.39576902320562,1540.4216270912034,-500.7438181327577,1282.5340582838642,-72.05,-66.68,0.16,0.08,9,2004,0.0,51.294117647058826,-148.24
2004-12-31,62.85000000000002,-49.14999999999998,-0.9536678656466889,0.0,-33.49000000000001,-34.959999999999994,-28.86,1.0,0.0,97.82000000000005,-47.78,2.26,23.33,30.35,62.47,363.23,480.64,481.0,16.34,0.23,551.97,0.06,552.02,523.45,-71.38,-11.410000000000004,1.51,9.959999999999994,6.100000000000001,-0.26104476093591056,-7.33,-7.73,-3.83,-40.90562845128931,-28.19669689447286,275.42326358984735,-773.8603880642381,218.44223111606453,-77.44,-69.22,0.11,0.06,12,2004,0.0,51.53785900783289,-197.39
2005-03-31,29.84,-118.86,-2.27,0.0,-7.46,-107.64,-101.98,2.28,0.0,137.48,-22.82,1.5,13.92,11.57,30.78,275.22,340.63,482.36,28.19,0.23,599.33,0.0,599.33,523.45,-258.7,6.38,0.0,-7.13,5.66,-0.25,-4.61,-2.32,-2.27,-139.56,-92.56,183.8,557.72,166.44,-423.44,-398.32,0.05,0.03,3,2005,0.0,52.36123348017621,-118.86
2005-06-30,8.55,-29.470000000000013,-0.5622605002359605,0.0,-5.569999999999999,-17.980000000000004,-15.819999999999993,2.78,0.0,26.53,-10.369999999999997,1.9,5.85,1.84,11.51,273.66,319.86,489.72,28.78,0.17,608.04,0.0,608.04,523.45,-288.17,6.46,0.0,-6.069999999999999,2.16,-1.2331472684085507,-5.05,-2.11,-2.83,-36.850910806984444,-22.307635677206235,40.90395469561115,104.8625766871166,34.641604530438904,-418.54,-386.38,0.02,0.02,6,2005,0.0,52.41342756183746,-148.33
2005-12-31,15.21,-35.17999999999998,-0.6728886709171158,0.0,-4.369999999999999,-11.879999999999995,-7.6200000000000045,2.78,0.0,27.080000000000013,-11.800000000000004,0.41,0.0,1.35,2.45,270.58,307.79,510.96,25.36,0.1,631.15,0.0,631.15,523.45,-323.35,-2.0999999999999996,0.0,0.6199999999999992,4.26,-1.0302224275156346,-4.5,-1.95,-3.51,-45.718088387553784,-26.746845403520233,43.5173015094545,71.29936025284722,32.6053860825023,-484.83,-342.37,0.0,0.0,12,2005,0.0,52.282051282051285,-183.51
2006-12-31,371.90999999999997,622.48,11.897412579447343,0.0,17.4,576.48,570.79,2.78,0.0,-204.56,28.46,0.4,0.0,0.0,0.92,383.19,384.2,0.0,0.0,496.08,498.14,0.0,498.14,5.24,-113.94,-18.93,2.14,18.62,-5.69,0.05817861618043954,-0.13,-4.37,8.39,648.1041055197394,719.6303856755586,-2185.266827345832,-1138.805017199353,-2185.3235492174863,0.0,103.16,0.0,0.0,12,2006,0.0,52.32061978545888,438.97
2007-12-31,444.26,-304.77000000000004,-1.9757816691505221,0.0,140.26,-373.84000000000003,-377.38,2.78,0.0,818.1,72.69,58.17,0.0,1177.61,1904.39,278.39,2397.33,3.96,116.36,240.59,783.96,872.03,1655.99,720.0,741.34,-430.84,-440.09,928.71,-3.5399999999999996,-0.35226564294385926,2.7,2.23,0.87,-50.8707004470939,-42.51337108792847,-164.42137108792852,-388.61581520119233,-36.69957675111774,15.8,15.43,2.43,0.93,12,2007,0.0,154.25287356321837,134.2
2008-03-31,506.87,57.2,0.08,0.0,104.18,63.64,65.68,2.78,0.0,443.23,64.09,112.44,0.0,955.88,2131.22,289.16,2635.71,87.02,126.77,207.36,728.06,990.61,1718.67,780.0,917.04,-185.11,-11.09,250.46,2.04,8.6875,2.36,1.87,0.08,8.68,0.0,24.96,0.0,13.36,11.31,11.28,2.93,1.61,3,2008,0.0,715.0,57.2
2008-06-30,408.47,26.679999999999993,0.03498807820696232,0.0,79.47999999999999,33.629999999999995,35.28999999999999,2.78,0.0,374.84000000000003,30.099999999999994,17.98,0.0,912.2,2272.9,296.72,2786.5,89.92,109.23,184.17,666.33,1176.44,1842.78,780.0,943.72,-256.02,-3.4399999999999995,165.01000000000002,1.6600000000000001,19.861765367316345,2.3,1.95,0.11,3.829604196471148,0.0,11.310691463996184,0.0,5.839828326180256,9.19,9.16,3.41,2.04,6,2008,0.0,762.5454545454545,83.88
2008-09-30,282.32000000000005,14.510000000000005,0.019171663786970227,0.0,48.360000000000014,21.189999999999998,22.540000000000006,1.57,0.0,261.13,7.990000000000009,4.42,0.0,862.26,2306.02,296.12,2748.8,96.94,98.92,156.28,609.41,1181.15,1790.56,780.0,958.23,2.159999999999968,1.0599999999999987,-16.79000000000002,1.3499999999999996,20.478139214334934,1.28,1.87,0.13,2.111832503303182,0.0,6.058245756682592,0.0,3.2680313039943094,8.33,8.22,3.78,2.37,9,2008,0.0,756.8461538461538,98.39
2008-12-31,51.02999999999997,-62.25,-0.0861234089651356,0.0,31.789999999999992,-49.61999999999999,-47.89,0.69,0.0,100.64999999999986,-46.07000000000001,3.14,0.0,698.18,2145.49,276.31,2778.19,92.01,116.39,1089.75,1622.92,259.29,1882.21,780.0,895.98,-16.579999999999984,9.11,6.199999999999989,1.7300000000000004,-2.0029397590361446,0.6,2.1,0.05,-8.956834532374101,-18.32706142778085,-27.76618705035971,-30.384338682899834,-41.06364139457665,2.91,2.89,1.32,0.89,12,2008,0.0,722.8,36.14
2009-03-31,79.06,-119.81,-0.15,0.0,12.17,-87.04,-85.91,0.29,0.0,166.1,-36.16,9.25,0.0,704.06,2109.86,275.76,2741.72,101.79,121.03,1289.93,1888.03,77.52,1965.55,780.0,776.16,-31.64,0.0,37.75,1.13,-0.4825,0.29,2.53,-0.15,-17.48,-12.96,-61.76,-56.6,-40.8,-153.8,-151.54,1.12,0.74,3,2009,0.0,798.7333333333333,-119.81
2009-06-30,47.769999999999996,-212.31,-0.27488046489220763,0.0,9.500000000000002,-176.85999999999996,-175.76000000000002,0.35,50.25,224.63000000000002,-34.36,3.54,0.0,725.36,2023.54,216.56,2589.45,102.61,114.82,1280.4,1934.94,90.65,2025.59,780.0,563.85,-11.649999999999999,1.29,4.649999999999999,1.1,-0.3167740568037304,0.48,3.59,-0.43,-32.80666385643743,-25.11001083945562,-150.60892448512584,-112.66263519209924,-103.0993520414308,-265.34,-261.86,1.05,0.67,6,2009,0.0,772.3720930232558,-332.12
2009-09-30,108.86,-69.13,-0.08786616822429906,0.0,28.909999999999997,-35.84000000000003,-34.75999999999999,0.44,50.25,144.69999999999993,29.849999999999994,5.43,0.0,733.02,2013.81,216.09,2541.39,65.59,0.0,1368.1,2010.2,36.46,2046.66,780.0,494.72,5.68,0.53,-4.32,1.08,-1.2479205844061914,0.69,4.14,-0.51,-10.881621931464174,-7.80802890965732,-55.89666591900311,-38.061556635514016,-38.8885323364486,-171.85,-170.24,1.0,0.64,9,2009,0.0,786.7647058823529,-401.25
2009-12-31,60.610000000000014,-119.16999999999996,-0.1534220437339072,0.0,11.54,-80.51999999999998,-79.42000000000002,0.4,98.99,141.12,-15.79,1.65,0.0,757.62,1796.5,84.85,2184.5,64.5,0.0,1155.93,1773.21,30.18,1803.39,780.0,381.11,92.45,0.1499999999999999,-96.38,1.1,-0.6550558026348915,0.82,4.73,-0.67,-21.817988547711458,-14.032392298528109,-125.07331386188076,-74.65012874216976,-84.68896814111676,-180.01,-175.64,1.01,0.59,12,2009,0.0,776.7462686567163,-520.42
2010-03-31,96.99,-45.45,-0.06,0.0,14.2,-20.24,-19.59,0.33,0.0,117.22,-11.17,18.51,0.0,737.79,1091.0,84.4,1493.81,64.5,85.31,513.65,1122.9,35.25,1158.14,780.0,335.67,652.23,-5.1,-630.27,0.65,-1.375,0.77,3.45,-0.06,-12.159999999999998,-3.84,-54.16,-32.72,-21.84,-58.9,-46.86,0.97,0.31,3,2010,0.0,757.5000000000001,-45.45
2010-06-30,195.02999999999997,-31.980000000000004,-0.041301820999612555,0.0,65.72,-15.940000000000001,-15.309999999999999,0.33,0.0,210.98,20.27,13.74,0.0,651.83,765.02,84.68,1170.41,64.0,96.52,121.12,697.28,169.44,866.73,780.0,303.68,280.15999999999997,1.3199999999999998,-286.25,0.63,-1.9974906191369604,0.85,2.85,-0.1,-10.936722200697405,-3.171979852770244,-42.1278574196048,-29.489500193723366,-12.638357225881443,-26.76,-26.52,1.1,0.16,6,2010,0.0,774.3000000000001,-77.43
2010-09-30,84.05000000000001,-33.33,-0.04212892741061755,0.0,12.670000000000002,-16.89,-16.270000000000003,0.39,0.0,100.94,-10.86,5.71,0.0,616.68,664.75,84.21,1068.8,64.0,102.22,175.64,635.16,163.29,798.45,780.0,270.36,23.149999999999977,1.6999999999999997,-32.889999999999986,0.6199999999999999,-2.317884788478848,1.13,2.95,-0.14,-12.470162513542794,-3.538829902491874,-49.314918743228596,-34.846641386782224,-14.73308775731311,-30.18,-29.45,1.05,0.08,9,2010,0.0,791.1428571428571,-110.76
2010-12-31,35.84000000000003,-37.33,-0.047894523600513196,0.0,4.829999999999998,-27.65,-27.03,0.33,0.0,63.49000000000001,-15.520000000000001,15.67,0.0,396.36,432.29,83.74,1002.23,64.0,67.57,108.47,617.96,151.25,769.21,780.0,233.03,-3.1499999999999773,0.1100000000000001,13.019999999999982,0.6200000000000001,-1.7256670238414145,1.1,3.3,-0.19,-14.902759132959686,-5.112110203254778,-64.0778310486866,-48.63058680532108,-21.184504017826995,-37.94,-35.95,0.7,0.06,12,2010,0.0,779.421052631579,-148.09
2011-03-31,155.67,0.06,0.0,0.0,2.91,10.93,11.44,0.31,0.0,144.74,-17.78,0.99,0.0,374.9,378.64,83.39,948.41,64.0,54.98,106.21,563.01,157.15,720.16,780.0,228.26,-15.29,0.73,-0.12,0.51,0.0,1.06,3.15,0.0,0.04,3.6,0.12,0.08,11.36,0.05,0.04,0.67,0.01,3,2011,0.0,inf,0.06
2011-06-30,45.26000000000002,-24.189999999999998,-0.030074595938665558,0.0,7.470000000000001,-7.959999999999999,-7.449999999999999,0.29,0.0,53.22,-9.79,1.08,0.0,358.84,362.59,83.03,932.34,64.0,54.16,101.08,559.47,168.8,728.27,780.0,204.07,-13.84,-0.12,14.04,0.51,-2.41150372054568,1.11,3.57,-0.03,-10.385760464152506,1.1227849150435143,-47.39756319933692,-38.09448818897638,3.2079569001243264,-15.14,-12.01,0.65,0.01,6,2011,0.0,804.3333333333334,-24.13
2011-09-30,17.00999999999999,-31.720000000000002,-0.039756490599820955,0.0,1.75,-20.72,-20.240000000000002,0.26,0.0,37.72999999999999,-18.85,13.88,0.0,347.16,363.97,83.39,934.02,64.0,56.45,126.58,618.52,143.15,761.67,780.0,172.35,-10.040000000000003,0.15000000000000002,22.699999999999996,0.48,-1.6330666771752835,1.18,4.42,-0.07,-13.58536078782453,-4.0210850492390335,-73.60630259623993,-57.31750044762758,-12.790230975828111,-32.06,-25.63,0.59,0.03,9,2011,0.0,797.8571428571428,-55.85
2011-12-31,253.67000000000002,7.880000000000003,0.009856160100062543,0.0,56.32,17.9,18.38,0.25,0.0,235.76999999999998,1.0700000000000003,25.16,4.17,349.79,379.5,8.58,742.0,45.0,80.44,97.69,387.18,174.6,561.78,780.0,180.22,90.34,-0.050000000000000044,-79.02,0.48,6.346284898477155,1.08,3.12,-0.06,4.244719616426935,-0.013141546800083389,17.491398790910996,15.257335834896816,-0.026283093600166778,-11.3,-10.17,0.98,0.08,12,2011,0.0,799.5,-47.97
2012-03-31,43.79,-37.49,-0.03,0.0,-7.94,-30.08,-29.61,0.25,0.0,73.86,-31.58,199.3,2.66,308.21,510.54,1.49,856.44,45.0,73.27,13.66,255.3,263.4,518.7,1560.0,337.73,-24.1,-0.06,198.3,0.47,-2.0825,1.15,1.54,-0.03,-17.52,-13.32,-44.4,-53.0,-19.999999999999996,-88.67,-85.61,2.0,0.79,3,2012,0.0,1249.6666666666667,-37.49
2012-06-30,16.880000000000003,-17.33,-0.012645020065669463,0.0,0.5100000000000007,-13.5,-13.030000000000001,0.23,0.0,30.39,-23.910000000000004,108.02,2.33,315.16,425.86,2.87,764.52,45.0,60.45,13.66,175.11,269.02,444.13,1560.0,320.39,-71.09,-1.22,-18.960000000000008,0.47,-4.547244662435084,1.12,1.39,-0.04,-9.066479387085005,-6.499540313754104,-21.63562933236045,-26.440736957314847,-9.344669828529732,-121.44,-90.36,2.43,0.63,6,2012,0.0,1370.5,-54.82
2012-09-30,23.789999999999992,-14.350000000000001,-0.010372994072574818,0.0,3.57,-10.190000000000005,-9.659999999999997,0.27,0.0,33.97999999999999,-14.850000000000001,73.5,1.94,307.25,383.04,2.54,719.52,45.0,56.57,8.82,144.6,268.86,413.47,1560.0,306.05,-31.03,14.02,-17.53,0.53,-6.507282229965156,1.38,1.35,-0.05,-7.974757842995518,-5.393956917738905,-18.75437328321527,-23.998959086309096,-7.758999566285962,-107.64,-81.9,2.65,0.52,9,2012,0.0,1383.3999999999999,-69.17
2012-12-31,45.32000000000001,-67.55999999999999,-0.044470123601257946,0.0,6.6,-62.99999999999999,-62.58,0.31,0.0,108.32000000000002,-24.049999999999997,205.68,2.88,321.12,530.03,2.4,751.11,45.0,42.4,142.3,255.52,122.1,377.63,2100.0,373.49,-51.75,63.57999999999999,120.36000000000001,0.41999999999999993,-1.7404943753700415,1.74,1.01,-0.09,-35.971388868573094,-30.91167702771886,-72.35783222409127,-97.61686242960577,-46.565160535361656,-128.8,-105.36,2.07,0.82,12,2012,0.0,1519.2222222222222,-136.73
2013-03-31,82.96,-11.2,0.0,-0.0,11.95,-4.44,5.26,0.38,0.0,87.4,-11.97,23.83,16.8,306.09,416.52,5.17,1000.11,45.0,54.81,248.14,377.55,145.28,522.82,2560.0,477.28,-74.44,-188.37,80.95,9.7,0.0,2.04,1.1,0.0,-4.48,-1.92,-9.4,-11.0,-2.84,-14.85,-13.5,1.1,0.29,3,2013,0.0,-inf,-11.2
2013-06-30,39.58000000000001,-18.38,-0.006213657876943881,0.0,5.620000000000001,-12.489999999999998,-2.2199999999999998,0.14,0.0,52.06,-14.319999999999999,977.3,21.17,490.76,1493.3,4.92,2078.97,45.0,59.23,249.15,1484.68,135.38,1620.06,2560.0,458.91,-116.39000000000001,-0.2599999999999909,1070.1399999999999,10.27,-5.6327529923830255,0.78,3.53,-0.01,-3.529357674104124,-2.957701149425287,-16.031237322515214,-18.864665314401623,-7.0835699797160245,-26.14,-24.14,1.01,0.68,6,2013,0.0,2957.9999999999995,-29.58
2013-09-30,43.80999999999999,-51.68000000000001,-0.012719665271966529,0.0,7.34,-46.54,-35.35,0.08,0.0,90.35999999999999,-14.829999999999998,732.69,18.98,504.49,1260.27,10.81,1871.48,45.0,54.3,255.9,382.05,160.68,542.74,12799.08,1328.75,-39.73999999999998,-0.8199999999999932,-204.04999999999995,11.190000000000001,-1.5723684210526314,0.77,0.41,-0.02,-11.040669456066945,-12.4652719665272,-15.568870292887032,-25.286694560669456,-10.837154811715482,-52.49,-48.85,3.3,1.98,9,2013,0.0,4063.0,-81.26
2013-12-31,40.33000000000001,-44.39999999999999,-0.0070666878879516145,0.0,-54.53,-37.81,-25.379999999999995,0.07,0.0,78.15000000000003,-75.27000000000001,416.84,26.14,527.08,974.15,10.26,1733.08,45.0,48.72,166.31,282.62,167.1,449.72,12799.08,1283.35,-18.680000000000007,-279.23,-17.93999999999994,12.430000000000003,-2.476407657657658,0.7,0.35,-0.02,-10.246697437529841,-11.518701257361132,-13.83657488460926,-21.4403310520452,-9.865096291580453,-101.39,-60.8,3.45,1.58,12,2013,0.0,6283.0,-125.66
2014-03-31,43.13,-10.63,0.0,-0.0,8.6,-4.62,7.73,0.05,0.0,47.75,-13.17,321.01,37.86,531.67,894.67,9.72,1650.61,45.0,44.12,87.92,202.26,175.63,377.88,12799.08,1272.72,-18.06,-3.31,-74.46,12.35,0.0,0.5,0.3,0.0,-2.56,-1.4000000000000001,-3.36,-4.84,-1.28,-30.74,-24.65,4.42,1.79,3,2014,0.0,-inf,-10.63
2014-06-30,93.0,13.040000000000001,0.0,0.0,10.750000000000002,17.01,28.919999999999998,0.07,0.0,75.98,-13.13,410.51,38.08,522.73,975.62,9.09,1732.89,0.0,53.54,60.48,141.36,165.77,307.13,15599.08,1425.76,26.369999999999997,-11.49,74.61,11.910000000000002,0.0,0.77,0.22,0.0,3.030041493775934,14.06804979253112,3.6793360995850626,5.627219917012448,16.881659751037347,2.47,1.77,6.9,3.2,6,2014,0.0,inf,2.41
2014-09-30,50.120000000000005,-44.81999999999999,0.0,-0.0,9.719999999999999,-39.730000000000004,-28.019999999999996,0.05,0.0,89.86,-12.720000000000002,86.27,45.55,549.42,1057.1,8.69,2749.46,199.78,64.83,83.44,693.7,134.82,828.51,26799.08,1920.95,-227.06,-943.4000000000001,846.22,11.709999999999997,0.0,0.7,0.43,0.0,-6.510049516623437,-4.988219759490685,-9.342343786842726,-11.03326573921245,-5.622315491629332,-29.44,-22.77,1.52,0.73,9,2014,0.0,-inf,-42.41
2014-12-31,168.89,82.43,0.0,0.0,16.119999999999997,90.53,101.80000000000001,0.06,0.0,78.36999999999998,-8.849999999999994,709.29,31.36,488.65,1697.75,26.09,3398.72,201.48,59.66,59.54,337.26,122.08,459.34,52799.08,2939.38,45.44,-5.149999999999977,582.7399999999999,11.270000000000003,0.0,1.08,0.16,0.0,9.721879060469764,20.267646176911544,11.20487756121939,15.653873063468266,16.97209395302349,16.4,11.27,5.03,3.59,12,2014,0.0,inf,40.02
2015-03-31,175.88,113.51,0.06,0.0,-12.18,120.61,132.57,0.53,0.0,55.27,-34.59,367.24,25.79,424.95,1412.75,32.58,6147.75,200.97,45.23,60.02,326.3,94.87,421.17,60599.08,5726.58,-18.09,-2984.08,2660.11,11.96,2.2075,0.19,0.07,0.06,7.4,12.36,7.920000000000001,12.96,8.28,548.89,64.54,4.33,3.03,3,2015,0.0,1891.8333333333335,113.51
2015-06-30,-53.50999999999999,-125.30000000000001,0.0,-0.0,-11.84,-118.98,-107.44,0.25,0.0,65.47,-35.36999999999999,50.08,21.52,440.83,526.09,35.72,6383.89,200.93,52.31,59.21,322.0,449.06,771.07,230698.55,5612.83,3.6099999999999994,-304.6199999999999,-16.140000000000327,11.54,0.0,0.34,0.14,0.0,-7.651908396946566,1.700424088210348,-8.927226463104326,-14.45360474978796,1.275318066157761,-25.75,-9.63,1.63,0.26,6,2015,0.0,-inf,-11.79
2015-09-30,79.18,-119.75,-0.018207389387258632,0.0,42.08,-111.74,-99.97,0.13,0.0,190.92000000000002,22.269999999999996,188.3,30.63,406.97,639.64,34.27,6337.17,200.93,51.53,57.16,318.14,443.62,761.76,255448.55,5575.41,7.95,-360.19000000000005,490.46000000000004,11.770000000000003,-1.784989561586639,0.2,0.14,-0.02,-7.57427398509959,-8.812376463433177,-8.593887790786072,-12.781587349855558,-6.663904515736658,-91.89,-65.26,2.01,0.73,9,2015,0.0,6576.999999999999,-131.54
2015-12-31,79.58999999999997,-31.189999999999998,-0.005750015362871013,0.0,-25.77,-19.13000000000001,-7.859999999999999,0.1,0.0,98.71999999999997,-31.480000000000004,108.83,35.78,382.28,892.6,33.79,6472.37,174.78,53.05,54.36,520.01,447.92,967.92,255448.55,5504.44,-327.85,56.82999999999993,191.55000000000018,11.269999999999996,-4.343466655979481,0.15,0.18,-0.03,-1.9243384747741656,-2.0086720334296073,-2.269339396546427,-2.9516745529404536,-1.6636711116573464,-83.52,-57.88,1.72,0.98,12,2015,0.0,5424.333333333333,-162.73
2016-03-31,80.35,-658.82,-0.08,0.0,-4.9,-650.04,-638.42,0.16,0.0,730.4,-24.52,26.22,64.63,156.65,252.42,29.29,5243.88,174.78,73.53,46.2,304.95,237.68,542.63,255448.55,4701.25,47.12,171.03,-300.76,11.62,-0.5,0.29,0.12,-0.08,-50.24000000000001,-45.63999999999999,-56.04,-50.56,-52.64,-916.68,-819.94,0.83,0.31,3,2016,0.0,8235.25,-658.82
2016-09-30,165.37,-67.4899999999999,-0.00836295796560696,0.0,-0.10999999999999943,-60.440000000000055,-38.82000000000005,0.13,0.0,225.80000000000007,-68.53,54.04,44.98,78.83,193.73,27.97,4949.27,69.27,36.63,33.82,147.36,225.17,372.53,255448.55,4576.74,54.6,110.16,-136.94,21.620000000000005,-3.8742272929322916,0.24,0.08,-0.09,-5.4563654637826735,-4.67953959053296,-5.898673018408108,-5.318841266126027,-5.500967906265912,-332.59,-295.58,1.31,0.78,9,2016,0.0,8070.11111111111,-726.31
2016-12-31,44.72,-28.190000000000055,-0.003362624254473167,0.0,-46.6,-24.409999999999968,-14.970000000000027,0.15,1.32,69.12999999999988,-63.17,53.02,45.82,54.29,281.99,27.29,5044.96,69.27,36.92,31.43,245.02,219.93,464.95,255448.55,4580.01,21.760000000000005,-112.99000000000001,90.21999999999997,9.439999999999998,-11.174308265342297,0.28,0.1,-0.09,-2.235771504307493,-1.9069815772034495,-2.4614409542743583,-2.235771504307493,-2.2880789927104086,-362.93,-259.78,1.15,0.93,12,2016,0.0,8383.333333333334,-754.5
