,revenue,net_profit,eps,dps,gross_profit,ebit,ebitda,close_price,expense,operating_profit,cash,account_receivable,current_asset,property_plant_equipment,total_asset,short_term_loan,account_payable,current_portion_long_term_debt,current_liability,non_current_liability,total_liability,paid_in_capital,total_equity,cash_flow_operation,cash_flow_investment,cash_flow_financing,depreciation,P/E,P/BV,D/E,EPS,DPS,DPR%,ROA%,ROAA%,ROE%,ROAE%,ROCE%,NPM%,NPMA%,CurrentRatio,QuickRatio,month,year,dividend,number_of_shares,return_old
2000-03-31,52.92,0.75,0.13,0.0,25.5,2.31,4.02,5.5,50.62,-9.81,155.73,118.54,306.89,181.88,617.24,48.19,61.19,0.0,156.63,0.0,156.63,60.0,460.61,-2.46,-42.7,43.48,1.71,10.5775,0.72,0.34,0.13,0.0,0.0,0.48,0.0,0.64,0.0,2.0,1.84,1.42,1.96,1.96,3,2000,0.0,5.769230769230769,0.75
2000-06-30,70.98,10.84,1.8051078515962036,4.0,31.79,14.08,15.75,4.8,56.89000000000001,-2.9499999999999993,101.96,137.08,289.03,181.0,612.21,59.62,61.75,0.0,164.4,0.0,164.4,60.0,447.81,-42.36,35.080000000000005,-21.569999999999997,1.67,0.6655696494464945,0.64,0.37,1.93,4.0,2.07,7.070785159620362,0.0,9.689594477998273,0.0,13.69263157894737,12.23,9.35,1.76,1.76,6,2000,24.020725388601036,6.005181347150259,11.59
2000-09-30,81.32,20.889999999999997,3.479522783251231,-0.0009890502565152468,-30.22,28.490000000000002,30.650000000000002,4.0,52.83,-66.89999999999999,84.32,215.99,360.4,181.16,688.07,80.78,94.62,0.0,219.32,0.0,219.32,60.0,468.58,-18.310000000000002,-11.23,21.169999999999998,2.16,0.28764001914791765,0.51,0.47,5.41,4.0,0.74,12.14295566502463,0.0,17.82853448275862,0.0,24.620357142857145,40.26,15.83,1.64,1.64,9,2000,-0.005937957917119263,6.003696857670979,32.48
2000-12-31,362.90999999999997,21.480000000000004,3.5786730911786515,-0.0009810786109788552,109.63,58.13999999999999,62.269999999999996,5.0,304.78,-25.700000000000003,127.47,366.12,520.14,192.41,819.44,28.66,185.95,0.0,291.21,0.0,291.21,60.0,485.64,96.31,0.41000000000000014,-64.94,4.13,0.3516945996275605,0.62,0.6,8.99,4.0,0.44,10.477272053372872,0.0,17.690348406226835,0.0,31.049666419570055,15.01,9.5,1.79,1.79,12,2000,-0.005888654265675086,6.0022246941045605,53.96
2001-03-31,112.43,14.1,2.35,0.0,79.7,22.66,25.26,5.7,89.77,10.21,111.47,415.22,566.05,193.5,877.98,51.13,183.07,0.0,337.36,0.0,337.36,60.0,500.13,-26.05,-23.14,32.47,2.6,0.6074999999999999,0.68,0.67,2.35,0.0,0.0,6.44,12.12,11.28,11.76,16.76,14.1,12.54,1.68,1.68,3,2001,0.0,6.0,14.1
2001-06-30,181.67000000000002,16.200000000000003,2.7000000000000006,5.5,105.55,30.970000000000002,33.56999999999999,4.5,150.7,31.269999999999996,101.73,412.34,569.27,192.12,879.86,36.94,199.93,0.0,320.71,31.3,352.0,60.0,483.22,3.1400000000000006,49.33,-57.19,2.6,0.41615740740740736,0.56,0.73,5.05,5.5,1.09,7.356831683168318,15.37663366336634,13.40910891089109,13.922376237623764,20.50930693069307,10.75,10.3,1.78,1.78,6,2001,33.0,6.0,30.3
2001-09-30,132.73999999999995,12.239999999999998,2.0399999999999996,0.0,85.58999999999997,18.79,21.35000000000001,5.0,113.95000000000002,16.220000000000006,161.24,308.89,570.6,191.78,890.4,53.78,176.81,0.0,319.78,31.02,350.8,60.0,494.82,54.64,-5.890000000000001,16.84,2.5599999999999996,0.6168995098039216,0.61,0.71,7.09,5.5,0.78,5.501382228490832,10.565416078984484,9.897884344146684,10.162595204513398,14.605133991537373,10.32,9.97,1.78,1.78,9,2001,0.0,6.0,42.54
2001-12-31,126.99000000000007,12.170000000000002,2.0287040760372874,-0.0010053006762927666,84.86000000000001,19.319999999999993,21.939999999999998,5.4,107.66999999999996,15.64,173.73,296.81,530.87,189.89,846.18,19.79,140.99,0.0,263.23,30.75,293.98,60.0,506.03,53.31,-8.55,-33.23,2.620000000000001,0.6630834018077238,0.64,0.58,9.12,5.5,0.6,5.756892707000549,9.805403034180223,9.618548711387318,9.814300859075125,14.005176384573204,10.22,9.88,2.02,2.02,12,2001,-0.006030701754383472,5.998903508771931,54.71
2002-03-31,145.53,12.35,2.06,0.0,81.9,18.87,21.35,6.35,126.67,14.99,210.44,330.7,599.42,187.54,909.8,16.46,217.62,0.0,312.81,30.48,343.29,60.0,519.63,35.93,-7.21,-3.32,2.48,0.7699999999999999,0.73,0.66,2.06,0.0,0.0,5.44,8.44,9.52,9.68,12.64,8.72,8.49,1.92,1.92,3,2002,0.0,5.9951456310679605,12.35
2002-06-30,123.47,12.229999999999999,2.0399918633034986,6.0,81.16999999999999,19.650000000000002,22.07,6.15,103.80999999999999,13.78,121.49,348.56,555.51,187.22,884.5,10.21,233.46,0.0,310.02,30.21,340.23,60.0,495.12,-28.81,2.55,-42.21,2.4200000000000004,0.7536794766966476,0.75,0.69,4.1,6.0,1.46,5.532855980471928,8.697331163547599,9.871570382424734,9.990984540276646,13.354483319772173,9.48,9.14,1.79,1.79,6,2002,35.97073170731707,5.995121951219512,24.58
2002-09-30,165.82,17.85,2.974298845156729,0.006290992912285445,92.21000000000001,29.93,32.47,6.15,135.89000000000001,21.87,146.71,371.99,616.51,185.24,932.55,10.98,236.52,0.0,336.8,29.94,366.73,60.0,513.2,45.35,-31.389999999999997,0.7700000000000031,2.54,0.5170042016806722,0.72,0.71,7.07,6.0,0.85,7.656610888522272,12.637614895121377,13.916521329248173,14.16893707282583,19.335045958048553,10.17,9.76,1.83,1.83,9,2002,0.037754855624932304,6.001414427157001,42.43
2002-12-31,154.32999999999998,16.39,2.7307378442706565,0.0006261761844323168,89.20000000000002,25.549999999999997,28.099999999999994,6.6,128.77999999999997,20.78,127.33,299.18,514.07,182.89,887.49,0.0,193.7,0.0,272.6,29.66,302.26,60.0,530.96,29.070000000000007,34.65,-10.980000000000004,2.55,0.6011195851128738,0.75,0.57,9.8,6.0,0.61,7.3897109826589595,12.082121727303639,12.349622577354642,12.639415164909895,17.04203332199932,10.38,9.98,1.89,1.89,12,2002,0.0037583350171743746,6.00204081632653,58.82
2003-03-31,199.73,22.07,3.68,0.0,114.05,40.53,43.31,7.3,159.2,36.76,107.56,459.98,655.61,182.51,1029.84,0.0,271.42,0.0,387.05,29.4,416.44,60.0,552.52,-4.1,-15.67,0.0,2.78,0.495,0.79,0.75,3.68,0.0,0.0,8.56,16.72,15.96,16.48,25.240000000000002,11.26,11.05,1.69,1.69,3,2003,0.0,5.997282608695652,22.07
2003-06-30,195.99000000000004,29.22,4.870949502827062,6.0,119.79,46.58,48.89999999999999,9.0,149.41000000000003,42.15,158.7,495.75,738.46,180.23,1083.59,0.0,317.56,0.0,453.77,29.13,482.89,60.0,545.71,61.54,-14.409999999999998,-36.0,2.32,0.460767453798768,0.99,0.88,8.55,6.0,0.7,10.778756092805617,20.16744004679275,21.42078377851433,22.469034899590564,31.515897835835446,13.24,12.96,1.63,1.63,6,2003,35.992982456140346,5.998830409356724,51.29
2003-09-30,205.54999999999995,26.360000000000007,4.392767546683839,0.0019421380237470045,127.66,46.80999999999999,50.269999999999996,13.5,158.74,42.57000000000001,92.81,552.75,776.84,179.13,1122.21,10.0,301.02,0.0,458.84,28.85,487.69,60.0,572.61,-41.14,5.259999999999998,10.0,3.460000000000001,0.7658952959028831,1.41,0.85,12.94,6.0,0.46,9.396584674822924,17.7068589826143,18.41296072118481,19.417797810688995,27.415757887958794,13.19,12.91,1.69,1.69,9,2003,0.011654329021943965,6.000772797527048,77.65
2003-12-31,147.33000000000004,17.00999999999999,2.8355989858440718,-0.00204065571372179,94.16000000000003,26.700000000000017,28.659999999999997,14.6,120.63999999999999,21.010000000000005,146.83,398.92,653.23,178.36,1037.73,0.0,222.66,0.2,347.55,29.7,377.25,60.0,596.98,73.8,-9.64,-10.130000000000003,1.959999999999999,1.2938536155202829,1.47,0.63,15.78,6.0,0.38,6.555301077540668,11.99648848510458,11.399898584407346,12.06117895626452,16.72608070990914,12.96,12.64,1.88,1.88,12,2003,-0.012241347899930588,5.99873257287706,94.66
2004-03-31,172.16,18.35,3.06,0.0,100.64,31.56,34.38,14.9,140.6,22.81,127.32,498.3,744.58,177.19,1090.3,0.0,279.29,0.21,395.22,29.37,424.59,60.0,598.99,-25.52,6.08,-0.06,2.82,1.2175,1.49,0.71,3.06,0.0,0.0,6.72,11.92,12.24,12.76,18.16,11.23,10.66,1.88,1.88,3,2004,0.0,5.996732026143791,18.35
2004-06-30,166.54,15.589999999999996,0.26182380671773714,5.0,102.85000000000001,27.970000000000002,30.85,12.5,138.58,27.710000000000004,137.0,505.13,736.34,170.6,1069.4,0.0,297.82,0.21,396.7,29.05,425.74,60.0,583.17,26.83,12.9,-30.040000000000003,2.8800000000000003,11.935602950609367,1.29,0.73,0.57,5.0,8.77,5.824431349440188,10.160601060695344,10.693435474366527,11.04253388332351,16.260636417206833,10.4,10.02,1.86,1.86,6,2004,297.719298245614,59.54385964912281,33.94
2004-09-30,113.30000000000001,109.88,1.8336253650396328,0.5318014477160776,-12.590000000000003,133.98,136.12,11.4,-20.689999999999998,-6.980000000000004,67.59,281.93,634.11,166.31,957.27,0.0,174.23,0.21,266.44,28.73,295.16,60.0,658.44,-3.06,-8.09,-30.049999999999997,2.1399999999999997,1.5542978704040773,1.04,0.45,2.4,5.5,2.29,45.901754971492146,56.87294673897927,66.74396328744264,71.41970796829371,85.59974412460019,48.17,31.82,2.38,2.38,9,2004,31.86820175438595,59.925,143.82
2004-12-31,120.24000000000001,12.75,0.21254071661237783,0.005822475570033028,60.120000000000005,16.159999999999997,18.180000000000007,12.2,104.07999999999998,17.259999999999998,97.72,283.05,635.24,165.53,967.7,0.0,167.54,0.0,257.26,28.42,285.68,60.0,678.76,3.44,26.72,-0.05000000000000426,2.0199999999999996,14.336899999999998,1.08,0.42,2.61,5.5,2.11,5.270358306188926,6.811074918566775,7.514657980456027,7.996742671009773,9.612377850162867,37.26,27.36,2.47,2.47,12,2004,0.3492816091954296,59.98850574712644,156.57
2005-03-31,104.07,15.02,0.25,0.0,47.14,21.24,23.3,12.0,82.83,4.33,69.74,203.7,636.82,164.58,941.3,0.0,135.63,0.0,220.68,28.11,248.78,60.0,689.51,40.22,-68.14,-0.05,2.06,12.000000000000002,1.04,0.36,0.25,0.0,0.0,6.4,8.36,8.72,9.32,11.8,17.23,14.43,2.89,2.89,3,2005,0.0,60.08,15.02
2005-06-30,99.12,5.900000000000002,0.09870936902485662,0.7,45.66,8.380000000000003,10.499999999999996,10.5,90.74,3.63,67.93,181.15,540.53,163.18,849.94,0.0,128.82,0.0,174.65,27.79,202.44,60.0,644.65,-20.74,62.41,-43.49,2.1199999999999997,26.59322033898304,0.98,0.31,0.35,0.7,2.0,2.775143403441683,3.4858508604206513,3.666347992351817,3.846845124282984,4.952390057361377,11.52,10.3,3.09,3.09,6,2005,41.84,59.77142857142858,20.92
2005-09-30,122.91000000000003,18.04,0.3009753593429158,0.001950718685831544,46.010000000000005,23.249999999999996,25.240000000000002,10.0,99.66000000000003,2.5300000000000002,75.02,227.57,592.11,161.58,894.82,0.0,155.46,0.2,200.39,27.47,227.86,60.0,665.66,2.0,9.11,-4.020000000000003,1.9900000000000002,8.303835920177384,0.9,0.34,0.65,0.7,1.08,8.056878850102668,10.575811088295687,10.835112936344968,10.890677618069814,14.094907597535935,13.73,11.95,2.95,2.95,9,2005,0.11692307692307224,59.93846153846154,38.96
2005-12-31,87.84999999999997,6.640000000000001,0.11066666666666668,0.0007179487179487391,49.75,11.699999999999996,13.649999999999999,10.0,76.14999999999998,9.290000000000001,71.23,219.74,565.23,159.78,884.16,0.0,136.0,0.0,186.04,26.41,212.45,60.0,670.34,11.809999999999999,-13.370000000000001,-2.1999999999999957,1.9499999999999993,22.593975903614457,0.9,0.32,0.76,0.7,0.92,3.0054736842105267,4.059719298245614,3.960701754385965,3.9374035087719297,5.387719298245615,12.35,11.02,3.04,3.04,12,2005,0.043076923076924345,60.0,45.6
2006-03-31,102.65,14.12,0.23999999999999996,0.0,49.08,18.77,20.18,10.5,83.88,8.03,73.75,217.88,626.14,158.52,929.31,0.0,155.31,0.0,218.2,26.14,244.34,60.0,683.72,45.75,-43.24,0.0,1.41,10.9375,0.92,0.36,0.24,0.0,0.0,6.08,8.04,8.28,8.24,10.56,15.36,13.76,2.87,2.87,3,2006,0.0,58.833333333333336,14.12
2006-06-30,116.69,15.200000000000001,0.2540245566166439,0.5,59.3,22.599999999999998,23.990000000000002,9.5,94.09,14.549999999999999,91.13,267.11,604.49,158.73,924.46,0.0,162.81,0.0,232.23,25.87,258.1,60.0,665.06,-36.2,83.34,-29.74,1.39,9.350572368421053,0.86,0.39,0.49,0.5,1.02,6.573533424283765,9.66330150068213,9.144884038199184,9.29004092769441,12.400545702592089,14.62,13.37,2.6,2.6,6,2006,29.918367346938776,59.83673469387755,29.32
2006-09-30,123.65,12.700000000000003,0.21156592099000476,0.0015978785612294209,53.890000000000015,17.650000000000006,19.939999999999998,10.0,105.98999999999998,12.670000000000002,61.39,235.7,601.66,160.46,931.35,0.0,171.13,0.0,225.7,25.6,251.29,60.0,678.7,52.17,-81.9,0.0,2.29,11.820192913385826,0.88,0.37,0.7,0.5,0.71,5.452356020942409,7.809804854831034,7.483388862446455,7.555925749643029,10.106806282722513,13.16,12.25,2.67,2.67,9,2006,0.09591836734694326,60.02857142857144,42.02
2006-12-31,107.21999999999997,4.469999999999999,0.07499677349967733,-0.00357373321451627,47.369999999999976,8.880000000000003,9.629999999999995,9.0,98.34000000000003,0.35999999999999943,42.5,190.46,579.72,164.5,917.7,5.0,149.17,0.0,210.6,25.33,235.93,60.0,680.37,20.260000000000005,-44.08,5.0,0.75,30.0052908277405,0.79,0.35,0.78,0.5,0.64,1.9499161109916106,2.8998752419875236,2.626810066681006,2.6460400086040003,3.6921488492148837,11.22,10.33,2.75,2.75,12,2006,-0.21300366300366846,59.6025641025641,46.49
2007-03-31,89.24,6.74,0.11,0.0,43.46,9.1,10.8,8.9,80.15,1.83,54.36,59.57,577.13,162.7,918.44,0.0,59.03,0.0,204.48,25.06,229.54,60.0,687.5,-8.5,25.34,-5.0,1.7,20.2275,0.78,0.33,0.11,0.0,0.0,2.92,3.92,3.92,3.92,5.08,8.3,7.55,2.82,2.82,3,2007,0.0,61.27272727272727,6.74
2007-06-30,110.26,17.630000000000003,0.29660648338120643,0.6,50.88,23.07,25.290000000000003,8.1,87.18,8.23,152.91,78.23,500.59,250.88,900.51,0.0,52.13,0.0,199.03,24.79,223.82,60.0,675.26,-16.46,150.69,-35.69,2.2199999999999998,6.828576290414067,0.72,0.33,0.41,0.6,1.46,7.841986048420189,10.21483791546984,10.446335658596636,10.533147312269184,13.282183011899878,13.86,12.22,2.52,2.52,6,2007,35.66341463414634,59.43902439024391,24.37
2007-09-30,136.45,16.679999999999996,0.28037028014616316,0.0005418733846290185,61.03,24.89,26.839999999999996,8.4,111.55999999999997,18.740000000000002,60.7,81.97,570.55,250.82,963.73,0.0,76.4,0.0,243.45,24.52,267.96,60.0,694.04,27.85,-120.03,0.0,1.9500000000000002,7.487687350119905,0.73,0.39,0.69,0.6,0.87,6.923926918392203,9.78451644336175,9.605729598051155,9.719503045066991,12.872652862362969,13.45,12.22,2.34,2.34,9,2007,0.03223753976669741,59.492753623188406,41.05
2007-12-31,90.02000000000004,4.950000000000003,0.08285869565217396,0.0024858223062382296,48.78999999999999,7.519999999999996,9.479999999999997,8.95,82.50999999999999,2.0799999999999983,39.75,60.56,496.75,249.2,923.18,0.0,49.97,0.0,197.4,24.24,221.65,60.0,699.6,19.52,-39.84,0.0,1.96,26.99595959595958,0.77,0.32,0.77,0.6,0.78,2.1435652173913056,3.0216521739130453,2.832260869565219,2.8710000000000013,3.830869565217394,11.83,10.8,2.52,2.52,12,2007,0.1485036702428033,59.74025974025974,46.0
2008-03-31,107.65,10.75,0.18,0.0,52.2,15.39,17.18,9.35,92.26,7.99,47.46,75.38,541.63,248.31,976.64,0.0,60.25,0.0,241.3,23.97,265.27,60.0,709.23,0.27,7.45,0.0,1.79,12.985000000000001,0.79,0.37,0.18,0.0,0.0,4.4,6.48,6.08,6.16,8.36,10.81,9.99,2.24,2.24,3,2008,0.0,59.72222222222222,10.75
2008-06-30,133.54999999999998,14.719999999999999,0.2485119748723989,0.6,56.11999999999999,20.58,22.5,7.5,112.96999999999998,10.35,52.47,92.1,499.58,246.86,940.25,0.0,73.34,0.0,235.17,23.7,258.87,60.0,679.03,-11.74,50.32,-33.57,1.92,7.544103260869566,0.66,0.38,0.43,0.6,1.4,6.2648135060855905,9.038900667451905,8.66902237926973,8.692139772281115,11.789870435806831,11.39,10.56,2.12,2.12,6,2008,35.539534883720926,59.23255813953488,25.47
2008-09-30,134.32999999999998,12.86,0.21472475867466737,0.006592686522791677,-62.14999999999999,17.310000000000002,18.380000000000003,7.95,117.03,-106.86,86.61,90.65,518.76,246.36,960.4,0.0,81.81,0.0,260.68,23.43,284.11,59.48,673.68,58.629999999999995,-24.43,0.0,1.0700000000000003,9.254638413685846,0.7,0.42,0.64,0.6,0.94,5.354698669449517,7.434844769110358,7.6361492303678595,7.515366553613358,10.212846334463867,16.4,10.21,1.99,1.99,9,2008,0.39484011627907023,59.89062499999999,38.33
2008-12-31,125.58000000000004,11.54,0.19437738119109682,-0.005271205133346592,17.379999999999995,16.090000000000003,17.739999999999995,6.2,109.48000000000002,-31.03,71.13,86.33,504.19,244.64,931.64,0.0,65.95,0.0,241.76,23.16,264.91,59.48,663.82,-7.419999999999995,-8.010000000000005,0.0,1.6499999999999995,7.973149913344888,0.56,0.4,0.84,0.6,0.71,4.9519951874874675,6.92353719671145,6.951305394024463,6.775440144375376,9.31160216563064,15.97,9.95,2.09,2.09,12,2008,-0.3129464285714221,59.36904761904762,49.87
2009-03-31,106.78,6.69,0.11,0.0,13.18,10.03,11.61,6.6,96.75,-25.28,42.74,83.5,513.66,243.04,955.27,0.0,71.08,0.0,261.51,22.89,284.4,59.48,667.89,-51.87,23.52,0.0,1.58,15.0,0.59,0.43,0.11,0.0,0.0,2.8,4.16,3.9999999999999996,3.88,5.8,10.08,6.27,1.96,1.96,3,2009,0.0,60.81818181818182,6.69
2009-06-30,110.72,7.989999999999999,0.13606948228882834,0.6,89.1,11.35,12.830000000000002,5.7,99.37,47.7,53.14,72.85,461.29,242.08,924.27,0.0,73.51,0.0,229.75,22.62,252.37,59.48,669.02,22.449999999999996,21.540000000000003,-33.6,1.48,10.47259073842303,0.51,0.38,0.25,0.6,2.4,3.461607629427793,4.98558583106267,4.767874659400545,4.746103542234332,6.705504087193461,7.05,6.75,2.01,2.01,6,2009,35.232,58.72,14.68
2009-09-30,114.62,12.719999999999999,0.21354744525547445,0.00851386861313859,55.72,17.640000000000004,19.13,6.3,96.98000000000002,18.64,132.36,70.06,485.44,240.44,938.08,0.0,57.19,0.0,220.08,22.35,242.42,59.48,692.85,74.72,4.439999999999998,0.0,1.4899999999999998,7.3777515723270435,0.54,0.35,0.46,0.6,1.3,5.422248175182482,7.632000000000001,7.334890510948905,7.446306569343065,10.083153284671532,8.61,8.25,2.21,2.21,9,2009,0.5071304347826029,59.565217391304344,27.4
2009-12-31,123.02999999999997,9.54,0.1601191120736329,0.00015536357430382067,54.66,13.119999999999997,15.700000000000003,6.2,109.90999999999997,15.36,53.95,87.39,518.42,239.76,943.35,0.0,69.74,0.0,217.52,22.07,239.6,59.48,701.22,-63.599999999999994,-14.880000000000003,0.0,2.58,9.680293501048219,0.53,0.34,0.62,0.6,0.97,4.049463995668652,5.743627504060639,5.444049810503518,5.588673524634543,7.41713048186248,8.46,8.12,2.38,2.38,12,2009,0.009256661991585702,59.58064516129032,36.94
2010-03-31,111.95,5.36,0.09,0.0,50.76,8.2,9.93,6.75,103.74,9.82,96.82,78.8,513.21,240.12,942.66,0.0,71.17,0.0,207.44,21.8,229.25,59.48,711.07,14.92,27.9,0.0,1.73,18.75,0.56,0.32,0.09,0.0,0.0,2.28,3.44,3.0,3.12,4.48,4.96,4.79,2.47,2.47,3,2010,0.0,59.555555555555564,5.36
2010-06-30,102.27,11.29,0.18986186186186188,0.5,57.00000000000001,14.190000000000001,16.04,6.7,88.09000000000002,14.93,51.45,76.91,509.59,238.9,954.85,0.0,65.52,0.0,240.16,21.54,261.69,59.48,691.06,26.629999999999995,-43.94,-28.0,1.85,8.822730292294064,0.58,0.38,0.28,0.5,1.79,4.719423423423423,6.455303303303302,6.536672672672673,6.6451651651651655,8.489537537537537,8.1,7.77,2.12,2.12,6,2010,29.73214285714285,59.4642857142857,16.65
2010-09-30,173.48,23.310000000000002,0.39083333333333337,0.0014880952380953549,78.52,31.049999999999997,32.800000000000004,7.2,142.42999999999998,29.96,69.82,123.47,593.48,237.31,1040.76,0.14,82.93,0.0,292.0,21.26,313.26,59.48,725.48,-3.9499999999999957,22.18,0.14000000000000057,1.75,4.607142857142857,0.59,0.43,0.67,0.5,0.75,8.96,12.600000000000001,12.856666666666667,13.136666666666667,16.66,10.73,10.31,2.03,2.03,9,2010,0.08875266524520953,59.64179104477612,39.96
2010-12-31,122.72000000000003,15.469999999999999,0.2595543929280173,-0.0003325425910318621,62.56999999999999,21.150000000000006,22.999999999999993,7.2,101.57,22.080000000000005,69.24,78.11,606.13,235.36,1066.14,0.0,64.0,0.0,295.64,20.99,316.63,59.48,747.65,47.529999999999994,-48.09,-0.14000000000000057,1.8499999999999996,6.933228829993537,0.57,0.42,0.93,0.5,0.54,5.8050874977449025,8.283413314089842,8.272249684286486,8.540176799567021,10.806393649648204,11.36,10.86,2.05,2.05,12,2010,-0.01982025357085604,59.60215053763441,55.43
2011-03-31,156.08,17.35,0.29,0.0,65.96,25.67,27.58,7.2,130.41,19.51,93.53,101.04,676.68,98.54,1104.53,0.0,86.8,0.0,312.86,25.94,338.79,59.48,763.86,19.98,4.28,0.0,1.91,6.2075,0.56,0.44,0.29,0.0,0.0,6.28,10.04,9.08,9.4,12.96,12.04,11.12,2.16,2.16,3,2011,0.0,59.82758620689656,17.35
2011-06-30,140.73999999999998,25.949999999999996,0.4374942263279445,0.0,90.92999999999999,37.989999999999995,39.93000000000001,7.2,102.75,24.48,117.71,88.72,681.88,98.99,1090.18,0.0,74.98,0.0,307.77,27.09,334.86,60.0,753.72,-45.980000000000004,102.6,-32.44,1.9400000000000002,4.113082851637765,0.57,0.44,0.73,0.0,0.0,9.516997690531177,14.93473441108545,13.760092378752887,14.359399538106235,19.513441108545035,15.64,14.59,2.22,2.22,6,2011,0.0,59.31506849315068,43.3
2011-09-30,140.54000000000002,14.900000000000006,0.2483333333333334,0.0,72.10000000000002,22.60000000000001,24.47,7.2,117.94000000000003,17.85,71.85,104.57,665.56,101.29,1073.88,0.0,71.23,0.0,289.33,28.57,317.9,60.0,754.41,-30.240000000000002,-15.64,0.0,1.8699999999999997,7.245704697986574,0.57,0.42,0.97,0.0,0.0,5.550378006872854,8.356288659793817,7.895463917525777,8.059312714776635,11.254364261168389,14.11,13.31,2.3,2.3,9,2011,0.0,60.00000000000001,58.2
2011-12-31,115.08000000000004,12.469999999999999,0.20821565020517896,0.65,69.11000000000001,17.36,19.14,8.9,97.71999999999997,12.590000000000003,87.4,334.35,633.7,101.58,1046.76,0.0,210.85,0.0,239.75,28.55,268.3,60.0,776.93,62.68,-41.209999999999994,0.0,1.7800000000000002,10.682674418604652,0.69,0.35,1.18,0.65,0.55,4.764256402999858,6.924052639026461,6.422923447007215,6.542912126786471,9.06267440215084,13.51,12.79,2.64,2.64,12,2011,38.92838983050848,59.88983050847458,70.67
2012-03-31,114.6,15.83,0.26,0.0,67.44,19.96,21.52,10.9,94.64,12.42,74.96,462.63,756.68,100.92,1174.92,0.0,308.9,0.0,344.38,29.64,374.03,60.0,799.38,-17.62,5.16,0.0,1.56,10.48,0.82,0.47,0.26,0.0,0.0,5.4,7.0,7.920000000000001,8.12,9.6,14.79,13.81,2.2,2.2,3,2012,0.0,60.88461538461538,15.83
2012-06-30,153.06000000000003,20.740000000000002,0.34595023243095435,0.7499999999999999,76.08000000000001,27.36,28.95,10.4,125.71,19.42,92.77,490.24,738.44,98.98,1161.09,0.0,315.66,0.0,357.41,31.35,388.76,60.0,770.82,1.5,58.72,-42.4,1.5899999999999999,7.515893201542911,0.81,0.5,0.61,0.75,1.23,7.145857260049221,9.527809680065628,10.752813781788351,10.888925348646433,13.361618813234893,14.5,13.66,2.07,2.07,6,2012,44.963114754098356,59.950819672131146,36.57
2012-09-30,158.84999999999997,27.830000000000005,0.4623928571428572,0.002942037470726104,84.86999999999998,36.550000000000004,38.129999999999995,12.4,122.28999999999999,30.62,117.7,485.73,803.89,97.91,1215.9,0.0,337.48,0.0,380.06,32.94,413.0,60.0,801.39,45.72,-20.800000000000004,0.0,1.5800000000000005,6.7049586776859496,0.93,0.52,1.07,0.75,0.7,9.161428571428573,12.670428571428573,13.897714285714285,14.31257142857143,17.33757142857143,15.9,15.1,2.12,2.12,9,2012,0.17707216178949636,60.18691588785047,64.4
2012-12-31,146.37,30.53,0.5081365216475298,-0.0013061764152828908,22.80000000000001,39.61,41.06999999999999,13.3,106.75999999999999,30.749999999999993,79.3,412.23,774.38,96.65,1210.64,0.0,301.96,0.0,339.04,34.52,373.56,60.0,835.57,72.87,-111.26,0.0,1.46,6.545288241074353,0.96,0.45,1.58,0.75,0.47,10.085545138523122,14.073452017275887,14.613749078268198,15.141181923522595,18.22859370062151,17.5,16.57,2.28,2.28,12,2012,-0.07847805512835748,60.08227848101266,94.93
2013-03-31,128.95,18.3,0.3,0.0,48.13,23.1,24.5,19.6,105.85,14.53,23.2,533.02,846.06,96.7,1273.85,0.0,327.0,0.0,375.21,36.34,411.55,60.0,860.8,-84.01,27.91,0.0,1.4,16.3325,1.37,0.48,0.3,0.0,0.0,5.76,7.56,8.52,8.8,10.28,15.22,14.19,2.25,2.25,3,2013,0.0,61.00000000000001,18.3
2013-06-30,132.36,23.51,0.3936139679502511,1.0,61.98,28.949999999999996,30.39,17.9,103.41,22.72,80.29,537.77,824.07,95.46,1248.24,0.0,340.48,0.0,386.57,38.34,424.91,60.0,821.84,35.06,78.59,-56.57,1.44,11.368371969374735,1.31,0.52,0.7,1.0,1.43,7.534895957904808,9.716641951686201,11.448543410667305,11.808419038507534,13.585304950968666,16.96,16.0,2.13,2.13,6,2013,59.728571428571435,59.728571428571435,41.81
2013-09-30,118.94999999999999,21.18,0.35305604064137164,0.004365772344816474,52.260000000000005,26.22,27.72,17.3,92.73000000000002,24.11,158.25,353.21,806.95,94.45,1236.66,0.0,317.64,0.0,351.85,40.28,392.13,60.0,843.03,172.69,-94.73,0.0,1.5,12.253012275731823,1.23,0.47,1.05,1.0,0.95,6.845924749960311,8.58094300682648,10.046966185108746,10.302511509763454,11.90303222733767,17.34,16.56,2.29,2.29,9,2013,0.2619047619047521,59.99047619047619,62.99
2013-12-31,26.94999999999999,14.800000000000004,0.2473325620259674,-0.0025404171181261774,-108.54,19.120000000000005,20.519999999999996,15.5,7.829999999999984,-138.07999999999998,145.26,318.39,770.36,93.81,1198.68,0.0,264.21,0.0,300.29,39.5,339.79,60.0,857.4,-8.289999999999992,-4.699999999999999,0.0,1.4000000000000004,15.663121621621618,1.08,0.4,1.3,1.0,0.77,4.939041007841626,6.149068003599435,6.902481038693921,6.993803830826585,8.249492222650728,33.37,19.1,2.57,2.57,12,2013,-0.1520146520146426,59.838461538461544,77.79
2014-03-31,69.71,2.94,0.05,0.0,31.53,4.69,6.07,15.2,65.02,-0.49,35.15,361.19,801.65,92.52,1231.45,0.0,296.36,0.0,328.34,37.05,365.39,60.0,864.49,-12.73,-97.37,0.0,1.38,76.0,1.05,0.42,0.05,0.0,0.0,0.9599999999999999,1.48,1.36,1.36,2.08,4.56,4.22,2.44,2.44,3,2014,0.0,58.8,2.94
2014-06-30,111.24,11.31,0.19842105263157894,1.0,39.5,12.889999999999997,14.329999999999998,14.5,98.36,6.0200000000000005,104.69,351.58,678.14,93.15,1092.96,0.0,282.32,0.0,310.52,37.27,347.79,60.0,743.64,1.17,202.03,-133.66,1.44,18.26923076923077,1.17,0.47,0.25,1.0,4.0,4.127157894736842,4.762105263157895,6.095494736842105,5.778021052631579,7.143157894736842,8.44,7.88,2.18,2.18,6,2014,57.0,57.0,14.25
2014-09-30,98.07999999999998,19.17,0.3384290843806104,-0.006283662477558284,49.11,23.630000000000003,25.07,13.9,74.44,15.95,118.75,372.64,707.6,91.98,1097.06,0.0,263.92,0.0,294.5,37.62,332.12,60.0,763.44,-23.93,37.97999999999999,0.0,1.44,10.268325508607198,1.09,0.44,0.59,1.0,1.69,6.99802513464991,8.09935368043088,10.049622980251348,9.544847396768402,11.770448833034111,12.89,11.98,2.4,2.4,9,2014,-0.3559322033898269,56.64406779661017,33.42
2014-12-31,87.41000000000003,12.89,0.2310235370330382,-0.015214344011799575,44.510000000000005,16.28,17.72,13.0,71.13,12.010000000000002,89.78,258.82,656.11,91.75,1065.38,0.0,232.98,0.0,258.29,36.51,294.8,60.0,769.12,88.02000000000001,-117.00999999999999,0.0,1.4400000000000004,14.06544996121024,1.01,0.38,0.83,1.0,1.2,4.843144029367307,5.655901533146189,6.70246599006694,6.3350550637011445,7.927169077952927,13.52,12.64,2.54,2.54,12,2014,-0.8488870737186005,55.79518072289157,46.31
2015-03-31,94.22,13.04,0.24000000000000002,0.0,44.97,16.35,17.71,13.8,77.87,11.26,96.09,352.18,699.3,92.12,1114.88,0.0,258.93,0.0,293.75,36.88,330.63,60.0,782.85,-52.75,59.09,0.0,1.36,14.375,1.06,0.42,0.24,0.0,0.0,4.68,5.56,6.68,6.32,7.96,14.64,13.84,2.38,2.38,3,2015,0.0,54.33333333333333,13.04
2015-06-30,95.36000000000001,16.48,0.3014634146341464,0.8,-32.01,20.32,21.71,13.4,75.03999999999999,-66.55,121.78,346.89,688.62,90.83,1093.3,0.0,266.63,0.0,298.95,37.25,336.2,60.0,755.68,28.32,40.72,-43.36,1.39,11.110303398058251,1.06,0.44,0.54,0.8,1.48,6.029268292682928,7.480758807588076,8.731273712737128,8.798265582655826,10.316747967479676,30.24,15.57,2.3,2.3,6,2015,43.733333333333334,54.666666666666664,29.52
2015-09-30,225.31999999999996,79.45,1.46549050197302,-0.006680737817747807,10.41,113.26,114.67,12.7,112.06000000000003,-35.61000000000001,147.87,361.1,800.73,89.92,1207.45,0.0,283.75,0.0,341.22,37.62,378.84,60.0,827.19,28.1,-2.030000000000001,0.0,1.4100000000000001,2.167056010069226,0.92,0.46,2.01,0.8,0.4,26.305919060291824,37.94235110580894,38.40897494723318,39.95466642195099,50.48286684408553,62.6,26.26,2.35,2.35,9,2015,-0.36218905472635754,54.213930348258714,108.97
2015-12-31,74.06,7.680000000000007,0.14155165023574806,0.0006175722331334686,167.59,9.389999999999986,10.819999999999993,15.0,64.67999999999995,132.07,85.1,310.54,772.1,92.86,1198.1,0.0,272.26,0.0,331.3,33.16,364.46,60.0,832.33,-48.39,-14.39,0.0,1.4299999999999997,26.504459635416648,1.08,0.44,2.15,0.8,0.37,2.565047578225463,3.7079948564080616,3.6895602228889874,3.8370372910415806,4.840408058294046,31.46,23.86,2.33,2.33,12,2015,0.033506884183729824,54.25581395348838,116.65
2016-03-31,125.57,15.14,0.28,0.0,11.33,19.75,21.33,15.8,105.83,-27.8,79.1,393.42,834.58,93.16,1254.05,0.0,300.87,0.0,363.01,36.1,399.11,60.0,853.69,-17.86,7.02,4.87,1.58,14.107499999999998,1.11,0.47,0.28,0.0,0.0,4.84,6.68,7.08,7.4,8.88,19.61,12.06,2.3,2.3,3,2016,0.0,54.07142857142857,15.14
2016-06-30,139.01999999999998,23.299999999999997,0.43035900104058267,1.0,13.51,29.03,30.65,14.9,109.98,-23.970000000000002,129.45,403.46,783.4,92.17,1212.06,0.0,306.5,0.0,342.49,36.42,378.91,60.0,831.85,88.65,8.92,-47.21,1.62,8.657248927038626,1.07,0.46,0.71,1.0,1.41,7.685848074921956,10.255879292403748,11.201456815816858,11.734859521331945,13.601768990634755,23.43,14.53,2.29,2.29,6,2016,54.140845070422536,54.140845070422536,38.44
2016-09-30,82.12,8.950000000000003,0.16430681578392073,0.006065937723831867,6.859999999999999,10.850000000000001,12.479999999999997,14.5,71.26999999999998,-28.669999999999995,142.1,275.31,757.62,93.0,1176.84,0.0,270.79,0.0,297.42,36.73,334.15,60.0,841.29,0.5599999999999881,12.17,0.0,1.63,22.066796089385473,1.03,0.4,0.87,1.0,1.15,3.0443975522262092,3.777168178940706,4.253091369487235,4.2908630512766415,5.1218400506435975,22.94,13.67,2.55,2.55,9,2016,0.33041929739355425,54.47126436781609,47.39
2016-12-31,58.19,7.25,0.1300329428989751,0.023026371148247265,3.2699999999999996,8.07,9.840000000000003,14.6,50.120000000000005,-27.370000000000005,97.48,252.73,789.62,97.35,1216.1,0.0,302.45,0.0,329.52,35.99,365.52,54.95,849.04,-23.239999999999995,-21.35,0.0,1.7699999999999996,28.073655172413797,0.94,0.43,0.98,1.0,1.02,2.38305270863836,2.9774890190336754,3.4180087847730602,3.449853587115666,4.054904831625183,23.82,13.49,2.4,2.4,12,2016,1.2838376730002352,55.755102040816325,54.64
2017-03-31,177.23,20.04,0.36,0.0,20.63,24.99,26.83,15.1,152.25,-19.3,69.97,446.58,961.09,96.77,1368.95,0.0,418.77,0.0,455.24,36.28,491.52,54.95,875.86,-48.39,20.91,0.0,1.84,10.485,0.95,0.56,0.36,0.0,0.0,5.84,7.640000000000001,9.16,9.28,10.959999999999999,15.07,11.31,2.11,2.11,3,2017,0.0,55.666666666666664,20.04
2017-06-30,109.22,17.85,0.2967933491686461,0.1,5.27,22.09,24.0,13.6,87.13,-34.17999999999999,167.85,406.98,935.72,95.78,1349.73,0.0,387.07,0.0,427.07,36.16,463.23,60.45,884.96,107.35,-3.960000000000001,-5.5,1.91,11.457214285714285,0.93,0.52,0.63,0.1,0.16,5.295170229612035,6.934600158353128,8.0652414885194,8.31021377672209,9.610451306413301,20.38,13.23,2.19,2.19,6,2017,6.014285714285715,60.142857142857146,37.89
2017-09-30,127.25999999999999,14.5,0.24079022714258444,0.0001254328797753014,11.579999999999998,17.83,19.820000000000007,13.3,109.42000000000002,-31.43,148.66,369.66,915.14,96.88,1331.78,0.0,353.73,0.0,389.92,36.44,426.36,60.45,903.88,-20.950000000000003,1.629999999999999,0.0,1.9900000000000002,13.811087931034482,0.89,0.47,0.87,0.1,0.11,4.350830311128077,5.723611376216835,6.4210727238022525,6.6424890246230195,7.627791563275434,19.85,12.66,2.35,2.35,9,2017,0.0075533661740552205,60.2183908045977,52.39
