,revenue,net_profit,eps,dps,gross_profit,ebit,ebitda,close_price,allowance_doubtful_accounts,expense,operating_profit,cash,account_receivable,inventory,current_asset,property_plant_equipment,total_asset,short_term_loan,account_payable,current_portion_long_term_debt,current_liability,non_current_liability,total_liability,paid_in_capital,total_equity,cash_flow_operation,cash_flow_investment,cash_flow_financing,depreciation,P/E,P/BV,D/E,EPS,DPS,DPR%,ROA%,ROAA%,ROE%,ROAE%,ROCE%,NPM%,NPMA%,CurrentRatio,QuickRatio,month,year,dividend,number_of_shares,return_old
2005-09-30,,,,,,,,,2.06,,,60.67,225.06,51.19,564.17,313.6,954.18,114.96,190.95,39.84,491.18,20.33,511.51,153.0,442.67,,,,,,0.0,1.16,0.4,0.0,0.0,,,,,,3.87,3.86,1.15,1.04,9,2005,,151.1,60.44
2005-12-31,551.6099999999999,21.25,0.13266617701065003,0.0,57.44999999999999,31.87999999999998,45.30000000000001,2.3,2.46,519.7199999999998,35.57000000000001,48.83,164.89,36.13,528.26,337.49,953.87,57.71,120.07,25.68,339.28,5.82,345.1,200.0,608.77,-35.839999999999996,-33.15,57.15,13.420000000000002,4.334375294117647,0.76,0.57,0.51,0.0,0.0,8.906842942832661,0.0,13.963765454768025,0.0,22.631289019463825,3.86,3.86,1.56,1.45,12,2005,0.0,160.17647058823528,81.69
2006-03-31,459.56,17.28,0.09,0.0,61.44,29.41,42.18,2.96,4.91,430.16,33.96,44.3,211.31,47.5,571.27,334.44,996.56,50.66,157.74,23.09,351.96,18.54,370.5,200.0,626.05,-1.35,-5.94,2.76,12.77,8.2225,0.95,0.59,0.09,0.0,0.0,6.92,0.0,11.04,0.0,18.24,3.77,3.76,1.62,1.49,3,2006,0.0,192.00000000000003,17.28
2006-06-30,403.41,15.39,0.07537190082644628,0.20000000000000004,48.09,24.45,34.13999999999999,2.04,4.91,378.95,23.990000000000002,22.36,177.1,50.82,583.9,327.24,976.22,98.81,142.9,17.78,356.82,17.95,374.78,200.0,601.44,-21.88,-2.3099999999999996,2.26,9.690000000000001,6.766447368421053,0.68,0.62,0.16,0.2,1.25,6.312396694214876,0.0,10.231735537190083,0.0,16.393388429752065,3.79,3.79,1.64,1.49,6,2006,40.837500000000006,204.1875,32.67
2006-09-30,445.27,-1.0700000000000003,-0.005417721518987343,-0.006772151898734206,26.409999999999997,3.3500000000000014,12.150000000000006,2.2,5.09,441.92999999999995,3.029999999999994,28.49,184.53,50.16,646.51,322.84,1044.76,133.42,184.69,12.48,427.03,17.36,444.39,200.0,600.37,-19.830000000000002,-2.7699999999999996,28.720000000000002,8.8,-101.51869158878502,0.73,0.74,0.16,0.2,1.25,-0.4090379746835444,-0.77473417721519,-0.7124303797468357,-0.8207848101265823,-1.25420253164557,2.42,2.42,1.51,1.4,9,2006,-1.3375000000000057,197.5,31.6
2006-12-31,391.53,-70.92,-0.3607324516785351,-0.0009155645981688694,-31.700000000000003,-71.87,-61.709999999999994,1.86,15.1,463.3900000000001,-50.0,34.6,206.64,43.91,680.38,314.8,1075.59,218.02,186.91,7.18,529.37,16.77,546.14,200.0,529.45,-70.57,-2.0199999999999996,78.69999999999999,10.16,-1.2890439932318105,0.7,1.03,-0.2,0.2,-1.0,-26.40561546286877,-10.38909460834181,-53.60484231943031,-49.85322482197355,-19.33525940996948,-2.32,-2.31,1.29,1.2,12,2006,-0.17999999999999972,196.6,-39.32
2007-03-31,331.46,-38.16,-0.19,0.0,-6.83,-30.93,-22.07,1.67,0.14,362.39,-30.95,15.37,133.88,43.64,606.32,310.04,988.07,194.28,165.92,2.36,480.61,16.18,496.79,200.0,491.29,12.27,-2.35,-29.15,8.86,-2.1975,0.68,1.01,-0.19,0.0,0.0,-15.44,-12.48,-31.08,-27.32,-24.4,-11.53,-11.51,1.26,1.17,3,2007,0.0,200.84210526315786,-38.16
2007-06-30,359.62000000000006,2.8499999999999943,0.014528462192013564,0.0,30.619999999999997,7.699999999999999,16.47,1.69,0.25,351.91999999999996,7.579999999999998,45.25,147.09,52.7,623.55,306.38,1010.96,159.03,207.58,2.37,501.23,15.58,516.82,200.0,494.15,69.07000000000001,-3.36,-35.830000000000005,8.77,29.084289473684272,0.68,1.05,-0.18,0.0,0.0,1.1267629566694963,0.7554800339847053,2.3084112149532663,2.0824129141886107,1.4722175021240411,-5.12,-5.11,1.24,1.14,6,2007,0.0,196.16666666666669,-35.31
2007-09-30,445.1,7.030000000000001,0.034801980198019805,0.0,33.300000000000004,10.25,19.11,1.47,0.52,434.85000000000014,7.760000000000002,35.75,205.71,50.51,586.11,303.06,977.48,106.73,239.48,2.38,461.32,14.99,476.31,200.0,501.17,44.78,-1.38,-52.89999999999999,8.86,10.559743954480794,0.59,0.95,-0.14,0.0,0.0,2.873649222065064,1.272758132956153,5.608090523338048,5.100975954738331,2.495799151343706,-2.5,-2.49,1.27,1.16,9,2007,0.0,202.0,-28.28
2007-12-31,437.14999999999986,3.4299999999999997,0.01656338028169014,0.0,34.53999999999999,6.25,15.17,1.16,0.0,430.89999999999986,10.57,24.92,126.5,51.1,544.3,301.25,943.66,87.84,210.7,2.38,424.67,14.39,439.06,200.0,504.6,14.0,-5.359999999999999,-19.47,8.919999999999998,17.514540816326534,0.46,0.87,-0.12,0.0,0.0,1.4520563380281688,0.36991549295774645,2.716394366197183,2.6556619718309853,0.7177464788732393,-1.59,-1.58,1.28,1.16,12,2007,0.0,207.08333333333334,-24.85
2008-03-31,537.1,7.76,0.04,0.0,39.0,11.52,17.47,1.24,2.27,525.58,12.14,56.69,181.28,44.12,632.86,298.3,1046.73,75.39,276.98,2.42,520.59,13.79,534.38,200.0,512.35,47.63,-2.83,-13.03,5.95,7.75,0.48,1.04,0.04,0.0,0.0,2.96,4.52,6.04,6.2,8.76,1.45,1.44,1.22,1.13,3,2008,0.0,194.0,7.76
2008-06-30,469.26,7.26,0.03866844207723036,0.0,29.25,9.309999999999999,15.46,1.05,2.27,459.9599999999999,0.009999999999999787,35.23,154.91,145.67,635.48,300.44,1046.77,75.15,276.96,2.4,513.96,13.19,527.15,200.0,519.62,-12.450000000000003,-8.13,-0.8800000000000008,6.1499999999999995,6.791067493112948,0.4,1.01,0.08,0.0,0.0,2.7647936085219706,3.905512649800266,5.587589880159787,5.722929427430093,7.559680426098535,1.51,1.49,1.24,0.95,6,2008,0.0,187.75,15.02
2008-09-30,576.89,14.57,0.07385941196350118,0.0,71.58000000000001,28.79,38.23,0.96,13.63,548.0900000000001,41.980000000000004,110.18,195.4,180.57,726.62,301.03,1184.5,134.54,208.69,2.4,637.72,12.58,650.31,200.0,534.19,23.009999999999998,-6.84,58.790000000000006,9.44,3.249416609471517,0.36,1.22,0.15,0.0,0.0,4.923960797566746,9.040392024332546,10.911497127407909,11.266022304832713,17.864129773572152,1.88,1.87,1.14,0.86,9,2008,0.0,197.26666666666668,29.59
2008-12-31,555.8600000000001,10.919999999999998,0.0539126141693409,0.0,53.19999999999999,19.65,29.200000000000003,0.77,6.46,536.21,15.990000000000002,69.66,175.54,96.06,626.16,296.11,1110.37,128.38,182.52,2.38,553.26,12.01,565.27,200.0,545.11,-2.1299999999999955,-31.679999999999996,-6.720000000000006,9.55,3.570592948717949,0.28,1.04,0.2,0.0,0.0,3.9356208343618855,7.267420390027153,8.011414465564057,8.324107627746233,13.402675882498146,1.9,1.89,1.13,0.96,12,2008,0.0,202.54999999999998,40.51
2009-03-31,443.24,2.76,0.009999999999999998,0.0,31.92,8.32,14.45,0.76,0.52,434.91,8.15,19.49,258.98,65.71,552.92,291.13,1105.62,108.03,173.65,2.29,546.25,11.5,557.75,200.0,547.87,22.64,-51.85,-20.96,6.13,19.0,0.28,1.02,0.01,0.0,0.0,1.0,3.08,2.0,2.08,5.96,0.62,0.62,1.01,0.89,3,2009,0.0,276.0,2.76
2009-06-30,374.15999999999997,5.01,0.025791505791505794,0.05,18.25,5.8100000000000005,11.650000000000002,0.89,-7.01,368.34999999999997,-5.130000000000001,29.28,211.29,58.82,482.94,288.74,1027.27,56.2,192.98,2.2,473.4,10.99,484.39,200.0,542.88,76.02,-3.789999999999999,-62.440000000000005,5.840000000000001,8.62687125748503,0.33,0.89,0.04,0.05,1.25,1.9601544401544402,3.507644787644788,3.688185328185328,3.7655598455598454,6.576833976833977,0.96,0.95,1.02,0.9,6,2009,9.712499999999999,194.24999999999997,7.77
2009-09-30,458.86,7.290000000000001,0.03872509960159363,-0.0015936254980079625,38.25,12.790000000000001,18.72,1.32,0.23,446.0799999999999,13.850000000000001,36.67,170.36,134.92,578.73,289.5,1024.8,21.53,193.94,2.1,464.15,10.48,474.63,200.0,550.17,12.27000000000001,30.38,-35.269999999999996,5.929999999999998,8.521604938271604,0.48,0.86,0.08,0.05,0.63,2.846294820717132,4.724462151394423,5.305338645418328,5.382788844621514,9.29402390438247,1.19,1.18,1.25,0.96,9,2009,-0.29999999999999893,188.25,15.06
2009-12-31,376.9200000000001,-2.4700000000000006,-0.011771247021445594,0.005142970611596509,40.07000000000001,1.759999999999998,7.719999999999999,1.43,0.0,375.1600000000001,-0.46000000000000085,54.18,186.0,133.82,652.45,288.56,1130.92,51.7,146.99,2.04,561.54,21.68,583.22,200.0,547.69,-1.5600000000000023,-19.52,38.60000000000001,5.960000000000001,-30.366366396761126,0.52,1.06,0.06,0.05,0.83,-0.8710722795869741,-2.008959491660048,-1.8049245432883245,-1.8049245432883245,-3.95513899920572,0.76,0.76,1.16,0.92,12,2009,1.0791666666666675,209.83333333333334,12.59
2010-03-31,414.12,12.55,0.06,0.0,49.11,22.12,29.32,1.58,1.0,392.01,19.25,26.75,173.78,233.75,683.0,285.25,1183.42,61.26,132.64,2.04,568.23,53.94,622.17,201.0,561.25,-87.63,17.15,43.05,7.2,6.5825,0.57,1.11,0.06,0.0,0.0,4.24,7.72,8.96,9.04,14.399999999999999,3.07,3.03,1.2,0.79,3,2010,0.0,209.16666666666669,12.55
2010-06-30,435.61,12.21,0.059176090468497575,0.05,54.39,21.029999999999998,25.35,2.56,1.0,414.57000000000005,22.82,59.81,155.91,253.03,757.33,285.68,1225.26,38.05,170.12,2.04,577.2,84.01,661.21,201.65,564.05,20.61999999999999,14.760000000000002,-2.3299999999999983,4.319999999999999,10.813488943488943,0.92,1.17,0.12,0.05,0.42,3.984523424878837,7.55481421647819,8.659434571890145,8.817237479806138,13.137092084006461,2.93,2.91,1.31,0.87,6,2010,10.316666666666668,206.33333333333334,24.76
2010-09-30,539.5899999999999,16.76,0.08476878612716764,-0.002179672447013493,67.53999999999999,29.750000000000007,35.31,3.06,1.28,509.84000000000003,30.630000000000003,41.64,164.88,296.6,874.51,283.1,1345.17,43.2,185.27,2.04,664.65,99.47,764.12,201.88,581.05,4.380000000000003,-43.63,21.08,5.559999999999999,9.023663484486873,1.06,1.32,0.21,0.05,0.24,4.989248554913295,9.930057803468209,11.544701348747592,11.851483622350674,17.292832369942197,3.0,2.99,1.32,0.87,9,2010,-0.4309523809523821,197.71428571428572,41.52
2010-12-31,553.2,20.229999999999997,0.10155951417004047,0.00037131289762869083,66.80000000000001,34.08999999999999,39.480000000000004,3.14,1.46,519.1099999999999,52.379999999999995,56.2,160.34,314.95,881.46,288.36,1355.17,59.44,184.17,0.0,606.49,147.35,753.84,201.93,601.33,-72.16,24.37,62.35000000000001,5.390000000000001,7.730196490360852,1.05,1.25,0.31,0.05,0.16,5.975630769230768,11.282934412955463,13.458273684210523,14.087287449392711,18.72626396761133,3.19,3.18,1.45,0.93,12,2010,0.07396313364055374,199.19354838709677,61.75
2011-03-31,665.25,22.55,0.11,0.0,82.42,45.32,50.58,3.84,0.37,619.92,39.1,70.22,202.43,351.04,1089.77,296.35,1600.03,32.01,359.84,0.0,839.95,152.24,992.19,204.82,607.83,61.42,-8.05,-39.35,5.26,8.7275,1.29,1.63,0.11,0.0,0.0,5.639999999999999,13.04,14.84,15.44,23.84,3.42,3.39,1.3,0.88,3,2011,0.0,205.0,22.55
2011-06-30,840.4300000000001,44.69,0.21932926829268296,0.10000000000000002,99.36999999999999,56.059999999999995,62.25,3.92,0.37,784.38,67.75,88.37,393.3,363.42,1399.37,303.11,1920.98,161.28,403.26,0.0,1171.38,117.46,1288.84,215.16,632.14,-42.13,-13.07,73.35,6.1899999999999995,4.468623853211009,1.33,2.04,0.33,0.1,0.3,9.304878048780488,17.120975609756098,28.286829268292685,29.881951219512196,35.943414634146336,4.49,4.47,1.19,0.88,6,2011,20.375757575757575,203.75757575757572,67.24
2011-09-30,995.3300000000002,20.99000000000001,0.09991839510370626,0.003005574273850386,76.06000000000003,32.71000000000001,39.530000000000015,3.2,0.0,962.6200000000001,19.090000000000003,96.41,349.38,429.51,1483.23,310.95,2033.91,118.85,508.25,0.0,1227.29,153.45,1380.74,215.21,653.17,30.230000000000004,-15.059999999999999,-7.140000000000001,6.82,8.007534540257263,1.05,2.11,0.42,0.1,0.24,4.129960330953192,7.555733877365979,12.856166836676874,13.607933809361901,15.815654539272364,3.54,3.53,1.21,0.86,9,2011,0.6313852813852847,210.07142857142858,88.23
2011-12-31,641.4899999999998,18.50999999999999,0.08844013490725122,-0.0003713964506544722,71.40999999999997,30.00999999999999,37.44,3.48,0.3,611.48,25.960000000000008,155.07,317.46,461.33,1425.42,313.12,2027.83,139.9,280.33,0.0,1137.71,218.43,1356.13,215.22,671.7,-16.700000000000003,-9.920000000000002,85.3,7.43,9.83207455429498,1.12,2.02,0.51,0.1,0.2,3.6485890949971878,6.728386734120289,11.022068577852723,11.632478920741983,12.790871275997747,3.41,3.4,1.25,0.85,12,2011,-0.07773109243697718,209.2941176470588,106.74
2012-03-31,915.59,44.4,0.21,0.0,129.06,66.22,74.28,4.3,0.0,849.36,66.32,197.75,305.16,467.73,1513.76,315.93,2138.95,139.14,494.9,0.0,1229.56,188.18,1417.74,220.34,721.21,79.27,-8.9,-27.7,8.06,5.12,1.31,1.97,0.21,0.0,0.0,8.32,14.16,24.64,26.72,29.12,4.85,4.85,1.23,0.85,3,2012,0.0,211.42857142857142,44.4
2012-06-30,999.07,53.03000000000001,0.23948681104382638,0.15,134.31,72.14000000000001,80.66,5.2,0.0,926.9499999999999,68.82,280.05,292.58,445.99,1749.66,321.02,2563.86,61.51,624.19,0.5,1701.6,120.95,1822.55,231.47,741.3,354.17,-93.16,-178.70000000000002,8.519999999999998,5.4291089949085425,1.62,2.46,0.44,0.15,0.34,8.273180745150365,13.433032946730986,28.607788155598897,30.893798624653602,34.943302884121934,5.1,5.09,1.03,0.77,6,2012,33.214772727272724,221.4318181818182,97.43
2012-09-30,1134.0399999999997,56.43000000000001,0.25306577408033276,0.0010451502546589277,132.82,81.27999999999997,90.41,7.05,0.24,1052.75,99.51000000000002,250.19,452.0,465.4,1927.37,325.0,2771.05,9.33,729.16,0.5,1874.42,98.85,1973.27,231.51,797.78,56.410000000000025,-11.399999999999991,-74.86999999999998,9.130000000000003,6.966370724791778,2.05,2.47,0.69,0.15,0.22,8.142116209541141,13.40881840634343,28.299355258026775,31.11608735213831,35.94267515923567,5.07,5.05,1.03,0.78,9,2012,0.23305335968380092,222.98550724637684,153.86
2012-12-31,1060.7300000000005,34.849999999999994,0.15512691431296693,0.0011145465897754202,110.60000000000002,47.54000000000002,56.849999999999994,9.0,-0.55,1013.19,49.41,628.17,305.29,536.16,2213.04,346.77,3093.82,18.22,712.75,0.74,2170.54,90.66,2261.2,231.51,832.63,458.40999999999997,-79.58,-0.8500000000000227,9.310000000000002,14.4984512195122,2.5,2.72,0.84,0.15,0.18,4.506067510995707,7.704636744210691,16.7389327539611,18.53397276243972,21.37796619151078,4.61,4.59,1.02,0.77,12,2012,0.2503881987577614,224.65476190476193,188.71
2013-03-31,1139.1,47.87,0.21,0.0,121.61,61.37,71.37,13.1,0.0,1077.74,54.66,412.78,375.53,582.9,2079.7,365.24,3090.96,17.57,715.24,0.75,2132.66,53.41,2186.07,231.51,904.88,-248.44,71.99,-38.94,10.0,15.595,3.35,2.42,0.21,0.0,0.0,6.200000000000001,9.4,21.16,23.56,25.600000000000005,4.23,4.2,0.98,0.7,3,2013,0.0,227.95238095238093,47.87
2013-06-30,1650.67,135.59,0.5469126785130274,0.04,274.3,169.32999999999998,180.04999999999998,7.9,0.14,1481.3300000000002,160.12,227.91,489.5,396.94,2345.01,370.11,3249.71,64.06,838.3,0.76,2187.23,31.92,2219.15,308.68,1030.56,187.3,-384.83,12.649999999999999,10.719999999999999,3.612642525259975,2.37,2.15,0.74,0.04,0.05,16.70300883026273,23.472900904829395,52.621868527199396,61.224657145971875,64.18094189469095,6.61,6.58,1.07,0.89,6,2013,9.916756756756758,247.91891891891893,183.46
2013-09-30,1811.4599999999996,66.75,0.24810159466048518,0.0031406267384046067,157.89999999999992,85.67000000000002,97.28,7.95,0.93,1725.7899999999995,76.46000000000001,88.51,655.54,732.12,3034.14,379.73,3961.32,23.77,1024.76,0.0,2730.68,133.32,2864.0,308.68,1097.32,34.94,-233.85000000000008,59.53,11.61,8.012342696629213,2.24,2.61,0.93,0.04,0.04,6.744094960233404,10.03077414971424,24.329962831221774,28.18220694616522,27.435234403101393,5.47,5.44,1.11,0.84,9,2013,0.8449636733507706,269.0430107526882,250.21
2013-12-31,1434.0900000000001,11.289999999999992,0.040583556405353695,0.0013154217808754288,86.94000000000005,13.319999999999993,24.889999999999986,6.15,2.68,1420.7700000000004,13.300000000000011,438.0,686.68,724.1,3232.57,405.09,4276.21,5.23,981.52,0.0,3033.47,134.14,3167.61,308.68,1108.6,243.04,125.17000000000007,-18.730000000000004,11.57,37.87001771479188,1.71,2.86,0.94,0.04,0.04,1.0568994263862326,1.5456290630975131,4.073898279158697,4.652429827915867,4.581624474187377,4.35,4.33,1.07,0.83,12,2013,0.3659391443605582,278.19148936170217,261.5
2014-03-31,1490.99,56.13,0.18,0.0,142.49,70.26,82.12,6.85,0.0,1420.73,62.99,197.86,569.41,842.54,2944.93,419.0,4322.92,41.02,907.57,0.8,3024.07,134.11,3158.18,308.68,1164.73,-350.56,74.86,35.56,11.86,9.515,1.82,2.71,0.18,0.0,0.0,5.2,7.599999999999999,19.28,21.68,21.64,3.78,3.76,0.97,0.7,3,2014,0.0,311.83333333333337,56.13
2014-06-30,1680.14,88.67000000000002,0.2878100828729282,0.4,173.42000000000002,112.11999999999999,125.07,8.5,-0.43,1568.02,99.16999999999999,533.79,362.31,803.79,2873.18,418.06,4011.92,0.33,1033.96,0.0,2746.54,135.45,2881.99,308.68,1129.93,361.19,139.10000000000002,-164.35,12.95,7.385338897033946,2.32,2.55,0.47,0.4,0.85,8.84250552486188,12.296226519337019,31.377422651933706,32.82259668508288,35.29653867403315,4.59,4.57,1.05,0.75,6,2014,123.23404255319151,308.0851063829788,144.8
2014-09-30,1659.7299999999996,82.19,0.26794396228908757,-0.0017498193284360543,166.60999999999996,103.49000000000001,116.32999999999998,10.3,0.0,1556.2299999999996,93.00999999999999,645.09,485.67,848.2,3093.83,411.43,4229.44,1.56,1079.44,0.53,2880.26,137.05,3017.31,308.68,1212.13,194.63,-84.38,1.039999999999992,12.84,9.610964837571482,2.62,2.49,0.74,0.4,0.54,7.7776166350940565,10.10945327988017,27.12751574959249,28.474477289748446,30.69044627516631,4.73,4.7,1.07,0.78,9,2014,-0.5367452558941892,306.7432432432433,226.99
2014-12-31,1408.08,78.90999999999997,0.2553805165086629,0.002908387301979852,138.22000000000003,106.77999999999997,118.28000000000003,11.1,0.0,1301.3100000000004,67.07000000000002,381.13,601.16,960.3,3664.83,397.07,4743.86,0.0,895.38,0.0,2918.14,534.69,3452.82,308.68,1291.04,-31.810000000000002,-630.38,398.23,11.5,10.864082499049555,2.65,2.67,0.99,0.4,0.4,6.655371036286366,8.98733050016345,24.44430075187969,26.31193200392284,22.194888525661973,4.96,4.9,1.26,0.93,12,2014,0.8986622986622592,308.98989898989896,305.9
2015-03-31,1189.91,65.63,0.21,0.0,135.28,88.09,100.72,14.7,0.31,1101.82,57.02,517.82,469.26,1094.38,4247.43,386.13,5334.44,1.39,846.91,0.24,3441.24,536.53,3977.77,308.68,1356.67,669.36,-533.85,1.18,12.63,17.5,3.34,2.93,0.21,0.0,0.0,4.92,7.28,19.36,20.84,18.6,5.66,5.52,1.23,0.92,3,2015,0.0,312.5238095238095,65.63
2015-06-30,928.8500000000001,51.97,0.16793027210884354,0.6,123.17999999999998,73.41,85.78,13.5,0.0,855.45,50.419999999999995,392.65,326.17,1302.11,4049.04,374.88,4962.43,0.0,769.46,0.26,3200.74,538.25,3738.99,308.68,1223.43,-160.18,221.67000000000002,-186.65,12.37,20.09971137194535,3.41,3.06,0.38,0.6,1.58,4.189418367346939,6.363673469387756,16.987472789115646,17.659193877551022,16.209690476190477,5.7,5.55,1.27,0.86,6,2015,185.68421052631578,309.4736842105263,117.6
2015-09-30,998.0899999999997,68.97,0.22180414857694164,0.0028486556478025814,152.46000000000004,95.38,108.75999999999999,12.6,0.52,902.6999999999998,86.34,498.14,217.17,1595.5,3904.34,371.64,4824.39,1.23,923.51,0.26,2921.87,610.12,3531.99,308.68,1292.4,-357.19,391.52,71.16,13.380000000000003,14.20171813832101,3.01,2.73,0.6,0.6,1.0,5.722547033285095,8.384196816208394,21.352346036340247,22.032545425309536,19.962373371924745,6.11,5.99,1.34,0.79,9,2015,0.8857894736842127,310.95,186.57
2015-12-31,1094.4100000000003,116.5,0.37671165077374863,-0.0032883492262513413,203.88999999999993,152.10000000000002,165.24,12.3,0.16,942.3000000000002,141.6,544.02,456.24,1828.59,4434.14,362.72,5253.44,0.0,1032.33,0.24,2982.59,861.94,3844.54,308.68,1408.9,-96.39000000000001,-107.10000000000001,249.37,13.14,8.162078326180259,2.69,2.73,0.98,0.6,0.61,8.871943775365427,12.577556340119445,33.07374533936055,34.51908799947207,27.692150328306994,7.32,7.2,1.49,0.87,12,2015,-1.016938775510198,309.2551020408163,303.07
2016-03-31,848.34,71.42,0.23000000000000004,0.0,175.7,108.35,121.26,13.2,0.0,739.99,96.44,721.71,475.86,2053.9,5083.78,360.1,5863.27,0.0,1016.2,0.0,2932.54,1453.14,4385.68,308.68,1477.58,-328.36,-79.97,586.01,12.91,14.3475,2.76,2.97,0.23,0.0,0.0,4.88,7.76,19.32,20.16,14.8,8.54,8.42,1.73,1.03,3,2016,0.0,310.52173913043475,71.42
2016-06-30,1454.1299999999997,204.69,0.6597881279200319,0.5,373.40000000000003,273.21000000000004,285.63,13.9,0.0,1180.92,264.06,551.91,265.56,1717.75,4289.86,352.95,5214.07,0.0,929.2,0.11,2693.03,993.1,3686.13,308.68,1527.94,437.04,8.75,-615.58,12.419999999999998,5.267524305046656,2.81,2.41,0.89,0.5,0.56,15.716301474050194,22.24004925573141,53.58369200680888,59.51437180833725,44.89524609756981,12.1,11.99,1.59,0.96,6,2016,155.11797752808988,310.23595505617976,276.11
2016-09-30,1466.6400000000003,216.88,0.7038844601310372,-0.003435696555597127,378.49,275.14000000000004,287.73,12.5,0.0,1191.4999999999998,256.38,481.63,449.01,1480.23,4255.83,345.99,5102.53,0.0,1037.57,0.04,2636.85,720.85,3357.7,308.68,1744.82,213.23000000000002,-11.25,-272.26,12.590000000000003,4.438228398192549,2.21,1.92,1.6,0.5,0.31,16.998809712164547,23.280978518834054,49.71183999675449,57.12022393963367,46.86110793322379,13.22,13.08,1.61,1.05,9,2016,-1.0586025280898923,308.11875,492.99
2016-12-31,1604.9599999999996,295.14,0.9549274865821629,0.0015398395569259128,459.36,375.93000000000006,378.18999999999994,13.5,0.0,1229.04,362.31000000000006,707.49,573.22,1340.61,4218.72,335.75,5056.3,0.0,1179.5,0.0,2756.05,260.29,3016.34,308.68,2039.96,465.41,222.44,-461.99000000000007,2.259999999999998,3.531550874161415,2.04,1.48,2.55,0.5,0.2,23.35265806402497,30.00344714704427,57.8648608732062,68.45519394008603,67.24187431007574,14.81,14.67,1.53,1.04,12,2016,0.4759191176470665,309.0705882352941,788.13
2017-03-31,968.47,211.87,0.69,0.0,188.53,133.13,144.7,15.0,0.3,835.34,127.85,544.93,496.75,110.75,4403.23,319.03,5018.79,0.0,1017.76,0.0,2724.01,42.94,2766.96,308.68,2251.83,285.29,-199.0,-28.71,11.57,5.435,2.06,1.23,0.69,0.0,0.0,16.88,9.8,37.64,45.44,23.2,22.0,21.88,1.62,1.58,3,2017,0.0,307.0579710144928,211.87
2017-06-30,1311.34,308.65999999999997,1.002123604787428,1.0,132.64000000000001,370.66,382.04,13.7,0.57,940.68,74.78,1505.22,497.83,134.23,4008.34,312.75,4617.33,0.0,1029.47,0.0,2318.83,46.69,2365.52,308.68,2251.81,30.069999999999993,1213.06,-318.19,11.379999999999999,3.419213940905851,1.88,1.05,1.69,1.0,0.59,26.731202428294235,24.311874435671335,54.838101166119145,65.32185580081838,51.991832939503965,26.32,22.83,1.73,1.67,6,2017,308.0059171597633,308.0059171597633,520.53
2017-09-30,1268.3400000000001,87.86000000000001,0.2844954716546952,1.002660042399228,154.16999999999996,108.48999999999995,119.24000000000001,13.9,0.57,1159.85,96.80000000000001,807.2,499.46,127.7,3899.17,304.16,4610.41,0.0,1098.21,0.0,2534.06,45.35,2579.41,308.68,2031.0,-5.689999999999998,-692.3199999999999,-184.79000000000008,10.750000000000004,12.221811404507168,2.11,1.27,1.97,2.0,1.02,7.625056296125842,7.284239385920217,17.306567169085625,18.61784578970726,17.03506895248114,18.81,17.15,1.54,1.49,9,2017,309.6489051752621,308.8274111675127,608.39
