,revenue,net_profit,eps,dps,gross_profit,ebit,ebitda,close_price,expense,operating_profit,cash,account_receivable,inventory,current_asset,property_plant_equipment,total_asset,short_term_loan,account_payable,current_portion_long_term_debt,current_liability,non_current_liability,total_liability,paid_in_capital,total_equity,cash_flow_operation,cash_flow_investment,cash_flow_financing,depreciation,P/E,P/BV,D/E,EPS,DPS,DPR%,ROA%,ROAA%,ROE%,ROAE%,ROCE%,NPM%,NPMA%,TIE,CurrentRatio,QuickRatio,month,year,dividend,number_of_shares,return_old
2000-03-31,57.73,-192.58,-3.21,0.0,-2.13,-107.16,-98.34,0.96,164.88,-152.84,10.28,0.0,1594.29,1979.95,360.07,3190.53,609.6,85.19,947.3,2713.98,509.57,3223.54,600.0,-33.01,1.99,-0.2,0.89,8.82,-0.075,-17.45,-97.65,-3.21,0.0,0.0,-24.16,0.0,2333.6,0.0,-89.96,-1629.27,-333.59,0.0,0.73,0.14,3,2000,0.0,59.99376947040499,-192.58
2000-06-30,38.589999999999996,-204.12999999999997,-3.4012233117390536,0.0,-8.46,-120.69,-111.78999999999999,1.08,159.29000000000002,-130.01000000000002,5.8,0.0,1560.27,1842.64,354.74,3052.19,610.15,87.26,930.2,2779.18,509.68,3288.87,600.0,-236.68,2.5199999999999996,-0.20999999999999996,-6.79,8.899999999999999,-0.07773673639347475,-2.74,-13.9,-6.61,0.0,0.0,-26.756976128658213,0.0,344.9797514557233,0.0,-171.7797867459857,-970.66,-411.87,0.0,0.66,0.1,6,2000,0.0,60.01664145234493,-396.71
2000-09-30,62.05000000000001,-26.430000000000007,-0.4403542562745192,0.0,8.77,-4.550000000000011,3.8799999999999955,1.12,66.59999999999997,-12.029999999999973,7.11,0.0,1519.92,1807.02,67.06,3001.02,456.14,84.5,483.2,2166.74,1097.9,3264.64,600.0,-263.62,35.5,0.29,-34.64,8.43,-0.6403934922436623,-2.55,-12.38,-7.05,0.0,0.0,-3.522834050196153,0.0,40.102843503332245,0.0,-6.960720328969137,-456.41,-267.18,0.0,0.83,0.13,9,2000,0.0,60.01985815602837,-423.14
2000-12-31,15.019999999999982,-93.60000000000002,-1.5595773503115689,0.0,-1.18,-24.200000000000017,-16.72,1.16,39.22000000000003,-33.89999999999998,6.35,0.0,1516.56,1801.62,61.83,2987.22,465.0,85.5,862.54,2389.22,955.82,3345.05,600.0,-357.83,-10.52,-0.05000000000000002,9.809999999999999,7.480000000000004,-0.1794236111111111,-1.95,-9.35,-8.61,0.0,0.0,-12.534582188334563,0.0,104.63115686805746,0.0,-31.090111081007862,-528.31,-298.02,0.0,0.75,0.12,12,2000,0.0,60.01626016260163,-516.74
2001-03-31,30.59,-75.18,-1.25,0.0,-0.31,-10.44,-4.12,0.76,41.03,-18.46,7.56,0.0,1475.28,1763.3,58.09,2869.25,430.26,83.96,978.6,2581.74,720.52,3302.27,600.0,-433.02,5.97,-0.64,-2.91,6.32,-0.1525,-1.05,-7.63,-1.25,0.0,0.0,-10.479999999999999,-1.36,69.44,129.04,-14.52,-336.38,-245.77,0.0,0.68,0.11,3,2001,0.0,60.144000000000005,-75.18
2001-06-30,156.93,339.7,5.663378950551944,0.0,-0.95,-102.2,-94.58,0.28,259.13,-48.300000000000004,8.18,0.0,1264.15,1363.05,53.84,1975.72,245.62,26.68,557.54,1287.63,781.43,2069.07,600.0,-93.34,5.56,0.27,-5.08,7.619999999999999,0.011680306152487488,-1.8,-22.17,4.41,0.0,0.0,68.78244367155604,-23.013095418115835,-1455.732390745501,-823.4886889460154,-84.09026160592772,578.57,141.06,0.0,1.06,0.08,6,2001,0.0,59.981859410430836,264.52
2001-09-30,15.119999999999976,-55.90999999999997,-0.8737193806624796,0.0,1.08,-12.489999999999995,-6.670000000000002,0.28,27.609999999999957,-13.939999999999998,12.68,0.0,1252.23,1357.26,50.77,1965.1,233.64,26.96,737.82,1493.87,606.75,2100.62,744.0,-135.52,2.8100000000000005,0.78,0.8600000000000003,5.820000000000002,-0.08395143981398681,-1.54,-15.5,3.26,0.0,0.0,-11.385153156608016,5.403123531949568,165.0203978716264,112.06121087196196,28.462882891520046,352.56,102.95,0.0,0.91,0.07,9,2001,0.0,63.99079754601228,208.61
2001-12-31,49.48000000000002,-46.01000000000002,-0.6196918819188195,0.0,2.74,-35.52000000000001,-26.5,0.28,84.99000000000001,-11.079999999999998,5.68,0.0,1211.72,1300.0,47.08,1844.85,14.36,28.5,1106.86,1237.59,787.47,2025.06,1112.33,-180.21,16.29,4.17,-27.45,9.02,-0.11485546620299932,-1.73,-11.24,2.19,0.0,0.0,-9.971662976629771,7.526851168511689,102.1274858548586,68.40945633456337,29.937626076260774,152.33,64.49,0.0,1.05,0.07,12,2001,0.0,74.24657534246575,162.6
2002-03-31,21.95,-45.15,-0.41,0.0,2.95,-14.01,-8.37,0.28,35.96,-15.37,5.09,0.0,1194.69,1286.06,44.42,1826.46,13.13,27.89,184.64,1260.4,791.37,2051.78,1112.33,-225.32,6.04,-0.39,-6.33,5.64,-0.17,-1.38,-9.11,-0.41,0.0,0.0,-9.88,-2.4,80.16,54.88000000000001,-9.92,-219.28,-205.69,0.0,1.02,0.07,3,2002,0.0,110.1219512195122,-45.15
2002-06-30,23.84,-42.220000000000006,-0.3817534622868262,0.0,1.58,-11.15,-7.220000000000001,0.28,34.99,-13.31,1.24,0.0,1177.83,1266.92,41.7,1802.8,14.7,27.92,1132.44,1276.25,794.08,2070.33,1112.33,-267.53,10.07,0.8300000000000001,-10.58,3.9300000000000006,-0.18107235907153005,-1.16,-7.74,-0.79,0.0,0.0,-9.374705276410667,-2.5707954675517914,63.12945862424173,93.59241845026898,-9.23940025180268,-206.7,-190.81,0.0,0.99,0.07,6,2002,0.0,110.59493670886076,-87.37
2002-09-30,57.29,40.050000000000004,0.3554733727810651,0.0,-2.41,-3.169999999999998,1.2899999999999991,0.28,60.459999999999994,-17.340000000000003,2.94,0.0,1140.1,1214.04,163.19,1715.72,12.87,29.01,1.43,617.24,1325.99,1943.23,1112.33,-227.51,25.730000000000004,0.24000000000000005,-24.27,4.459999999999999,0.1979051186017478,-1.37,-8.54,-0.42,0.0,0.0,9.343871513102282,5.213609467455622,-70.41758241758242,-88.25896027049875,8.734488588334743,-55.41,-45.91,0.0,1.97,0.12,9,2002,0.0,112.66666666666667,-47.32
2002-12-31,97.05,99.53,0.8959796973759815,0.0,8.57,-18.67,-11.239999999999998,0.28,115.72,-13.75,14.8,0.0,1056.21,1147.83,160.71,1646.84,17.42,26.9,1.43,501.07,1273.73,1774.8,1112.33,-127.96,49.28999999999999,-1.52,-39.88999999999999,7.4300000000000015,0.07868481864764393,-2.43,-13.87,0.47,0.0,0.0,24.17238843133499,-20.512216050565026,-311.1146523654472,-258.3471672093469,-31.2639724190768,27.87,26.09,0.0,2.29,0.18,12,2002,0.0,111.08510638297874,52.21
2003-03-31,49.7,-41.35,-0.37,0.0,2.02,-25.86,-22.26,0.28,75.56,-28.41,8.98,10.87,1022.85,1097.45,36.88,1582.05,8.18,29.08,726.45,895.88,855.46,1751.35,1112.33,-169.29,-9.51,1.97,-2.26,3.6,-0.19,-1.84,-10.35,-0.37,0.0,0.0,-10.44,-6.08,97.72,83.84,-15.08,-88.15,-83.2,0.0,1.22,0.08,3,2003,0.0,111.75675675675676,-41.35
2003-06-30,120.98,-14.629999999999995,-0.1306716684530189,0.0,13.32,-0.490000000000002,2.780000000000001,0.28,121.47999999999999,-3.16,14.02,10.87,981.79,1021.28,37.76,1504.95,2.54,25.73,1038.75,1157.56,531.26,1688.82,1112.33,-183.87,64.52,-2.64,-57.160000000000004,3.27,-0.5356937799043064,-1.69,-9.18,-0.5,0.0,0.0,-3.888788853161843,-1.6621436227224005,31.831618435155406,25.92525902107895,-7.934383708467308,-33.83,-32.8,0.0,0.88,0.03,6,2003,0.0,111.96,-55.98
2003-09-30,41.66,-25.470000000000006,-0.2282762430939227,0.0,-0.08999999999999986,-10.629999999999995,-6.390000000000001,0.28,52.29000000000002,-12.32,6.36,10.87,969.11,999.66,36.48,1479.46,10.21,26.43,1047.42,1160.17,528.56,1688.73,1112.33,-209.27,-8.169999999999995,-0.5299999999999999,6.060000000000002,4.239999999999999,-0.3037985865724381,-1.49,-8.07,-0.73,0.0,0.0,-6.892066298342543,-2.8894143646408845,48.682254143646425,46.65591160220995,-14.484596685082876,-39.65,-38.36,0.0,0.86,0.03,9,2003,0.0,111.57534246575344,-81.45
2003-12-31,57.91999999999999,242.01999999999998,2.1704477797845176,0.0,3.710000000000001,-8.230000000000004,-4.709999999999997,0.28,66.15,-6.100000000000001,11.72,4.51,939.83,973.16,35.66,1450.36,14.04,25.37,829.86,943.35,474.18,1417.54,1112.33,32.82,12.939999999999998,8.65,-16.230000000000004,3.5200000000000014,0.03151423436079663,9.49,43.19,1.44,0.0,0.0,66.74126922837392,-17.60474310269664,2949.6385327271596,-2035.035954412406,-53.778872765771936,63.6,59.41,0.0,1.03,0.04,12,2003,0.0,111.50694444444444,160.57
2004-03-31,56.9,8.83,0.08,0.0,12.58,15.4,18.89,0.28,41.5,-4.03,18.46,0.0,942.33,976.88,35.02,1451.61,1.4,26.77,834.4,943.03,466.99,1410.02,1112.33,41.6,19.67,2.2,-15.12,3.49,0.875,7.49,33.89,0.08,0.0,0.0,2.44,4.08,84.92000000000002,-55.32,12.12,23.56,15.52,0.0,1.04,0.04,3,2004,0.0,110.375,8.83
2004-06-30,83.37,24.910000000000004,0.22148784825133372,0.0,21.090000000000003,26.990000000000002,28.740000000000002,0.28,56.379999999999995,3.87,35.11,0.0,1043.38,1105.06,33.8,1401.38,0.01,23.24,404.55,533.31,801.68,1334.99,1112.33,66.38,28.379999999999995,-0.6600000000000001,-6.770000000000001,1.75,0.31491569650742673,4.69,20.11,0.3,0.0,0.0,7.117142857142857,8.623260225251927,150.1096976882039,-169.6006283343213,14.411475992886782,34.53,24.05,0.0,2.07,0.12,6,2004,0.0,112.46666666666668,33.74
2004-09-30,158.31999999999996,17.379999999999995,0.15639280125195615,0.0,22.83,3.789999999999999,5.509999999999998,0.28,154.54,1.89,5.26,0.0,946.66,976.35,31.96,1280.84,13.29,27.51,402.6,516.96,680.12,1197.08,1112.33,83.76,82.67999999999999,-9.059999999999999,-104.52,1.7199999999999998,0.4485500575373994,3.72,14.29,0.46,0.0,0.0,5.426150234741783,4.555790297339592,82.99697965571204,-110.78050078247259,8.227621283255084,20.11,17.12,0.0,1.89,0.06,9,2004,0.0,111.13043478260869,51.12
2004-12-31,164.07000000000005,286.68,2.5544902309058615,0.0,1.5900000000000034,61.87,63.75,0.28,102.18000000000004,-19.580000000000002,24.94,0.0,802.89,844.29,33.97,1135.68,9.05,28.81,177.43,318.36,394.74,713.11,1344.0,422.58,-87.75,119.95,-12.509999999999991,1.88,0.02651213897028045,0.89,1.69,3.01,0.0,0.0,100.95752753108347,28.379452930728238,271.37003197158083,503.5995026642984,44.877555950266434,100.31,73.01,0.0,2.65,0.13,12,2004,0.0,112.22591362126246,337.8
2005-03-31,62.35,-5.97,-0.04,0.0,10.2,-4.01,-2.07,0.28,66.37,-7.38,9.07,0.0,777.37,804.54,33.89,1095.9,11.24,24.43,176.95,318.96,360.33,679.29,1344.0,416.61,5.86,-1.94,-19.79,1.94,-1.75,0.9,1.63,-0.04,0.0,0.0,-2.16,-1.24,-5.72,-10.44,-2.08,-10.12,-9.57,0.0,2.52,0.09,3,2005,0.0,149.25,-5.97
2005-06-30,89.07,5.779999999999999,-0.0,,25.110000000000003,7.96,10.05,0.28,81.1,42.690000000000005,6.75,0.0,798.38,830.95,35.71,1105.13,9.7,53.06,176.46,326.42,356.34,682.76,1344.0,422.37,2.9899999999999993,15.26,-20.58,2.0900000000000003,-0.0,0.89,1.62,0.0,0.0,0.0,2.4336842105263155,-38.93894736842105,4.867368421052631,9.734736842105262,-62.058947368421045,-0.13,-0.13,0.0,2.55,0.1,6,2005,,-inf,-0.19
2005-09-30,319.18000000000006,120.52,0.9014210919970083,,41.209999999999994,122.57,125.43999999999998,0.28,196.60999999999999,-29.03,28.29,0.22,782.2,830.82,36.21,970.47,9.67,79.83,12.72,187.06,240.5,427.57,1344.0,542.91,140.72,-2.530000000000001,-116.65,2.87,0.07737782110852971,0.69,0.79,0.9,0.0,0.0,49.67831795894623,45.0309914402061,88.77996177179423,153.84253303415605,64.70200282556303,34.34,25.57,0.0,4.44,0.26,9,2005,,133.7,120.33
2005-12-31,85.63999999999999,-38.66,-0.2887547447042978,0.0,19.77000000000001,-36.67999999999999,-35.69999999999999,0.28,122.32,-4.74,9.49,0.0,744.4,773.85,22.0,893.12,11.07,83.72,12.26,182.02,207.07,389.08,1344.0,504.04,6.0400000000000205,7.490000000000002,-32.329999999999984,0.9799999999999995,-0.24293973098810145,0.75,0.77,0.61,0.0,0.0,-17.30634994490021,-16.776177298885756,-30.674274519407366,-33.381941961552585,-23.91457328272315,17.45,14.68,0.0,4.25,0.16,12,2005,0.0,133.88524590163934,81.67
2006-03-31,95.68,5.62,0.04,0.0,22.81,7.66,8.66,1.48,88.02,0.97,7.72,0.23,738.21,766.17,13.89,879.28,14.41,113.49,3.86,190.73,178.87,369.6,1344.0,509.68,31.39,-0.12,-33.04,1.0,9.25,3.9,0.73,0.04,0.0,0.0,2.56,3.12,4.4,4.84,4.44,6.32,5.87,0.0,4.02,0.15,3,2006,0.0,140.5,5.62
2006-06-30,131.98999999999998,3.749999999999999,0.028014941302027748,0.0,32.129999999999995,6.5600000000000005,7.469999999999999,0.92,125.42999999999999,5.13,10.99,0.0,702.85,745.92,12.97,823.18,0.0,38.01,3.85,65.54,244.23,309.77,1344.0,513.4,-15.790000000000001,-0.07,19.14,0.9099999999999999,8.208120000000001,2.41,0.6,0.07,0.0,0.0,1.8249733191035213,2.3532550693703302,2.9295624332977583,3.201707577374599,3.0096051227321228,4.27,4.12,0.0,11.38,0.66,6,2006,0.0,133.85714285714283,9.37
2006-09-30,93.20000000000002,0.5300000000000011,0.003747474747474756,0.0,22.680000000000007,4.0600000000000005,5.280000000000001,0.86,89.13999999999999,2.5700000000000003,18.28,0.0,737.6,773.41,13.77,855.85,3.11,20.4,3.98,104.23,237.67,341.9,1344.0,513.95,-37.38,-1.45,46.12,1.22,57.11179245283007,2.24,0.67,0.07,0.0,0.0,0.2484040404040409,0.4282828282828292,0.41329292929293016,0.40044444444444527,0.5203636363636375,3.18,3.09,0.0,7.42,0.34,9,2006,0.0,141.42857142857142,9.9
2006-12-31,78.93,-5.9,-0.04425,0.0,13.530000000000001,-3.0600000000000005,-2.0599999999999987,0.82,81.99000000000001,-13.7,13.11,0.0,728.72,756.77,12.95,835.95,12.72,25.26,3.39,119.79,208.12,327.92,1344.0,508.04,6.3100000000000005,-0.28,-11.2,1.0,-4.65593220338983,2.18,0.65,0.03,0.0,0.0,-2.832,-10.384,-4.6610000000000005,-4.6610000000000005,-12.567,1.05,1.0,0.0,6.32,0.23,12,2006,0.0,133.33333333333334,4.0
2007-03-31,69.7,-14.44,-0.10999999999999999,0.0,13.26,-11.99,-11.02,0.9,81.69,-13.7,17.68,0.0,731.76,773.04,16.47,849.31,9.12,57.76,3.42,173.0,182.71,355.71,1344.0,493.6,38.38,-4.62,-29.19,0.97,-2.055,2.46,0.72,-0.11,0.0,0.0,-6.8,-5.56,-11.72,-11.52,-7.08,-21.24,-20.72,0.0,4.47,0.24,3,2007,0.0,131.27272727272728,-14.44
2007-06-30,55.89999999999999,5.529999999999999,0.04344556677890011,0.0,16.119999999999997,-7.0600000000000005,-5.620000000000001,0.88,62.97,-8.8,50.89,0.0,844.13,913.86,15.67,1247.92,57.1,59.11,57.97,292.83,455.94,748.77,1344.0,499.16,-119.91,-50.06,203.19,1.4400000000000002,5.0632323688969265,2.37,1.5,-0.07,0.0,0.0,1.7626487093153758,4.567991021324354,4.419034792368126,4.369382716049382,4.9403815937149265,-7.29,-7.09,0.0,3.12,0.24,6,2007,0.0,127.28571428571428,-8.91
2007-09-30,27.180000000000007,-22.85,-0.1726700251889169,0.0,6.52,-14.749999999999996,-12.82,0.84,41.920000000000016,-15.880000000000003,11.96,0.0,981.11,1012.96,13.97,1344.42,62.93,35.02,54.94,319.81,548.28,868.08,1344.0,476.33,-163.93,-0.11999999999999744,125.12,1.9299999999999997,-1.2161925601750547,2.37,1.82,-0.24,0.0,0.0,-6.791687657430731,-8.834949622166246,-19.19515113350126,-18.44691435768262,-9.496851385390428,-21.43,-20.79,0.0,3.17,0.1,9,2007,0.0,132.33333333333334,-31.76
2007-12-31,81.85999999999999,-52.14,-0.3915160905840286,0.0,19.4,-41.99000000000001,-40.169999999999995,0.8,123.85,-4.779999999999994,18.58,0.22,986.41,1030.63,12.11,1349.62,58.83,55.71,175.49,506.49,418.92,925.41,1344.0,424.21,129.51,-48.06,-74.84,1.8200000000000003,-0.5108985423858842,2.53,2.18,-0.63,0.0,0.0,-15.461778307508938,-17.251566150178785,-49.16944934445769,-44.74469606674612,-22.34748986889154,-36.72,-35.76,0.0,2.03,0.09,12,2007,0.0,133.1746031746032,-83.9
2008-03-31,97.16,-15.41,-0.11,0.0,21.17,-2.25,-0.99,0.82,99.4,-3.4,17.12,0.03,1192.78,1237.94,10.42,1336.5,56.31,45.65,158.98,492.85,434.86,927.71,1344.0,408.79,16.2,-0.08,-17.58,1.26,-1.855,2.68,2.27,-0.11,0.0,0.0,-4.6,-0.84,-15.08,-13.68,-1.08,-16.05,-15.86,0.0,2.51,0.09,3,2008,0.0,140.0909090909091,-15.41
2008-06-30,92.81,-7.91,-0.05766295025728989,0.0,23.4,4.59,5.82,0.68,88.22999999999999,2.88,9.34,0.0,1225.77,1245.81,10.65,1343.96,37.46,88.77,142.91,516.4,426.69,943.09,1344.0,400.87,51.55,-1.1199999999999999,-58.2,1.2300000000000002,-2.9481668773704173,2.28,2.35,-0.17,0.0,0.0,-2.360789022298456,0.24421955403087475,-7.896432246998286,-7.028096054888508,0.37989708404802747,-12.46,-12.28,0.0,2.41,0.04,6,2008,0.0,137.17647058823528,-23.32
2008-09-30,137.77,1.6900000000000013,0.009375866851595013,0.0,32.309999999999995,13.79,14.639999999999999,0.65,123.98000000000002,11.309999999999999,31.92,0.0,1339.76,1388.09,8.85,1449.79,24.86,161.2,112.5,564.62,482.67,1047.3,336.0,402.49,22.430000000000007,0.49,-0.3400000000000034,0.8499999999999996,17.342396449704125,0.54,2.6,-0.12,0.0,0.0,0.4656680536292191,-0.3594082293111422,1.6782801664355078,1.5376421636615825,-0.5688025889967643,-6.71,-6.6,0.0,2.46,0.09,9,2008,0.0,180.25,-21.63
2008-12-31,159.01999999999998,3.8900000000000006,0.017542277339346116,0.0,40.45,15.86,16.450000000000003,0.47,143.14999999999998,15.79,20.09,0.0,1365.31,1404.64,7.9,1492.97,17.94,152.7,89.13,537.74,548.9,1086.63,336.0,406.34,-41.190000000000005,-0.18000000000000005,29.540000000000006,0.5900000000000003,6.703804627249355,0.39,2.67,-0.08,0.0,0.0,1.0437655016910938,-1.973506200676438,3.8329875986471262,3.745276211950395,-2.9383314543404744,-3.69,-3.64,0.0,2.61,0.07,12,2008,0.0,221.74999999999997,-17.74
2009-03-31,73.92,-13.6,-0.04,0.0,24.1,0.78,1.44,0.42,73.14,0.45,25.8,0.0,1449.17,1592.93,7.42,1677.8,16.27,239.24,35.16,653.53,631.53,1285.06,336.0,392.73,-97.75,0.6,102.86,0.66,-2.6249999999999996,0.36,3.27,-0.04,0.0,0.0,-3.24,0.2,-13.839999999999998,-13.56,0.32,-19.01,-18.4,0.0,2.44,0.22,3,2009,0.0,340.0,-13.6
2009-06-30,450.65000000000003,100.47999999999999,0.30069981583793737,0.0,161.11,144.53,145.15,0.6,306.12,139.97,24.01,0.0,1054.81,1120.84,224.06,1422.22,13.48,214.48,31.27,588.03,340.91,928.94,336.0,493.28,306.11,-0.039999999999999925,-307.86,0.62,0.4993351910828026,0.41,1.88,0.26,0.0,0.0,28.265782688766116,48.62084714548803,81.46651933701658,89.88611418047881,80.58755064456722,16.72,16.56,4.6,1.91,0.11,6,2009,0.0,334.15384615384613,86.88
2009-09-30,347.12,64.48000000000002,0.19170190274841442,0.0,111.46000000000001,87.0,89.44,1.03,260.12,80.71000000000001,71.84,0.0,853.98,948.16,218.77,1249.24,11.7,132.92,31.41,423.96,267.47,691.43,336.0,557.8,174.53999999999996,6.300000000000001,-133.0,2.4400000000000004,1.343883374689826,0.62,1.24,0.45,0.0,0.0,20.65268498942918,29.32613107822411,46.24701902748416,53.71061310782242,47.968076109936575,17.59,17.36,5.43,2.24,0.22,9,2009,0.0,336.35555555555555,151.36
2009-12-31,259.97,34.44,0.10194833153928955,0.0,78.52999999999997,55.89999999999998,59.140000000000015,1.44,204.08000000000004,56.43000000000001,73.75,0.0,688.78,772.86,224.47,1085.87,0.0,0.0,99.38,281.78,211.85,493.63,336.0,592.23,84.11000000000001,-2.04,-80.17000000000002,3.2399999999999998,3.5336527293844373,0.82,0.83,0.55,0.0,0.0,12.686079655543594,16.57123789020452,23.259048439181914,27.589072120559738,26.57329601722282,16.64,16.42,5.61,2.74,0.3,12,2009,0.0,337.8181818181818,185.8
2010-03-31,215.64,40.76,0.11999999999999998,0.0,75.3,59.7,62.14,1.55,155.93,56.8,106.99,1.23,580.15,701.45,222.13,1011.16,0.0,12.85,61.0,184.79,193.35,378.14,336.0,633.01,136.57,-0.08,-103.26,2.44,3.23,0.82,0.6,0.12,0.0,0.0,16.12,17.76,25.759999999999998,31.8,28.880000000000003,19.42,18.9,9.14,3.8,0.66,3,2010,0.0,339.6666666666667,40.76
2010-06-30,124.02000000000004,6.25,0.01861306105084025,0.12,37.0,15.679999999999993,18.689999999999998,1.39,108.34999999999997,12.060000000000002,64.67,1.57,525.44,605.99,219.28,912.17,0.0,9.84,25.79,132.51,180.71,313.22,336.0,598.95,50.56999999999999,-0.35,-92.54,3.0100000000000002,18.672372,0.78,0.52,0.14,0.12,0.86,2.7387789831950653,3.4354392682408004,4.174643692831313,4.5788130185067,5.142522867475006,14.34,13.84,6.97,4.57,0.61,6,2010,40.29428571428571,335.7857142857142,47.01
2010-09-30,81.29999999999995,-4.489999999999995,-0.013727657572906851,-0.0031951350624915727,19.820000000000007,-0.6299999999999955,2.4099999999999966,1.36,81.94000000000005,-3.450000000000003,69.74,1.57,498.99,587.15,216.39,887.77,0.0,7.65,14.02,115.91,177.14,293.05,336.0,594.72,28.99000000000001,0.19,-24.099999999999994,3.04,-24.76387527839647,0.77,0.49,0.13,0.12,0.92,-2.0232455315145788,-2.956726246472245,-3.0200846660395073,-3.1172342427093094,-4.088730009407333,10.54,10.1,5.02,5.07,0.76,9,2010,-1.045054945054936,327.0769230769231,42.52
2010-12-31,90.17000000000002,2.6899999999999977,0.007735014377350137,0.0071400132714001295,25.99000000000001,7.859999999999999,10.88000000000001,1.25,82.29999999999995,4.88000000000001,109.88,0.87,491.24,620.74,213.56,918.82,0.0,11.13,35.06,109.4,212.02,321.42,336.0,597.4,9.930000000000007,-0.45999999999999996,30.670000000000016,3.0199999999999996,40.420092936803,0.7,0.54,0.13,0.12,0.92,1.1709621765096208,1.9611236452112346,1.801663348816632,1.8088033620880322,2.429984516699843,9.27,8.85,4.58,5.67,1.18,12,2010,2.483076923076922,347.7692307692308,45.21
2011-03-31,50.97,-10.18,-0.030000000000000002,0.0,12.91,-6.28,-3.22,1.08,57.25,-9.13,90.22,0.0,497.25,602.48,5.55,900.02,0.0,7.57,55.15,129.13,190.44,319.57,336.0,580.45,-4.12,-3.1,-12.88,3.06,-9.0,0.63,0.55,-0.03,0.0,0.0,-4.52,-2.6399999999999997,-7.0,-6.720000000000001,-3.2400000000000007,-21.65,-19.97,-1.52,4.67,0.81,3,2011,0.0,339.3333333333333,-10.18
2011-06-30,56.09,-4.1899999999999995,-0.011663187195546276,0.05,16.12,0.11000000000000032,3.27,0.97,55.980000000000004,-1.1599999999999984,51.1,0.0,502.64,567.19,4.98,867.98,0.0,8.89,67.7,136.73,171.79,308.52,336.0,559.46,-12.969999999999999,0.77,-26.919999999999995,3.1599999999999997,-20.79191527446301,0.58,0.55,-0.04,0.05,-1.25,-1.9360890744606818,-0.804759916492693,-2.9974391092553927,-2.8924704244954764,-0.9797077244258872,-14.65,-13.42,-0.78,4.15,0.47,6,2011,17.962500000000002,359.25,-14.37
2011-09-30,94.97999999999999,6.059999999999999,0.021877256317689525,-0.014846570397111916,26.42,7.27,10.479999999999999,0.99,87.7,4.6499999999999995,47.23,0.0,528.52,591.8,4.54,893.34,0.0,5.59,15.07,101.94,225.88,327.82,336.0,565.52,0.21000000000000085,-0.9299999999999997,-3.1500000000000057,3.21,11.313118811881191,0.59,0.58,-0.03,0.05,-1.67,2.712779783393501,-0.3500361010830324,4.287942238267147,4.171263537906136,-0.4083754512635378,-4.42,-4.11,0.09,5.81,0.62,9,2011,-4.112500000000001,277.0,-8.31
2011-12-31,295.59000000000003,59.830000000000005,0.17419448757763975,0.009675854037267083,114.88000000000001,86.84,89.94,1.05,208.76,86.65,185.25,7.18,394.33,588.67,4.21,841.99,0.0,40.75,18.91,91.44,125.22,216.66,336.0,625.33,239.23,-0.18000000000000016,-101.02999999999999,3.0999999999999996,1.506936319572121,0.56,0.35,0.15,0.05,0.33,28.428540372670806,46.40541149068323,38.27633540372671,39.15892080745342,54.44158385093168,10.74,10.35,5.33,6.44,2.13,12,2011,3.323333333333334,343.4666666666667,51.52
2012-03-31,108.43,3.72,0.01,0.0,30.66,10.7,13.71,1.24,97.73,8.1,144.37,4.67,329.13,580.58,3.92,827.98,0.0,46.16,16.32,84.96,113.97,198.93,336.0,629.05,75.79,-100.08,-16.58,3.01,31.0,0.66,0.32,0.01,0.0,0.0,1.8,4.96,2.36,2.48,5.76,3.6,3.43,4.51,6.83,2.96,3,2012,0.0,372.0,3.72
2012-06-30,58.48999999999998,-3.54,-0.0,,16.74,1.9000000000000004,4.879999999999999,1.1,56.58999999999999,-1.6799999999999997,58.03,3.46,478.31,642.03,3.82,886.03,0.0,135.56,17.28,167.82,109.49,277.32,336.0,608.72,-63.21000000000001,-0.23999999999999488,-22.9,2.9800000000000004,-0.0,0.61,0.46,0.0,0.05,0.0,-1.5733333333333335,-113.28,-2.36,-2.36,-137.66666666666669,0.12,0.11,2.72,3.83,0.98,6,2012,inf,inf,0.18
2012-09-30,59.72,-2.2800000000000002,-0.010857142857142859,-inf,16.190000000000005,1.5700000000000003,4.580000000000002,1.17,58.16,-1.2800000000000002,79.09,3.29,449.14,534.34,3.51,875.5,100.0,34.1,18.24,164.01,105.06,269.07,336.0,606.44,-172.96,100.05,93.97,3.01,-26.94078947368421,0.65,0.44,-0.01,0.05,-5.0,-1.0422857142857143,6.948571428571429,-1.52,-1.5634285714285714,8.642285714285714,-1.0,-0.93,2.08,3.26,0.52,9,2012,-inf,210.0,-2.1
2012-12-31,102.96000000000004,11.07,0.03702341137123745,0.014882943143812716,32.67999999999999,19.07,22.07,1.2,83.88000000000002,14.96,78.04,6.66,391.85,630.48,3.21,867.34,0.0,17.7,19.2,49.21,200.63,249.83,336.0,617.51,157.53,-151.29999999999998,-7.280000000000001,3.0,8.102981029810298,0.65,0.4,0.03,0.05,1.67,5.084548494983277,19.202809364548493,7.1578595317725755,7.108494983277591,20.04200668896321,2.92,2.72,3.24,12.81,4.85,12,2012,4.450000000000003,299.00000000000006,8.97
2013-03-31,60.18,4.63,0.01,0.0,24.29,8.51,11.43,1.24,51.66,5.6,246.94,8.42,374.83,633.62,3.0,877.31,0.0,19.13,19.49,49.46,195.89,245.35,336.0,631.96,25.08,150.64,-6.81,2.92,31.0,0.66,0.39,0.01,0.0,0.0,2.12,4.0,2.9200000000000004,2.9200000000000004,4.12,8.44,7.69,4.23,12.81,5.23,3,2013,0.0,463.0,4.63
2013-06-30,52.449999999999996,3.920000000000001,0.013754385964912281,0.05,15.030000000000001,0.8800000000000008,3.83,1.19,51.58,-1.9699999999999998,95.97,3.78,357.38,615.12,2.77,861.36,0.0,18.76,19.78,51.27,191.0,242.28,336.0,619.08,26.240000000000002,-153.85999999999999,-23.360000000000003,2.95,21.6312818877551,0.65,0.39,0.03,0.05,1.67,1.8155789473684212,1.9622923976608193,2.53080701754386,2.5491461988304094,2.127345029239766,8.38,7.59,2.49,12.0,5.03,6,2013,14.250000000000004,285.00000000000006,8.55
2013-09-30,34.670000000000016,-0.33000000000000007,-0.0008029197080291973,0.015328467153284665,11.11,3.369999999999999,6.340000000000002,1.17,31.299999999999997,-6.15,88.84,3.17,376.5,627.68,2.81,865.16,0.0,22.8,20.06,64.88,181.54,246.41,336.0,618.74,1.1599999999999966,-1.4,-6.890000000000001,2.9699999999999998,-364.2954545454545,0.64,0.4,0.02,0.05,2.5,-0.15255474452554746,-0.23605839416058397,-0.21357664233576645,-0.21518248175182486,-0.2553284671532847,6.23,5.58,2.18,9.67,3.87,9,2013,6.299999999999997,411.0,8.22
2013-12-31,29.869999999999976,-1.8900000000000006,-0.005971563981042656,-0.014928909952606633,8.79,-1.299999999999999,1.6699999999999982,1.12,31.159999999999997,-9.3,56.89,3.59,397.0,618.17,2.66,854.35,0.0,15.45,20.35,65.22,172.53,237.74,336.0,616.61,-15.139999999999993,-0.21999999999999975,-16.589999999999996,2.9700000000000006,-46.88888888888888,0.61,0.39,0.02,0.05,2.5,-0.883791469194313,-1.5884360189573465,-1.2301421800947872,-1.2301421800947872,-1.7317535545023701,4.11,3.57,0.82,9.48,3.39,12,2013,-4.725,316.5,6.33
2014-03-31,28.65,-7.03,-0.02,0.0,6.85,-6.15,-3.25,1.23,34.8,-11.07,49.62,2.58,416.0,600.7,2.66,835.9,0.0,16.28,85.25,129.67,96.65,226.32,336.0,609.58,-21.34,28.62,-14.55,2.9,-15.375,0.68,0.37,-0.02,0.0,0.0,-3.36,-2.88,-4.6,-4.52,-3.48,-29.64,-24.54,-1.96,4.63,1.42,3,2014,0.0,351.5,-7.03
2014-06-30,39.300000000000004,-5.239999999999999,-0.017082314588427055,0.05,11.110000000000001,-3.4800000000000004,-0.5499999999999998,1.46,42.78,-7.59,56.61,2.25,433.57,603.92,2.38,837.97,0.0,10.68,80.16,139.52,110.91,250.43,336.0,587.54,-1.6400000000000006,18.98,-10.36,2.93,-21.36712786259542,0.83,0.43,-0.04,0.05,-1.25,-2.4940179299103504,-1.9303015484922572,-3.5702037489812546,-3.467709861450692,-2.3573594132029334,-20.82,-18.06,-1.58,4.33,1.22,6,2014,15.3375,306.75,-12.27
2014-09-30,52.53,-2.360000000000001,-0.006452494873547508,0.008065618591934384,16.299999999999997,2.920000000000001,5.88,3.64,49.61,-1.7699999999999996,49.76,1.18,443.6,583.74,4.11,820.23,0.0,15.66,75.46,135.16,99.9,235.05,336.0,585.18,-4.140000000000001,18.499999999999993,-21.209999999999997,2.959999999999999,-141.030720338983,2.09,0.4,-0.04,0.05,-1.25,-1.1485440874914565,-0.5161995898838007,-1.613123718386877,-1.5679562542720444,-0.6323444976076558,-13.7,-12.14,-0.74,4.32,1.04,9,2014,2.950000000000001,365.75,-14.63
2014-12-31,86.67,1.6000000000000014,0.004911742133537993,-0.0061396776669224865,20.9,7.88,10.94,2.42,78.78999999999999,0.05999999999999872,38.9,3.24,411.84,527.83,3.78,761.78,0.0,12.42,92.69,141.21,33.78,175.0,336.0,586.78,26.55,14.460000000000008,-51.85,3.0600000000000005,123.17421874999988,1.39,0.3,-0.04,0.05,-1.25,0.839907904834997,-0.06876438986953193,1.0904067536454347,1.0658480429777446,-0.09332310053722188,-7.02,-6.29,0.1,3.74,0.82,12,2014,-2.0,325.75,-13.03
2015-03-31,39.62,-4.33,-0.01,0.0,8.66,-3.16,-0.17,2.84,42.78,-9.47,14.49,1.98,414.94,506.26,3.47,739.17,0.0,20.61,38.3,88.23,68.49,156.72,336.0,582.45,-2.23,-0.59,-21.6,2.99,-71.0,1.64,0.27,-0.01,0.0,0.0,-2.36,-1.6,-2.96,-2.92,-1.96,-13.0,-10.93,-1.7,5.74,1.04,3,2015,0.0,433.0,-4.33
2015-06-30,63.46,0.45999999999999996,0.0011886304909560722,0.0,15.419999999999998,2.3000000000000003,5.32,3.02,61.150000000000006,-3.6799999999999997,37.88,1.95,394.22,486.62,3.13,717.05,0.0,15.76,23.26,68.83,65.31,134.14,336.0,582.91,19.84,22.72,-19.17,3.0199999999999996,635.1847826086957,1.74,0.23,-0.01,0.0,0.0,0.2567441860465116,0.05229974160206718,0.31379844961240305,0.31379844961240305,0.06180878552971576,-4.26,-3.75,-0.25,7.07,1.34,6,2015,0.0,387.0,-3.87
2015-09-30,76.3,-12.2,-0.037958929682638455,0.0,16.21,0.6799999999999999,3.7300000000000004,2.88,75.63,-5.01,61.9,3.25,350.39,469.04,2.9,682.3,0.0,16.84,10.32,49.14,62.45,111.59,336.0,570.71,40.56,-1.5700000000000003,-14.969999999999999,3.0500000000000007,-18.96786885245902,1.7,0.2,-0.05,0.0,0.0,-7.16664592408214,-0.060734287492221525,-8.563534536403235,-8.442065961418791,-0.0911014312383323,-9.96,-8.96,-0.06,9.54,2.41,9,2015,0.0,321.4,-16.07
2015-12-31,57.56999999999999,-2.0700000000000003,-0.005705622932745315,0.0,10.119999999999997,0.45,3.5,2.16,57.120000000000005,-9.23,76.81,2.69,314.2,445.87,2.58,660.91,0.0,20.82,10.33,35.38,56.9,92.27,336.0,568.64,18.909999999999997,0.6500000000000021,-4.640000000000001,3.049999999999999,-94.64347826086956,1.28,0.16,-0.05,0.0,0.0,-1.250672546857773,0.01825799338478501,-1.4560749724366044,-1.433252480705623,0.01825799338478501,-8.67,-7.66,0.05,12.6,3.72,12,2015,0.0,362.8,-18.14
2016-03-31,11.1,-10.52,-0.03,0.0,1.27,-9.68,-6.76,2.18,20.77,-15.58,64.1,3.5,314.71,434.84,2.37,644.97,0.0,17.1,10.34,32.67,54.41,87.08,336.0,557.89,-9.15,-0.13,-3.43,2.92,-18.1675,1.31,0.16,-0.03,0.0,0.0,-6.52,-5.6,-7.5600000000000005,-7.3999999999999995,-6.32,-202.31,-94.77,-11.39,13.31,3.68,3,2016,0.0,350.6666666666667,-10.52
2016-06-30,15.72,-10.09,-0.029374090247452692,0.0,2.23,-9.71,-6.859999999999999,2.14,25.430000000000003,-15.88,38.08,2.38,318.51,414.23,2.23,631.86,0.0,14.2,10.35,32.17,51.89,84.07,336.0,547.8,-20.060000000000002,-2.58,-3.3799999999999994,2.8499999999999996,-18.215032210109023,1.31,0.15,-0.06,0.0,0.0,-6.383968947113051,-5.6202426006792825,-7.3631052886948085,-7.147695293546822,-6.325220766618147,-139.82,-76.85,-11.75,12.88,2.98,6,2016,0.0,343.5,-20.61
2016-09-30,25.130000000000003,-2.75,-0.008240582191780824,0.0,8.4,-2.1799999999999997,0.7099999999999991,1.86,27.319999999999993,3.900000000000002,40.64,1.07,319.28,416.41,2.44,625.76,0.0,10.94,10.35,31.5,48.85,80.35,336.0,545.41,-1.3299999999999983,7.25,-3.3500000000000005,2.8900000000000006,-56.42501818181818,1.15,0.15,-0.07,0.0,0.0,-1.7564212328767126,-1.5539383561643836,-2.0154109589041096,-1.9730308219178083,-1.709332191780822,-50.83,-44.97,-8.91,13.22,3.08,9,2016,0.0,333.71428571428567,-23.36
2016-12-31,57.11999999999999,-2.2300000000000004,-0.006971473231731146,0.0,8.959999999999999,-0.7300000000000004,1.6400000000000006,1.92,57.86,-5.720000000000002,79.29,1.87,284.69,421.9,2.92,620.66,0.0,9.91,10.36,32.21,46.1,78.3,336.0,542.36,43.3,-1.29,-3.379999999999999,2.369999999999999,-68.85201793721971,1.19,0.14,-0.08,0.0,0.0,-1.436123485736616,-1.2130363423212196,-1.6452676826885506,-1.6069245799140295,-1.3210941774130522,-26.09,-23.46,-6.95,13.1,4.26,12,2016,0.0,319.875,-25.59
2017-03-31,11.44,-8.62,-0.03,0.0,2.67,-7.94,-5.22,2.3,19.38,-8.4,70.11,1.87,281.19,409.54,2.9,606.02,0.0,9.71,10.37,28.42,43.86,72.28,336.0,533.74,-5.51,-0.15,-3.51,2.72,-19.1675,1.45,0.14,-0.03,0.0,0.0,-5.68,-5.08,-6.48,-6.32,-5.48,-78.51,-75.35,-8.54,14.41,4.52,3,2017,0.0,287.3333333333333,-8.62
2017-06-30,6.020000000000001,-10.980000000000002,-0.033612244897959186,0.0,1.2600000000000002,-10.309999999999999,-7.56,2.1,16.34,-10.69,61.59,2.45,281.19,401.91,2.58,596.0,0.0,8.99,10.38,31.55,41.68,73.23,336.0,522.76,-4.859999999999999,-0.41000000000000003,-3.25,2.7499999999999996,-15.619307832422583,1.35,0.14,-0.06,0.0,0.0,-7.372285714285715,-6.65522448979592,-8.403061224489797,-8.201387755102042,-7.237836734693878,-117.86,-112.26,-11.55,12.74,3.83,6,2017,0.0,326.6666666666667,-19.6
2017-09-30,25.65,-5.579999999999998,-0.015512311358220808,0.0,5.710000000000001,-4.890000000000001,-2.33,1.98,30.53,-5.57,73.48,2.15,266.64,399.22,2.34,590.7,0.0,9.75,10.35,34.66,38.86,73.53,336.0,517.18,15.209999999999999,-0.29999999999999993,-3.0199999999999996,2.5599999999999996,-31.914973118279576,1.29,0.14,-0.07,0.0,0.0,-3.7761397934868928,-3.3683876092136606,-4.316854646544876,-4.201620333598092,-3.6874980142970606,-60.56,-58.41,-11.51,11.52,3.83,9,2017,0.0,359.71428571428567,-25.18
