,revenue,net_profit,eps,dps,gross_profit,ebit,ebitda,close_price,expense,operating_profit,cash,account_receivable,inventory,current_asset,property_plant_equipment,total_asset,short_term_loan,account_payable,current_portion_long_term_debt,current_liability,non_current_liability,total_liability,paid_in_capital,total_equity,cash_flow_operation,cash_flow_investment,cash_flow_financing,depreciation,P/E,P/BV,D/E,EPS,DPS,DPR%,ROA%,ROAA%,ROE%,ROAE%,ROCE%,NPM%,NPMA%,TIE,CurrentRatio,QuickRatio,month,year,dividend,number_of_shares,return_old
2001-12-31,,,,,,,,34.5,,,10863.33,27773.36,6077.16,124945.23,109797.89,291216.0,18.49,26498.56,13127.56,82519.58,138570.37,221089.95,27972.46,57979.27,,,,,,16.64,3.81,1.3,0.0,0.0,,,,,,3.35,3.29,0.0,1.51,1.44,12,2001,,2271.876923076923,2953.44
2002-03-31,89994.51,5323.79,1.9,0.0,12442.5,11023.12,13775.79,35.75,78971.39,8196.32,30596.22,43589.8,7197.37,112412.02,123824.16,293971.24,14.98,33085.98,8913.62,69965.51,146963.04,216928.55,27972.46,63258.02,4867.15,14383.27,-12130.26,2752.67,4.705,15.81,3.43,1.9,0.0,0.0,7.24,0.0,33.68,0.0,19.68,6.11,5.92,0.0,1.61,1.5,3,2002,0.0,2801.9947368421053,5323.79
2002-06-30,99667.76,7465.04,2.6675804432461767,2.5,14228.970000000001,13985.699999999999,16859.02,36.0,85682.06000000001,9964.869999999999,29272.32,46837.18,7482.22,110338.66,124111.32,294825.67,122.2,33160.11,14120.58,70444.32,141036.34,211480.66,27972.46,69376.5,8160.880000000001,-29258.989999999998,-8914.4,2873.3199999999997,3.3749310251519082,14.52,3.05,4.57,2.5,0.55,10.133303390536899,0.0,43.03151647179609,0.0,26.033717236056777,7.0,6.74,0.0,1.57,1.46,6,2002,6996.0776805251635,2798.4310722100654,12788.83
2002-09-30,104576.74000000002,4393.339999999998,1.5699476608600655,-2.863191462477423e-05,16076.470000000001,11089.46,14059.119999999999,41.0,93487.28999999998,11339.18,29142.59,44035.35,8668.59,104066.93,124354.11,287494.8,98.66,26852.28,14294.78,60155.3,138055.43,198210.72,27972.46,73878.56,5445.030000000001,-1396.9300000000003,-4957.119999999999,2969.66,6.531300536721494,15.52,2.68,6.14,2.5,0.41,6.1161478905167375,0.0,23.78956520625741,0.0,16.241543227659832,5.97,5.84,0.0,1.73,1.59,9,2002,-0.08012352190689853,2798.3990228013026,17182.17
2002-12-31,115095.62,7324.630000000001,2.6182022459072587,-0.0007319845654480108,11951.129999999997,13226.440000000002,16155.919999999998,42.25,101869.16999999998,10934.420000000002,33657.52,50422.03,6660.6,108802.77,124737.13,296592.27,23.87,33023.82,11815.19,64308.97,134986.92,199295.89,27972.46,81169.72,11561.77,-796.8599999999988,-5781.120000000003,2929.4799999999996,4.03169771032803,14.56,2.46,8.76,2.5,0.29,9.875045913787195,20.06092862389215,36.0929341570503,42.1064306396592,25.381019945484525,6.13,5.99,0.0,1.69,1.59,12,2002,-2.0477853137581405,2797.5799086757993,24506.8
2003-03-31,130803.96,10812.82,3.87,0.0,17124.35,17907.92,20942.28,45.5,112896.04,13799.41,41310.03,48483.58,2478.96,111268.91,129223.0,311002.77,281.75,31505.37,10448.78,62914.75,139475.46,202390.22,27972.46,91623.28,13951.44,-6475.42,151.33,3034.36,2.94,13.89,2.21,3.87,0.0,0.0,13.92,23.68,47.2,55.84,28.88,8.57,8.27,0.0,1.77,1.73,3,2003,0.0,2794.0103359173127,10812.82
2003-06-30,122924.30999999998,6810.91,2.434713480063528,2.85,14525.330000000002,13802.84,16794.660000000003,66.5,109121.47000000002,11337.939999999999,32600.33,46203.8,2390.49,101149.6,129801.09,301142.9,38.64,30753.12,18045.55,65701.63,128412.74,194114.38,27972.46,90484.05,9714.499999999998,-5245.4400000000005,-12905.2,2991.82,6.831193952056333,20.56,2.15,6.3,2.85,0.45,9.043221497378818,16.447842176429166,30.113154661357157,34.0859887208894,20.822597191400458,7.15,6.95,0.0,1.54,1.5,6,2003,7972.639761904762,2797.41746031746,17623.73
2003-09-30,126855.42000000001,10336.380000000001,3.696830949520585,-0.0014336180740209849,15449.349999999999,17244.48,20294.0,83.0,109610.94,12029.849999999999,34874.19,49130.2,5275.42,105754.39,133523.78,312059.29,575.14,29990.29,18053.73,66662.48,126589.34,193251.82,27972.46,100884.13,11357.290000000005,-7577.23,-828.3999999999996,3049.5200000000004,5.612915571021963,23.01,1.92,10.0,2.85,0.29,13.249442123081778,24.14769976226846,40.990461568284246,47.31943615386349,29.500710977174272,7.6,7.35,0.0,1.59,1.51,9,2003,-4.008411904761488,2796.011,27960.11
2003-12-31,132159.49,11440.870000000003,4.091315959653795,0.00037504850133207064,16984.440000000002,17729.32,19912.880000000005,185.0,114430.16999999998,13143.32,56442.96,44337.9,5596.19,125337.67,122093.28,324605.37,0.0,31031.72,17764.28,69675.46,126000.73,195676.18,27972.46,112309.91,18056.059999999998,-7739.799999999999,10935.61,2183.5599999999995,11.304535131506606,46.08,1.74,14.09,2.85,0.2,14.100376366273125,24.93699181086359,40.744744887056115,47.307111153072846,30.384336552035005,7.98,7.68,0.0,1.8,1.72,12,2003,1.0487777501784876,2796.378992193045,39400.98
2004-03-31,143622.31,12274.4,4.39,4.0,17608.53,19414.61,23857.79,140.0,124207.69,13808.36,59766.35,54845.0,4633.18,141223.7,136703.42,360472.74,649.44,42976.07,19179.33,89724.42,127432.55,217156.98,27972.46,125282.78,21119.28,-18091.61,-160.49,4443.18,7.9725,31.26,1.73,4.39,4.0,0.91,13.639999999999999,23.12,39.2,45.28,28.679999999999996,8.9,8.55,0.0,1.57,1.52,3,2004,11183.963553530752,2795.990888382688,12274.4
2004-06-30,157097.83000000002,14082.9,5.0331755528828825,0.0028934422623073767,19067.690000000002,22088.809999999998,24937.57,154.0,135009.03,14958.369999999999,40437.47,58434.1,9018.22,133844.69,144204.78,364943.55,1128.34,39901.98,7899.71,70585.13,148104.41,218689.54,27972.46,128321.34,-2930.1800000000003,-13025.55,-3651.79,2848.7599999999993,7.650090801610465,33.57,1.7,9.42,4.0,0.42,15.43079723643924,26.629879995295425,43.89869463108892,51.48585947726057,30.13493643127331,9.16,8.76,0.0,1.9,1.77,6,2004,8.095894452262655,2798.0148619957536,26357.3
2004-09-30,181705.96999999997,15809.740000000002,5.65021357439365,9.06897637580996e-05,21199.97,24688.449999999997,27920.289999999994,169.0,157017.52,16789.12,40958.37,65255.67,8728.82,190485.58,149160.14,432483.15,25774.08,44934.98,8709.15,104168.79,164613.58,268782.37,27972.46,144114.61,14598.29,-56022.259999999995,41834.74,3231.840000000001,7.4747041760332555,32.8,1.87,15.07,4.0,0.27,14.622317810308715,26.665108786388615,43.881950679962365,51.62053118264882,30.23445405700756,9.14,8.74,0.0,1.83,1.74,9,2004,0.25375706011800503,2798.078301260783,42167.04
2004-12-31,198223.92000000004,20499.43,7.327478825598441,-0.0006691902857480718,20970.039999999994,29557.350000000006,33434.770000000004,173.0,168666.57000000007,14672.800000000003,46791.84,57415.03,11144.34,195581.68,190187.2,487226.24,11760.75,36391.54,60688.65,138912.14,163399.14,302311.27,27972.46,164374.19,25047.93,-10816.11,-16360.43,3877.42,5.899982931232722,29.44,1.84,22.4,4.0,0.18,16.827031731642137,30.867004552833436,49.87919514853797,59.274069785644535,35.97007016351806,9.72,9.21,0.0,1.41,1.33,12,2004,-1.8721336145590612,2797.6102678571433,62666.47
2005-03-31,199755.93,25995.9,9.29,6.75,25498.23,28277.32,31949.12,193.0,171478.61,19867.24,66536.84,71947.25,13749.45,179629.81,199904.0,480137.03,89.93,58596.4,7553.95,103219.02,164952.75,268171.77,27972.46,190410.6,28470.44,42654.98,-55892.13,3671.8,5.195,28.35,1.41,9.29,6.75,0.73,21.64,26.92,54.6,65.88,29.999999999999996,13.6,13.01,0.0,1.74,1.61,3,2005,18888.30193756728,2798.2669537136712,25995.9
2005-06-30,232702.66000000003,18354.68,6.563729827208573,-0.004555830607335564,28602.710000000003,28876.590000000004,33252.82000000001,218.0,203826.07,22775.88,44507.96,76537.43,17360.78,171553.2,208953.48,480245.04,414.28,56605.29,10433.08,98757.47,169791.16,268548.62,27972.46,190096.74,3992.420000000002,-10675.060000000005,-15376.510000000002,4376.23,8.306062472895196,32.08,1.41,15.86,6.75,0.43,15.279502220715038,22.381242689498084,38.620886978253715,46.11992761312253,24.798152033186486,10.62,10.26,0.0,1.74,1.56,6,2005,-12.739831640421471,2796.379571248424,44350.58
2005-09-30,275885.68,24021.929999999993,8.586725413473923,0.0028623291897213413,33791.380000000005,36919.61,41600.09999999999,244.0,238966.07,28852.969999999994,49573.24,92970.62,25210.01,201031.27,244830.75,556032.18,1785.28,76548.86,10615.82,129387.35,189192.67,318580.02,27972.46,214109.72,26189.269999999997,-38914.0,18437.050000000003,4680.490000000001,7.10140327817124,31.88,1.49,24.44,6.75,0.28,17.28587931026665,26.74392546946133,44.87301840461904,53.64244010348603,30.988100714746317,9.98,9.65,0.0,1.55,1.36,9,2005,8.007554465937574,2797.5658756137477,68372.51
2005-12-31,252458.75,17148.78,6.1299146048896125,-2.3584983432604533e-05,27979.14,29005.98999999999,34212.31000000001,226.0,223452.76,21789.270000000004,73440.82,89317.56,23501.31,222014.0,305586.9,649806.66,1346.74,68114.65,23826.74,148011.33,223362.4,371373.72,27972.46,230816.8,31199.21,-45801.54,24432.039999999997,5206.32,9.213517420772789,27.39,1.61,30.57,6.75,0.22,10.555404147902822,17.365083571587846,29.717152255303912,34.7141254955345,19.67508083191916,9.2,8.9,0.0,1.5,1.34,12,2005,-0.06598031428802642,2797.5561007523715,85521.29
2006-03-31,281845.3,23722.79,8.48,9.25,36486.9,40823.06,46888.05,234.0,241022.24,29913.41,90951.02,100846.94,22325.19,250219.54,316052.7,691609.68,2163.38,74019.0,29533.66,163218.01,221962.38,385180.39,27972.46,254498.58,30134.54,-21083.36,9046.96,6064.99,6.8975,25.72,1.51,8.48,9.25,1.09,13.72,27.88,37.28,42.64,30.92,8.77,8.42,0.0,1.53,1.4,3,2006,25876.864091981133,2797.498820754717,23722.79
2006-06-30,332191.05,31658.15,11.31853973587303,-0.001592858864918153,36415.689999999995,48783.44,55919.16,226.0,283407.62,30334.74,62434.92,128316.89,17593.68,240957.02,298602.18,688714.43,1236.45,91150.42,26473.95,167806.49,209085.74,376892.23,27972.46,260220.8,9326.04,-9599.279999999999,-28131.32,7135.719999999999,4.989998826526503,24.29,1.45,19.8,9.25,0.47,18.384052419478614,35.053174575946166,48.65828799583395,56.24971262676293,39.32906736505375,9.49,9.02,0.0,1.44,1.33,6,2006,-4.455253597297997,2797.0171717171715,55380.94
2006-09-30,361648.88,24320.199999999997,8.690456573143118,5.004885015231005,36124.26000000001,39607.92999999999,46952.8,216.0,322040.94000000006,29317.870000000003,47045.51,131851.87,19437.6,231306.72,312676.96,702322.2,3093.94,96400.1,32692.92,177499.89,200177.62,377677.51,28046.0,272212.29,24451.92,-26300.940000000002,-13972.849999999999,7344.870000000003,6.210214566492052,22.25,1.39,28.48,14.25,0.5,13.853466587805391,25.070502529825795,35.73828208730765,40.01027618927408,30.050427082975222,8.54,8.17,0.0,1.3,1.19,9,2006,14006.146112458864,2798.495084269663,79701.14
2006-12-31,289791.69999999995,15559.460000000006,5.556681662723101,0.008346688686943896,32742.699999999983,31586.920000000013,37796.359999999986,210.0,258204.78000000003,23535.90999999999,86806.25,115884.3,15117.53,253429.66,337131.88,751453.47,1734.8,84788.53,21612.14,167575.92,229555.19,397131.11,28049.26,287832.18,40558.3,-20354.0,19870.989999999998,6209.439999999999,9.443738760856736,20.46,1.38,34.02,14.25,0.42,8.284388416617157,14.994220359729,21.625651150633114,23.997286004917044,17.993064431674803,7.85,7.53,0.0,1.51,1.42,12,2006,23.371856917445257,2800.135214579659,95260.6
2007-03-31,310257.6,22580.78,8.05,0.0,31429.63,37107.47,43468.59,208.0,273150.13,25509.23,104063.67,122539.5,13015.77,270881.29,358676.37,799860.0,2243.87,95031.2,14020.43,180599.49,241192.64,421792.13,28051.13,310359.41,38510.23,-27143.94,6014.56,6361.12,6.46,18.8,1.36,8.05,0.0,0.0,11.28,19.92,29.12,31.999999999999996,23.959999999999997,7.57,7.28,0.0,1.5,1.43,3,2007,0.0,2805.0658385093166,22580.78
2007-06-30,381340.72,26281.5,9.369675954539986,5.5,36178.51999999999,41441.149999999994,48829.14,270.0,339899.56999999995,28784.99,98743.63,146416.09,17082.56,291046.73,378796.91,850731.59,4022.17,122403.18,14698.28,197607.67,261887.94,459495.6,28055.41,321330.15,12558.779999999999,-23211.98,5389.29,7387.990000000001,7.204358008485055,23.57,1.43,17.42,5.5,0.32,12.349469570392541,21.94505045609824,32.723942886005325,36.144788986514754,25.882250684986456,7.33,7.07,0.0,1.47,1.39,6,2007,15427.241102181399,2804.952927669345,48862.28
2007-09-30,405834.9800000001,24484.119999999995,8.725921064973877,5.0018694522018565,41371.47,42787.41,51006.41000000002,336.0,363047.57000000007,33894.100000000006,80926.58,193230.19,20486.68,327053.78,394222.22,903365.78,3465.22,160609.32,10039.57,237682.84,258696.75,496379.59,28156.55,333949.21,28877.840000000004,-24060.020000000004,-22818.25,8219.0,9.623597254056916,28.33,1.49,26.14,10.5,0.4,10.842307428858128,20.17577158251802,29.322299401197604,32.3132807608826,24.341781333507843,6.91,6.68,0.0,1.38,1.29,9,2007,14034.778790703067,2805.906656465187,73346.4
2007-12-31,455619.76,24457.190000000002,8.707240253655312,0.010941953457566007,36047.82000000001,44098.76999999999,52632.29999999999,376.0,411520.99,26539.89,74958.29,194983.22,13522.24,315930.83,316227.43,892351.46,5768.06,162398.97,8611.83,244884.64,248815.31,493699.95,28173.88,361496.76,30196.309999999998,-26154.789999999994,15797.7,8533.529999999999,10.797221307926216,29.3,1.37,34.82,10.5,0.3,10.962820583579807,20.135180506155248,27.06696395909394,30.12775145779414,25.556575356794163,6.54,6.3,0.0,1.29,1.23,12,2007,30.73412779330465,2808.8337162550256,97803.59
2008-03-31,505770.81,26132.56,9.27,6.5,35639.59,42950.92,49942.74,316.0,462819.89,28045.45,93434.68,167573.87,14353.55,303011.18,324059.65,901143.44,4492.04,146231.08,13004.43,231790.04,238251.34,470041.38,28184.77,392674.76,43837.04,-19039.11,-6058.85,6991.82,8.5225,22.68,1.2,9.27,6.5,0.7,11.6,20.2,26.64,29.72,25.68,5.33,5.17,0.0,1.31,1.25,3,2008,18323.801510248115,2819.0463861920175,26132.56
2008-06-30,599409.21,29884.499999999996,10.60576652898242,-0.002968453248573748,43770.7,48759.57000000001,57066.35,302.0,550649.64,34787.21000000001,71004.21,190982.11,26892.67,320111.0,332383.0,940505.28,7644.77,172068.0,12048.78,249667.82,243629.22,493297.05,28190.53,404472.9,1814.5999999999985,-6634.309999999998,-17678.239999999998,8306.78,7.118231369104386,21.05,1.22,19.88,6.5,0.33,12.718384006586565,21.851720172390337,29.555305115977163,32.948296822432305,28.338949598568718,5.21,5.07,0.0,1.28,1.17,6,2008,-8.364387511697714,2817.7595573440644,56017.06
2008-09-30,590146.3599999999,17876.680000000008,6.340831886435849,6.003541612768261,51960.31000000001,41152.509999999995,52834.01000000001,228.0,548993.8499999999,43173.03,65043.19,181155.79,20530.56,301965.53,347520.5,933873.91,8190.75,147340.71,10731.49,235584.6,247636.5,483221.1,28240.57,406142.28,37888.2,-19386.21,-24372.969999999998,11681.499999999998,8.990421291872982,15.85,1.19,26.21,12.5,0.48,7.654480003312868,13.992892648281172,17.602400917858542,19.32490084275069,18.415266050953715,4.44,4.36,0.0,1.28,1.19,9,2008,16925.758985619177,2819.2956886684474,73893.74
2008-12-31,324572.4800000002,-22188.940000000002,-7.866257488666428,0.006554040124747142,39624.389999999985,-12452.220000000001,-889.5299999999988,175.0,337024.6900000002,27271.880000000005,90818.7,98091.06,14687.58,243196.25,375754.77,885204.73,6201.73,87715.06,10774.76,180046.25,274622.97,454669.22,28240.57,383578.55,42520.520000000004,-29688.590000000004,12648.099999999999,11562.690000000002,-5.56336670431305,12.88,1.19,18.33,12.5,0.68,-10.024864971917502,-23.259746638609958,-23.13958558586437,-23.82622017298201,-29.3192968699231,2.58,2.56,0.0,1.35,1.27,12,2008,18.4874704769245,2820.774686306602,51704.8
2009-03-31,309737.74,7448.71,2.64,2.0,27882.96,19395.93,30098.11,152.5,290341.81,18163.16,93830.06,104321.11,15680.8,257864.34,408208.58,945304.42,5265.38,91260.62,19877.59,211139.43,297294.09,508433.52,28240.57,390819.11,8611.23,-36729.55,31015.51,10702.18,14.4425,11.02,1.3,2.64,2.0,0.76,3.16,8.4,7.64,7.599999999999999,10.56,2.45,2.4,0.0,1.22,1.15,3,2009,5642.962121212121,2821.4810606060605,7448.71
2009-06-30,399888.63,19895.16,7.043083104183863,0.0023356849877749055,35522.11,35989.1,44882.11,234.0,363899.52999999997,27819.05,96434.38,136850.7,16542.6,294983.22,453961.53,1042480.35,5278.07,118243.38,31016.83,234905.24,347339.58,582244.82,28247.14,406117.98,5886.210000000001,-34566.619999999995,31953.140000000003,8893.009999999998,8.304800487907613,16.28,1.43,9.68,2.0,0.21,7.625156088000711,16.268939897680905,19.58675590543694,19.644963203818627,19.965103344917893,3.96,3.85,7.01,1.26,1.19,6,2009,6.597796143250889,2824.779958677686,27343.87
2009-09-30,454167.4900000001,16986.899999999998,6.012177568763185,4.000449910901485,40694.659999999996,31282.940000000002,42559.95,262.0,422884.54999999993,32794.049999999996,105054.89,133562.4,21981.97,311310.19,460191.33,1099084.14,5763.35,127895.56,29511.81,240565.13,384385.6,624950.73,28318.34,413667.51,40605.28,-42491.770000000004,11000.189999999995,11277.010000000002,10.895511526529267,17.94,1.51,15.69,6.0,0.38,6.176947253566766,13.074282896507324,16.430986242738395,16.568932955597205,15.480686665266584,3.91,3.81,8.29,1.29,1.2,9,2009,11302.933390484017,2825.415551306565,44330.77
2009-12-31,458284.18999999994,15216.82,5.381682603779598,0.004467534906155789,43610.81999999999,29555.740000000005,41833.3,246.0,428728.4500000002,33973.78,104055.91,128816.73,13118.69,294614.68,474586.64,1103589.72,4144.87,101981.67,33934.49,222681.98,382817.15,605499.13,28337.85,429179.94,40546.759999999995,-29108.690000000002,-13566.21,12277.560000000001,11.426760834392468,16.24,1.41,21.06,6.0,0.28,5.519674465414974,11.949073055685377,14.177386080612163,14.974672392283216,13.48231596274509,3.75,3.67,7.34,1.32,1.26,12,2009,12.632048285966448,2827.5208926875594,59547.59
2010-03-31,461085.22,23020.74,8.12,4.5,42282.95,41311.37,53315.45,262.0,419773.85,34781.37,114472.22,145788.29,18515.08,330980.72,486602.75,1160470.48,7454.42,124958.54,27133.74,247102.11,389504.09,636606.2,28354.16,452529.52,40221.21,-30643.7,1395.24,12004.08,8.0675,16.42,1.41,8.12,4.5,0.55,7.92,15.68,20.36,21.84,18.08,5.12,4.99,12.31,1.34,1.26,3,2010,12757.799261083746,2835.066502463055,23020.74
2010-06-30,501915.38,16684.569999999996,5.8829405940918225,0.0016296395829051148,42187.16,35290.29,48287.58,246.0,466625.08999999997,34381.68,87385.75,151303.46,16556.2,312895.58,499130.83,1153015.34,6157.14,123597.02,19048.3,222177.18,398745.03,620922.21,28390.66,456851.6,14733.400000000001,-25611.109999999997,-16534.420000000002,12997.289999999999,10.453105724330925,15.29,1.36,14.0,4.5,0.32,5.782090183907391,11.732264384788833,14.606501075045124,15.463729561612789,13.833314596964485,4.2,4.12,10.8,1.41,1.33,6,2010,4.621810344822734,2836.093571428571,39705.31
2010-09-30,476184.9700000001,21704.58,7.651929632181397,4.750620238915451,40926.770000000004,40027.34999999999,53559.369999999995,297.0,436157.6200000001,33213.770000000004,122011.67,129115.2,19360.37,325454.32,506702.64,1175488.58,10782.77,113116.38,17663.16,230919.54,401489.0,632408.54,28458.16,466938.76,44858.17999999999,-15977.790000000008,7840.92,13532.02,9.704676280305815,18.1,1.35,21.65,9.25,0.43,7.37978248129088,14.505089704606213,18.590831346546953,19.721832493104937,17.45983019998896,4.37,4.27,11.36,1.41,1.33,9,2010,13475.060799241179,2836.4845265588915,61409.89
2010-12-31,504673.0599999998,21677.83,7.6340198744170635,0.010262532949550986,45370.06,38451.259999999995,51140.45000000001,320.0,466221.80000000005,32918.23999999999,135631.98,140332.91,31268.57,364340.89,526796.09,1249147.52,8593.73,137147.96,28562.27,270494.71,407340.23,677834.94,28490.42,490925.05,52970.509999999995,-51577.5,11059.58,12689.190000000002,10.482825734863683,18.57,1.38,29.26,9.25,0.32,6.940018067651875,13.754802726564169,17.657910632281162,18.847628015307194,16.54124607101988,4.37,4.27,10.54,1.35,1.23,12,2010,29.14184771712462,2839.6349965823647,83087.72
2011-03-31,558938.77,34523.89,12.12,5.5,52940.64,54447.91,68087.6,354.0,504490.86,43271.65,104994.92,165253.63,24343.63,352502.05,547260.41,1321688.56,16352.96,153603.2,22078.16,297619.88,443256.14,740876.02,28521.13,506118.13,47767.0,-96153.34,17126.49,13639.69,7.3025,19.95,1.46,12.12,5.5,0.45,10.44,17.56,27.28,28.8,21.28,6.38,6.18,13.83,1.18,1.1,3,2011,15666.78176567657,2848.505775577558,34523.89
2011-06-30,659658.0,32528.190000000002,11.409982043808336,0.004529805358567443,58024.479999999996,56334.11,69241.44999999998,335.0,603323.9,48476.469999999994,97814.15,173725.5,43086.42,372648.93,564234.64,1357553.55,27245.78,156559.79,59787.0,323643.34,428621.04,752264.38,28543.83,525285.93,1992.449999999997,-8300.570000000007,-966.6100000000024,12907.339999999998,7.3384164566180905,18.2,1.43,23.52,5.5,0.23,9.585937295308366,17.134377797079523,24.760437224318768,26.487458315983638,20.78246729407947,5.66,5.5,13.09,1.15,1.02,6,2011,12.913812554723336,2850.8537414965986,67052.08
2011-09-30,652708.3599999999,21599.339999999997,7.572439191611368,6.002908824568984,53975.04000000001,40032.96000000001,52792.92000000001,260.0,612675.3899999999,44427.869999999995,97040.11,181235.82,31944.9,373706.13,582985.62,1366468.2,21635.86,156315.27,70521.93,335133.36,421102.49,756235.85,28563.0,529656.83,53101.36,-30117.570000000007,-33909.11,12759.96,8.58836873487801,14.02,1.43,31.08,11.5,0.37,6.324984601487488,11.568192175601922,16.314367061463873,17.33766965492487,14.248270396571197,4.84,4.74,10.89,1.12,1.02,9,2011,17122.47076668505,2852.362290862291,88651.42
2011-12-31,604189.44,16644.990000000005,5.834639385141432,0.0017166322112770701,54328.81,35683.25,51694.42000000001,318.0,568506.19,38742.46000000002,116132.05,171361.54,26000.29,381157.17,601341.41,1402412.09,15520.54,164300.73,54978.79,335515.9,422947.61,758463.52,28563.0,555920.21,74689.26999999999,-25882.649999999994,-27673.859999999997,16011.170000000006,13.632556315744251,16.34,1.36,36.91,11.5,0.31,4.748647172301507,8.896599961955022,11.975949060371578,12.722074714608034,11.052776640723083,4.34,4.25,10.05,1.14,1.06,12,2011,4.897188001566974,2852.7881332972097,105296.41
2012-03-31,709865.9,37385.78,13.09,7.0,57849.94,57438.94,72724.58,354.0,652426.96,47119.75,135776.35,228225.42,41731.89,476162.51,605152.58,1518209.75,24807.86,244979.4,57242.12,402506.5,435025.96,837532.46,28563.0,590344.76,28921.3,-32070.51,24682.67,15285.64,6.76,17.13,1.42,13.09,7.0,0.53,9.84,16.2,25.32,27.28,20.6,5.4,5.27,14.87,1.18,1.08,3,2012,19992.39572192513,2856.0565317035903,37385.78
2012-06-30,682133.5599999999,8513.660000000003,2.9807447803284757,0.00039827825052232544,58883.2,32146.059999999998,47688.78,323.0,649987.49,48666.22,96103.65,229052.77,35304.54,459993.05,622451.94,1495853.31,28629.51,231764.73,24023.35,338555.33,475747.39,814302.72,28563.0,582585.74,5759.829999999998,-27011.890000000003,-21482.409999999996,15542.720000000001,27.091131898619388,15.84,1.4,16.07,7.0,0.44,2.2777564345011623,4.659384497937232,5.846488828621876,6.150684313359816,5.74261719968697,3.34,3.3,9.98,1.36,1.25,6,2012,1.1375699230338796,2856.219041692595,45899.44
2012-09-30,705409.06,36054.16,12.621701187013139,5.000741027323709,58238.67,56852.73999999999,74521.06000000001,329.0,648556.3300000001,46115.16,89393.63,266683.11,57209.71,473192.56,625960.62,1603200.47,83849.83,261441.71,15355.86,419114.88,496692.99,915807.87,28563.0,592613.53,53022.99,-88022.69,31774.879999999997,17668.32,6.518025881063378,15.86,1.55,28.69,12.0,0.42,8.992247203295525,17.350989711251245,24.337138712637394,25.692134866558636,21.76792522598153,3.98,3.91,10.15,1.13,0.99,9,2012,14284.723940637028,2856.5214360404325,81953.6
2012-12-31,748309.27,22712.209999999992,7.950785212477692,0.00032842627160007624,57543.97,45457.32000000001,62198.06999999998,332.0,702851.95,42302.09,136917.58,243300.64,42254.08,472145.29,653138.67,1631319.94,17838.77,254703.61,39833.82,380896.58,518759.3,899655.89,28563.0,605783.87,89697.37,-33470.98000000001,-7264.439999999999,16740.75,10.437912455458985,15.65,1.49,36.64,12.0,0.33,5.572493565950522,10.980069098017772,14.99886118685748,15.641173529350217,13.323641158464255,3.75,3.68,9.48,1.24,1.13,12,2012,0.9381823619623901,2856.59961790393,104665.81
2013-03-31,720407.69,36105.45,12.64,8.0,55166.78,57511.78,75172.54,326.0,662895.9,45020.22,156130.85,245868.36,49577.68,501239.17,652338.21,1663096.93,24703.82,249544.56,38531.32,389193.64,521457.6,910651.25,28563.0,629761.02,43468.27,-30373.52,8205.26,17660.76,6.4475,14.79,1.45,12.64,8.0,0.63,8.68,14.48,22.919999999999998,23.68,18.04,5.16,5.01,13.18,1.29,1.16,3,2013,22851.55063291139,2856.4438291139236,36105.45
2013-06-30,670286.19,12278.200000000004,4.298822184766964,-0.0007454526791376273,42035.46000000001,36975.149999999994,55140.62000000001,335.0,633311.0499999999,30739.949999999997,110377.59,257710.93,30279.5,463311.4,683651.69,1653547.34,14786.23,244790.42,46106.52,357644.28,529447.88,887092.16,28563.0,638052.23,19063.890000000007,-17471.179999999997,-50774.47,18165.470000000005,19.486337512827607,15.0,1.39,16.94,8.0,0.47,2.974155608351169,6.0904210409921555,7.69423191512009,8.049506475844632,7.399861564805469,3.53,3.48,8.89,1.3,1.21,6,2013,-2.129145308084844,2856.177685950413,48383.65
2013-09-30,739358.3799999999,30877.019999999997,10.810371713991314,5.000175543797552,48985.31999999999,51747.580000000016,71421.06,316.0,687610.79,37315.06,162060.81,223271.13,31044.88,480353.04,701020.18,1694407.52,11671.79,219049.3,58839.39,363745.52,542651.67,906397.19,28563.0,656037.13,61399.69,-22381.25,11385.829999999998,19673.479999999996,7.309473447405224,13.76,1.38,27.75,13.0,0.47,7.292618323816843,13.821693276122947,18.823681485407576,19.78979758813545,17.125187046740834,3.79,3.72,10.34,1.32,1.24,9,2013,14281.70319708138,2856.2403603603602,79260.67
2013-12-31,753853.7200000002,15391.600000000006,5.377580611643019,0.026974700949884283,78202.47,36977.169999999984,57792.01999999999,286.0,716876.5599999998,62283.270000000004,157683.49,277590.16,44172.41,523143.66,740648.76,1801721.57,14336.4,271145.29,45943.6,406407.78,572135.59,978543.37,28563.0,682646.66,41395.0,-25137.710000000006,-24606.98,20814.85,13.298522172808541,11.97,1.43,33.07,13.0,0.39,3.414853125022782,6.940282446474873,9.021716732203044,9.55508426792089,8.540385053628407,3.33,3.28,9.12,1.29,1.18,12,2013,77.20643113026017,2862.1793166011494,94652.27
2014-03-31,727188.05,27447.96,9.6,8.0,57732.49,50015.62,72543.94,299.0,677172.43,46913.43,195728.28,216150.95,46943.47,577711.78,675704.65,1779379.91,15193.04,222712.12,53338.42,387155.69,545772.87,932928.56,28563.0,708073.74,72846.24,-27757.42,-6070.84,22528.32,7.7875,12.06,1.32,9.6,8.0,0.83,6.16,11.64,15.52,16.4,14.360000000000001,3.83,3.77,11.21,1.49,1.37,3,2014,22873.3,2859.1625,27447.96
2014-06-30,731404.98,30437.870000000003,10.642716685586091,0.002263904655078517,61845.780000000006,52003.24999999999,78293.54999999999,318.0,679401.7199999999,46741.24,187945.6,229414.0,43309.61,502888.11,695840.86,1800392.63,13857.56,220847.86,53905.04,340134.82,566310.27,906445.09,28563.0,717299.15,14962.949999999997,-27000.760000000002,3858.05,26290.300000000003,7.469201929208581,12.66,1.26,20.24,8.0,0.4,6.772637890827514,12.430524824469133,16.973660800924858,17.962213536542535,14.702092812696995,4.04,3.97,10.18,1.48,1.35,6,2014,6.4747035573163885,2859.9718379446645,57885.83
2014-09-30,766803.8800000001,24558.11,8.584799928290666,6.00189720485797,39343.529999999984,45003.23000000001,77635.47,360.0,721800.6500000001,26040.320000000007,205750.87,236513.89,24893.98,525017.73,695610.29,1818745.78,16958.55,224978.39,60420.58,380475.22,538377.29,918852.51,28563.0,724032.95,68827.01999999999,-26934.499999999993,-23291.559999999998,32632.239999999998,10.48253316928705,14.2,1.27,28.82,14.0,0.49,5.397521675941252,9.972904288659663,13.5712520726205,14.238495370308598,12.177190182807857,3.76,3.7,10.41,1.38,1.31,9,2014,17169.328696859066,2860.6502428868844,82443.94
2014-12-31,641486.4899999998,-26649.010000000002,-9.23247619989845,0.12509830678076664,40995.48000000001,-21277.680000000008,14278.48000000001,324.0,662764.1799999999,-14691.910000000003,203785.43,179391.41,27514.09,491962.68,720335.1,1779179.16,22321.31,183616.62,62711.3,344450.31,567386.73,911837.04,28563.0,697578.41,78731.29000000001,-62368.390000000014,-21811.08,35556.16,-8.77258692536796,13.27,1.31,19.33,14.0,0.72,-5.998960220937638,-13.411688137255483,-15.283975085191434,-15.436814836043347,-16.73595271828462,1.97,1.95,5.99,1.43,1.35,12,2014,361.08904655723745,2886.4423176409728,55794.93
2015-03-31,525171.59,22583.86,7.890000000000001,5.0,48990.19,44433.42,80741.84,323.0,480738.17,35614.15,224980.29,161798.94,109692.94,701297.12,1104299.17,2244957.34,17513.58,174308.87,101476.03,393251.99,773375.49,1166627.48,28563.0,701105.95,104337.21,-87624.19,-26963.78,36308.42,10.235,13.16,1.66,7.89,5.0,0.63,4.04,8.84,12.88,12.84,9.6,4.38,4.3,5.67,1.78,1.5,3,2015,14311.69835234474,2862.339670468948,22583.86
2015-06-30,541655.5200000001,23745.659999999996,8.241618147565525,0.032711120130245235,67041.48,50817.69,88481.15,359.0,490837.83,48821.37,172664.62,164798.78,123707.3,688263.08,1121373.38,2244387.32,19740.56,174478.2,75684.42,338893.75,782865.4,1121759.15,28563.0,723882.22,22026.969999999987,-25727.929999999993,-45563.759999999995,37663.46000000001,10.891865940976162,14.17,1.55,16.08,5.0,0.31,4.22331676218532,9.656224247520802,13.120984115527204,13.182488728568737,10.25076884025563,4.4,4.34,5.63,2.03,1.67,6,2015,94.24692128710194,2881.1890547263683,46329.52
2015-09-30,517085.81999999983,-26581.449999999997,-9.341432504543482,5.9373655147563795,42083.770000000004,-27490.729999999996,10944.380000000005,240.0,544576.55,21415.40999999999,169677.93,148148.97,104749.86,671412.62,1130081.69,2226179.66,27517.1,157132.08,71592.53,340886.2,797520.76,1138406.96,28563.0,699291.08,77618.05000000002,-45577.67999999999,-49030.43000000001,38435.11,-6.422601669585369,9.8,1.63,6.94,11.0,1.59,-4.791858748728356,-18.03677169465168,-15.183192889229174,-14.913987341547806,-19.328958323522244,1.27,1.25,2.67,1.97,1.66,9,2015,16895.03023069092,2845.5432276657057,19748.07
2015-12-31,479814.51,188.34999999999854,0.06358190186603163,0.4336312565599921,50000.54999999999,17903.14,54381.70000000001,244.0,461911.3699999999,30768.589999999997,239977.95,141978.78,84085.26,679702.2,1118677.24,2173996.19,26475.15,149107.65,54618.35,315385.06,770923.75,1086308.81,28563.0,697147.03,89302.37999999998,25886.819999999978,-42255.359999999986,36478.55999999998,959.5096750730097,10.0,1.56,6.73,11.0,1.63,0.03476692405155964,0.16363128385136225,0.10807978563854409,0.10807978563854409,0.17421252160618475,0.98,0.97,2.43,2.16,1.89,12,2015,1284.554956301301,2962.320950965824,19936.42
2016-03-31,394153.71,23668.89,8.23,4.0,51829.2,43431.44,75709.75,280.0,350722.26,37468.9,249833.13,112146.05,90108.81,685715.51,1112093.62,2176738.02,22202.95,134586.78,62305.48,310080.51,756312.75,1066393.25,28563.0,717443.9,76345.15,-62818.58,-8007.58,32278.31,8.505,11.15,1.49,8.23,4.0,0.49,4.36,7.84,13.200000000000001,13.36,9.32,6.12,6.0,6.14,2.21,1.92,3,2016,11503.713244228431,2875.9283110571077,23668.89
2016-06-30,421812.54,24878.989999999998,8.57862985160217,0.03335594245549106,63506.84,48516.56,80523.07,313.0,373295.99,48112.52,198786.34,124632.18,99296.86,669338.35,1106395.69,2152472.44,22517.75,132475.83,79612.65,308274.56,720447.45,1028722.01,28563.0,729962.93,54088.600000000006,-44437.83,-51289.06,32006.51,9.122610644563947,12.25,1.41,16.74,4.0,0.24,4.632665105046811,8.568380592520208,13.631514579009425,13.693010133501195,10.22876056379805,6.01,5.95,5.7,2.17,1.85,6,2016,96.73597918853557,2900.1123058542416,48547.88
2016-09-30,442939.24,26974.280000000006,9.343577630724546,5.981738979862496,56826.36,48688.5,81573.60999999999,339.0,394250.73,41257.509999999995,185428.88,117324.0,102658.19,645949.77,1096860.46,2114467.8,26631.47,110193.01,63411.4,273837.96,708586.48,982424.44,28563.0,737528.82,52690.109999999986,-27685.669999999984,-43499.78,32885.10999999999,9.071300453617297,13.13,1.33,26.16,10.0,0.38,5.100393293835876,9.257856735029826,14.629699531898984,15.015443562525226,10.915127385127757,6.08,6.0,6.05,2.36,1.98,9,2016,17268.87799370842,2886.9327217125383,75522.16
2016-12-31,478239.0800000001,19086.92,6.593030453313783,0.027916839951751222,70070.69,43546.850000000006,76133.93,372.0,434692.25,50086.630000000005,215566.41,143191.06,116883.54,741490.62,1098229.96,2232331.08,30527.0,159526.62,64055.69,339592.21,721141.86,1060734.07,28563.0,762947.65,87311.37,-43972.31000000003,-13406.990000000005,32587.08,14.101952153621436,13.93,1.39,32.68,10.0,0.31,3.421597199761376,6.74635674292573,10.006557848358739,10.458466912478169,7.851919989075044,5.5,5.45,5.65,2.18,1.84,12,2016,80.81966169958469,2895.014687882497,94609.08
2017-03-31,528810.4,46167.89,16.09,10.0,73815.41,77346.89,105912.14,387.0,451463.51,58333.74,197634.63,150293.05,118154.2,756840.57,1101961.7,2229964.33,32622.07,141621.01,71460.99,337008.67,679586.98,1016595.65,28563.0,796878.58,61884.76,-55857.98,-19784.39,28565.25,6.0125,13.87,1.28,16.09,10.0,0.62,8.28,14.04,23.16,24.4,16.36,9.06,8.73,11.23,2.25,1.9,3,2017,28693.53014294593,2869.353014294593,46167.89
2017-06-30,489029.48,31316.850000000006,10.847868289936834,0.06082553756173504,59909.78,53157.03,82257.7,370.0,435872.44999999995,42915.07,214472.35,130653.92,106925.5,707084.98,1095390.86,2174461.23,35734.94,123888.53,48191.84,278526.13,685609.94,964136.07,28563.0,795355.67,58084.04,14289.010000000002,-54397.17,29100.67,8.529869420136443,13.29,1.21,26.84,10.0,0.37,5.755351879608812,9.748531414056497,15.7463840751095,16.425386263153236,11.122702508906917,7.84,7.61,8.58,2.54,2.15,6,2017,175.59802396912346,2886.912816691505,77484.74
2017-09-30,484183.7899999999,22331.649999999994,7.707404991304533,8.036290980366816,73582.04999999999,45582.40000000001,75101.00000000003,408.0,438601.39000000013,36576.67999999999,195453.11,151943.39,110669.33,727427.87,1091249.34,2191090.98,29748.28,146222.5,77214.23,333470.99,651070.47,984541.46,28563.0,790825.24,85982.2,-61267.09,-38587.850000000006,29518.600000000006,13.230393383381884,14.74,1.24,34.45,18.0,0.52,4.080785690606521,7.320356787096786,11.293753380582084,11.687513403359908,8.483738672576717,6.82,6.65,7.58,2.18,1.85,9,2017,23284.573429601634,2897.427866473149,99816.39
