,revenue,net_profit,eps,dps,gross_profit,ebit,ebitda,close_price,expense,operating_profit,cash,account_receivable,inventory,current_asset,property_plant_equipment,total_asset,short_term_loan,account_payable,current_portion_long_term_debt,current_liability,non_current_liability,total_liability,paid_in_capital,total_equity,cash_flow_operation,cash_flow_investment,cash_flow_financing,depreciation,P/E,P/BV,D/E,EPS,DPS,DPR%,ROA%,ROAA%,ROE%,ROAE%,ROCE%,NPM%,NPMA%,TIE,CurrentRatio,QuickRatio,month,year,dividend,number_of_shares,return_old
2000-03-31,4633.49,803.94,2.47,0.0,4065.8,2195.63,3325.65,19.5,2437.86,2199.87,4320.75,1614.32,33.45,16112.47,33274.97,57482.31,0.0,0.0,1890.55,7605.99,31681.38,39287.37,3260.0,18194.93,2660.45,-473.08,0.0,1130.02,1.9725000000000001,3.49,2.16,2.47,0.0,0.0,5.6,0.0,17.68,0.0,17.6,17.78,17.35,0.0,2.12,2.11,3,2000,0.0,325.4817813765182,803.94
2000-06-30,5044.58,1229.97,3.7735262622239927,1.5,4424.86,2848.8499999999995,3460.6299999999997,19.0,2195.73,3060.3199999999997,755.72,1865.75,20.71,15738.68,33210.06,57257.54,0.0,0.0,848.36,5665.17,32167.47,37832.64,3260.0,19424.9,1423.6000000000004,-537.9000000000001,-1958.31,611.78,1.256755530622698,3.19,1.95,6.24,1.5,0.24,8.587191173650751,0.0,25.326166644541797,0.0,23.657106951635026,21.55,21.02,0.0,2.78,2.77,6,2000,488.92067307692304,325.94711538461536,2033.91
2000-09-30,5771.130000000001,1320.68,2.0275210979583203,0.7494041100861346,4300.35,2610.330000000001,3303.1099999999997,21.2,3160.79,2776.0300000000007,2054.06,2017.89,28.36,17367.73,33547.95,61074.92,0.0,0.0,915.1,6559.49,33769.85,40329.34,3260.0,20745.58,4665.12,-1273.1,-0.5099999999999909,692.78,2.616248977799316,3.33,1.94,5.15,1.5,0.29,8.645507439061108,0.0,25.46409021668818,0.0,22.109822303172667,22.43,21.71,0.0,2.65,2.64,9,2000,488.14437546676623,651.3766990291261,3354.59
2000-12-31,7167.09,2078.54,3.186788867558847,0.0019773400656837407,5714.1799999999985,3759.21,4469.01,20.0,3407.9000000000005,3897.1799999999994,382.36,2865.45,20.06,20811.38,33507.07,64373.44,0.0,0.0,3110.28,12058.96,31446.36,43505.32,3260.0,20868.12,4290.969999999999,-954.2400000000002,-407.3399999999999,709.8000000000002,1.5683498994486516,3.12,2.08,8.33,1.5,0.18,12.915485254356144,0.0,39.84825071367701,0.0,33.39050808649894,25.25,24.02,0.0,1.73,1.72,12,2000,1.2896933530694241,652.2364945978392,5433.13
2001-03-31,7397.28,2665.25,4.09,0.0,5803.05,4486.84,5240.16,20.4,2910.44,4028.94,1905.61,2934.66,22.04,28382.86,34099.6,72245.49,0.0,523.89,9157.1,19371.74,29340.38,48712.12,3260.0,23533.37,4187.5,-6170.3,-0.01,753.32,1.2475,2.83,2.07,4.09,0.0,0.0,14.76,27.68,45.32,51.08,33.96,39.63,36.03,0.0,1.47,1.46,3,2001,0.0,651.6503667481663,2665.25
2001-06-30,7932.9800000000005,3148.38,4.830639307971095,3.0,6105.349999999999,5094.119999999999,5885.15,25.0,2838.86,4195.629999999999,2240.64,3098.36,43.79,24343.57,34788.76,68805.45,0.0,0.0,6268.08,12609.48,29514.21,42123.69,3260.0,26681.76,3235.46,6049.27,-4767.21,791.0299999999999,1.2925825345098112,3.05,1.58,8.92,3.0,0.34,18.304440427065362,32.92633070904065,47.20162803618393,54.63171450539508,36.93381174928573,41.89,37.92,0.0,1.93,1.93,6,2001,1955.256726457399,651.7522421524664,5813.63
2001-09-30,8330.249999999998,2866.419999999999,4.395372169515151,0.0018067834692215023,6109.430000000002,4681.830000000002,5602.85,21.8,3648.409999999999,4085.050000000001,1001.52,3521.91,30.74,27853.22,35675.58,73007.86,0.0,0.0,6226.54,13520.62,29939.08,43459.69,3260.0,29548.17,4277.39,-7313.08,-3.1599999999998545,921.02,1.2415558431772038,2.41,1.47,13.31,3.0,0.23,15.705777639529723,28.096037879966126,38.808725571857295,45.59827116203247,31.675739932373656,40.73,36.69,0.0,2.06,2.06,9,2001,1.1782848123227723,652.1450037565739,8680.05
2001-12-31,5649.700000000001,2214.75,3.396893242647869,-0.0007002458344396663,7021.0999999999985,4202.9699999999975,5223.110000000001,21.2,1446.7400000000016,4876.4,15208.72,2935.16,17.89,20382.02,44509.65,77711.74,0.0,987.79,6217.98,14709.92,31883.9,46593.82,3260.0,31117.92,8888.13,-9519.84,-0.06999999999970896,1020.1400000000003,1.5618462580426684,2.22,1.5,16.71,3.0,0.18,11.400225795792489,21.13351415354114,28.468038880934024,34.07870635532548,23.833139662958473,39.59,37.17,0.0,1.39,1.38,12,2001,-0.45655525535926245,651.9928186714542,10894.8
2002-03-31,7038.65,2570.41,3.94,0.0,5796.31,4300.12,5387.12,24.0,2738.52,3741.92,12033.81,3233.55,51.8,17797.19,45763.58,76974.96,0.0,1042.49,2180.89,11238.01,32194.23,43432.24,3260.0,33542.73,3920.52,-3018.22,-4000.02,1087.0,1.5225,2.33,1.29,3.94,0.0,0.0,13.36,23.040000000000003,30.64,36.04,26.16,40.12,36.52,0.0,1.58,1.58,3,2002,0.0,652.3883248730964,2570.41
2002-06-30,8418.34,3340.3100000000004,5.125705785420389,6.0,6796.649999999999,5333.400000000001,6532.679999999999,23.4,3084.9500000000003,4445.32,7419.84,297.94,54.62,13573.5,46213.0,72539.15,0.0,395.3,2083.5,8346.6,31519.18,39865.79,3260.0,32673.36,257.1500000000001,-806.21,-3910.7099999999996,1199.2800000000002,1.1413355047884777,2.33,1.22,9.07,6.0,0.66,18.423154201180232,30.810747455470743,40.8926207974663,45.0293535812896,33.93025086622273,42.43,38.24,0.0,1.63,1.62,6,2002,3910.0683572216094,651.6780595369349,5910.72
2002-09-30,8218.590000000002,3075.4800000000005,4.716133003939373,0.0040571139621006815,7757.540000000001,4970.209999999999,6214.860000000001,24.6,3248.3900000000003,5208.0,13171.28,169.69,39.08,17684.1,46868.52,77888.94,0.0,282.27,2174.15,9595.34,32318.4,41913.75,3260.0,35975.2,6844.6,-1608.0800000000004,0.0,1244.6499999999996,1.3075437004955324,2.23,1.17,13.78,6.0,0.44,15.798018828870935,26.50343540094812,34.1970979501903,37.55109674834747,29.268773185551183,40.22,37.96,0.0,1.84,1.84,9,2002,2.645721152846818,652.1190130624094,8986.2
2002-12-31,8016.869999999999,3102.7599999999984,4.758487942717982,-0.0006583703695293424,7107.619999999999,4335.57,5557.080000000002,28.4,3681.289999999999,4588.859999999999,16305.6,281.09,30.55,20836.41,47209.52,81745.13,0.0,252.27,2165.2,10384.26,32401.87,42786.13,3260.0,38959.0,5100.049999999999,-1568.2600000000002,-0.6100000000005821,1221.5099999999998,1.4902948342765803,2.38,1.1,18.54,6.0,0.32,15.184042432103334,24.38275914553443,31.85671647519719,35.41916591667106,27.24709169357826,39.99,38.14,0.0,2.01,2.0,12,2002,-0.429288730443659,652.0474649406688,12088.96
2003-03-31,8368.24,2593.81,3.98,0.0,7472.83,4661.14,6566.45,25.8,3707.1,7183.79,20836.51,3339.35,45.74,26717.52,49424.96,90101.36,0.0,300.72,2150.5,11079.75,38052.6,49132.34,3260.0,40969.02,3514.31,-1559.12,2499.95,1905.31,1.62,2.05,1.2,3.98,0.0,0.0,11.52,22.32,25.32,27.84,23.6,32.34,31.0,0.0,2.41,2.41,3,2003,0.0,651.7110552763819,2593.81
2003-06-30,9333.480000000001,3549.9,5.4429746846775,6.75,8018.299999999999,6013.179999999999,7372.990000000001,32.2,3320.2900000000004,7718.37,17037.52,3475.68,38.24,23618.66,49602.4,86693.01,0.0,399.66,2105.88,8918.95,37753.98,46672.93,3260.0,40020.07,1741.5300000000002,-925.7400000000002,-4400.03,1359.81,1.4797239499704216,2.62,1.17,9.42,6.75,0.72,16.38670510164054,30.993753936953404,35.47756323133741,39.059988183035976,31.710238927293123,36.84,34.71,0.0,2.65,2.64,6,2003,4402.339968152866,652.1985138004246,6143.71
2003-09-30,9922.649999999998,3891.2599999999993,5.967779813990475,-0.0015908976182912144,8583.550000000001,6331.580000000002,7786.859999999999,33.2,3591.079999999999,8262.150000000001,16730.63,4296.6,41.88,24979.97,52410.3,91052.05,0.0,313.85,2004.82,10116.81,37233.56,47350.37,3261.8,43701.68,4691.58,-4534.92,42.789999999999964,1455.2799999999997,1.3925781880419197,2.48,1.08,15.39,6.75,0.44,17.092900207972715,31.223237857213324,35.61279389973264,39.0717020180429,32.588188146053255,38.82,36.33,0.0,2.47,2.47,9,2003,-1.0373365739196743,652.0448343079921,10034.97
2003-12-31,9389.350000000002,1993.2600000000002,3.05578746000035,0.002538359649276174,8662.59,4395.269999999997,7217.07,52.8,4994.08,8259.14,19062.62,4060.0,28.64,27197.68,52969.63,92575.91,0.0,400.08,0.0,9249.62,37652.16,46901.78,3261.99,45674.13,6231.639999999999,-2122.1799999999994,-2161.2,2821.8,4.314632536648505,3.77,1.03,18.44,6.75,0.37,8.610559458873004,16.273228230587545,17.45312013488269,18.838498831498903,17.022260731628847,34.24,32.5,0.0,2.94,2.94,12,2003,1.655746945998544,652.2901301518438,12028.23
2004-03-31,10709.44,3378.13,5.18,0.0,9747.76,5867.96,7968.18,52.0,4841.48,9227.62,16395.88,4980.16,47.23,26648.97,63421.66,102381.91,0.0,215.97,0.0,13006.45,40391.68,53398.12,3262.2,48983.79,8064.41,-10718.11,4.61,2100.22,2.51,3.46,1.09,5.18,0.0,0.0,13.2,24.4,27.6,30.039999999999996,26.28,32.03,31.54,0.0,2.05,2.05,3,2004,0.0,652.1486486486488,3378.13
2004-06-30,11410.17,3277.26,5.022703703314155,6.75,10596.109999999999,6262.03,8311.9,53.6,5148.140000000001,10254.889999999998,11692.76,4780.42,50.29,22013.3,63367.86,97417.27,0.0,562.52,0.0,8424.07,40999.27,49423.35,3262.23,47993.92,1009.6100000000006,-1437.8799999999992,-4400.969999999999,2049.8700000000003,2.665397122901448,3.64,1.03,10.2,6.75,0.66,13.45296717397478,25.960484239090423,27.31956877057543,29.78167842906276,26.846843716145866,30.26,30.09,0.0,2.61,2.61,6,2004,4404.3022058823535,652.4892156862746,6655.39
2004-09-30,12677.82,4111.05,6.3003485831899875,0.0002306800521962363,11510.43,7605.109999999999,9534.730000000001,59.6,5072.699999999999,11044.060000000001,18386.25,5106.88,58.11,29145.37,63782.53,105123.67,0.0,505.07,0.0,11563.92,41305.71,52869.63,3266.27,52254.04,8784.939999999999,-2224.2700000000004,90.42999999999938,1929.62,2.3635596988603886,3.73,1.01,16.5,6.75,0.41,15.64013805863405,30.73042751364425,31.463558985142726,34.27389629255353,32.211964028964076,31.22,30.94,0.0,2.52,2.52,9,2004,0.15052139037379675,652.5115151515151,10766.44
2004-12-31,13619.21,5099.58,7.813603525017616,0.0014741693253882027,12353.880000000001,8833.940000000002,10946.389999999996,58.0,4785.27,11727.550000000003,23778.24,4908.6,61.43,36158.67,63527.63,111944.53,0.0,414.98,0.0,15445.27,39400.31,54845.58,3266.66,57098.94,8377.310000000001,-2690.659999999998,8.670000000000073,2112.45,1.8589662187866454,3.32,0.96,24.31,6.75,0.28,18.217813566351232,35.92136281184569,35.7285136915244,39.70120557014298,38.06841635142273,33.2,32.77,0.0,2.34,2.34,12,2004,0.9621225832988785,652.6540518305225,15866.02
2005-03-31,13528.43,4254.39,6.51,9.0,12289.66,7816.27,9859.13,59.6,5712.16,11745.46,39761.26,5684.42,55.98,51374.07,64158.29,118505.2,0.0,545.42,0.0,18051.63,39140.3,57191.93,3266.88,61313.27,9911.19,5883.25,4.92,2042.86,2.29,3.18,0.93,6.51,9.0,1.38,14.36,28.32,27.76,30.84,31.12,32.42,31.45,0.0,2.85,2.84,3,2005,5881.645161290324,653.5161290322582,4254.39
2005-06-30,14795.009999999998,5480.11,8.388067081000564,-0.0026722382480679203,13532.73,9116.169999999998,11407.480000000001,76.8,5678.84,12919.41,31772.81,6336.64,182.0,44860.99,66682.26,114838.83,0.0,685.67,0.0,13782.13,39897.2,53679.33,3266.96,61159.5,1875.7600000000002,-4331.21,-5877.88,2291.3100000000004,2.2870286819060204,4.1,0.88,14.9,9.0,0.6,19.095519153526116,35.916689917304424,35.849135014638655,40.17264878524834,37.7406722892804,35.16,34.37,0.0,3.26,3.24,6,2005,-1.7458324312628974,653.3221476510067,9734.5
2005-09-30,19972.680000000004,7183.0,10.988387173045663,5.505066077678589,18220.800000000003,12515.36,15000.089999999997,93.6,7457.32,17375.7,20636.42,8497.08,591.55,34039.82,93895.99,131263.78,0.0,923.5,0.0,23602.56,42758.82,66361.39,3273.8,64902.39,21600.74,-28824.5,-3407.12,2484.7299999999996,2.1314683976054574,4.72,1.02,25.88,14.5,0.56,21.89185636175558,42.306139796069154,44.27623703265849,49.04862775232747,46.450137431653616,35.7,35.03,0.0,1.44,1.42,9,2005,3598.60723991992,653.6901081916538,16917.5
2005-12-31,21286.700000000004,6817.189999999999,10.42338556349377,0.007499639515442823,18963.129999999997,12281.310000000001,15503.810000000005,94.4,9005.39,18201.739999999998,30507.07,6986.86,291.8,42551.14,99222.75,143317.34,0.0,1204.72,8234.09,36526.56,35093.46,71620.02,3274.66,71697.32,15331.659999999996,-5472.98,22.31999999999971,3222.5,2.2630363096818487,4.31,1.0,36.29,14.5,0.4,19.025766319256746,37.568995086938145,38.02855465986705,42.348414645398776,44.898970275154205,34.72,34.11,0.0,1.16,1.16,12,2005,4.904977101426994,654.0283824745109,23734.69
2006-03-31,22692.74,7839.06,11.97,8.0,20154.69,13453.42,16690.07,110.4,9239.33,19289.77,35767.41,8797.79,499.5,49936.18,103900.81,155289.36,0.0,903.78,7787.79,41391.88,34680.69,76072.57,3274.95,79216.79,13849.81,-8196.84,8.42,3236.65,2.305,4.56,0.96,11.97,8.0,0.67,20.2,39.32,39.6,44.64,47.24,36.3,34.54,0.0,1.21,1.19,3,2006,5239.137844611529,654.8922305764411,7839.06
2006-06-30,23688.26,7277.099999999999,2.224123190016512,6.398745657488061,21356.570000000003,13154.320000000002,17318.199999999997,106.0,10533.929999999998,20790.149999999998,22490.41,9239.5,255.78,36958.52,107879.68,146270.6,0.0,900.78,7665.62,31489.23,33642.8,65132.02,3275.11,81138.58,192.97000000000116,-8220.419999999998,-5234.6,4163.879999999999,11.912874304324527,4.28,0.8,4.62,8.0,1.73,19.891941604216942,39.24470182903595,35.8748182077988,40.92001540073669,44.63651562301536,33.69,32.59,0.0,1.17,1.17,6,2006,20936.0309865573,3271.896103896104,15116.16
2006-09-30,23896.410000000003,6812.920000000002,2.078447194319142,1.7246271763102028,22052.009999999995,12538.209999999995,18048.520000000004,106.0,11358.210000000003,21440.15,22143.17,9654.37,424.03,37679.97,111167.31,150207.43,0.0,884.93,14801.9,41984.54,25636.99,67621.53,3285.49,82585.9,13439.569999999998,-8843.11,-5249.379999999999,5510.31,12.746246367196443,4.22,0.82,6.69,9.71,1.45,18.14369449151538,34.57243703794232,32.99418416094064,36.95845713545667,44.94913902452817,32.1,31.2,0.0,0.9,0.89,9,2006,5653.13711800905,3277.8893871449927,21929.08
2006-12-31,21445.61,6118.189999999999,1.8650843558036125,0.007379535852477921,19215.870000000003,11639.970000000001,15540.200000000004,96.5,9805.629999999997,18241.579999999994,18520.91,9787.03,333.03,34964.55,121503.56,157812.91,0.0,852.76,7002.59,38783.94,30504.52,69288.46,3286.0,88524.45,14732.96,-9905.430000000004,-8215.250000000002,3900.2299999999996,12.939026015046935,3.58,0.78,8.55,9.71,1.14,15.505286083101845,29.431249273102154,27.642513399699858,30.54811850137285,37.23188278930533,31.42,30.58,0.0,0.9,0.89,12,2006,24.2076999449273,3280.3824561403508,28047.27
2007-03-31,21270.4,6771.36,2.06,1.5,19088.58,12369.68,16124.66,90.0,8900.71,18277.03,28191.55,8650.67,440.96,44950.07,125932.86,172427.92,0.0,1734.99,6790.88,48253.55,34010.85,82264.4,3286.35,90163.52,14772.98,-8427.74,3512.44,3754.98,10.9225,3.28,0.91,2.06,1.5,0.73,15.72,30.199999999999996,30.040000000000003,31.999999999999996,39.84,32.94,31.83,0.0,0.93,0.92,3,2007,4930.601941747573,3287.0679611650485,6771.36
2007-06-30,22960.760000000002,7157.840000000001,2.178821583436235,-0.000858070313421328,20788.68,12897.720000000001,17306.31,108.0,10063.05,19961.130000000005,24237.75,10186.56,413.4,42331.53,129690.6,173604.45,0.0,1776.27,6700.52,30193.21,46194.37,76387.58,3286.51,97216.87,-3691.66,-8285.570000000002,7944.4,4408.59,12.39119357236261,3.65,0.79,4.24,1.5,0.35,16.485046319960947,32.476774545558975,29.45520121758608,32.10678597478678,36.2177700944778,32.37,31.49,0.0,1.4,1.39,6,2007,-2.8189228796481984,3285.188679245283,13929.2
2007-09-30,24030.09999999999,7045.799999999999,2.1431324910607867,1.611108192592259,20988.43,12690.839999999997,17500.059999999998,136.0,11339.260000000002,20311.75,15115.06,12348.75,230.95,35843.51,135058.75,172577.28,0.0,1882.07,0.0,26694.55,46559.5,73254.05,3296.04,99323.23,12564.170000000002,-10296.879999999997,-11478.08,4809.220000000001,15.867147804365723,4.51,0.74,6.38,3.11,0.49,16.325429320619786,31.602806388557802,28.378030226460066,30.984724290822403,34.961948224076274,31.58,30.73,0.0,1.34,1.33,9,2007,5296.707576743359,3287.617554858934,20975.0
2007-12-31,28511.76000000001,7480.389999999999,2.273923270775765,0.0019124407700052994,25390.020000000004,14325.57,19919.210000000006,164.0,14186.189999999999,24372.619999999995,24012.74,2206.72,360.99,44254.83,144089.2,190039.14,0.0,1682.89,0.0,34456.6,48795.71,83252.31,3297.42,106786.82,21496.16,-12698.350000000002,84.53999999999999,5593.639999999999,18.030951407613777,5.06,0.78,8.65,3.11,0.36,15.74133242243385,31.608847870298032,28.02314689765278,30.64144467533216,35.341762372612,30.25,29.4,0.0,1.28,1.27,12,2007,6.291242539005907,3289.6404624277457,28455.39
2008-03-31,28374.34,8904.71,2.7,1.6699999999999997,25088.84,15774.41,20395.08,151.0,12599.94,24071.53,32195.53,1571.67,355.01,50982.77,147662.55,201606.82,0.0,2050.68,0.0,43627.79,48029.63,91657.41,3298.3,109949.41,18745.25,-10370.47,-70.86,4620.67,13.9825,4.53,0.83,2.7,1.67,0.62,17.68,33.72,32.4,35.6,39.96,32.77,31.38,0.0,1.17,1.16,3,2008,5507.728037037035,3298.04074074074,8904.71
2008-06-30,38135.47,12996.95,3.9403290892105898,0.00020354777099468955,35067.16,22525.000000000004,29073.36,193.0,15610.460000000001,33977.72,28567.59,15684.1,316.76,53057.69,151336.19,207624.7,0.0,1661.52,0.0,35618.8,48883.83,84502.63,3298.66,123122.07,6843.77,-9882.76,-766.5,6548.360000000001,12.246743585995175,5.17,0.69,6.64,1.67,0.25,25.04245294648899,47.6874767483378,42.22798463678096,47.18900138163043,52.86212579320472,33.71,32.93,0.0,1.49,1.48,6,2008,0.671390673807764,3298.4427710843374,21901.66
2008-09-30,42433.41,12983.869999999999,3.9339951521447434,2.861004804831585,39409.630000000005,23789.6,33053.33,127.0,18643.809999999998,38431.92999999999,36479.33,14453.59,603.84,60320.01,154514.25,218421.93,0.0,1859.67,0.0,41977.68,49272.09,91249.77,3306.77,127172.16,32056.140000000003,-12999.140000000003,-11131.74,9263.729999999998,8.07394233383421,3.3,0.72,10.57,4.53,0.43,23.775175999905976,47.28237882010106,40.83613510816662,45.85318852830959,52.38875663348099,32.66,32.02,0.0,1.44,1.42,9,2008,9442.542000860585,3300.428571428571,34885.53
2008-12-31,31063.920000000013,6789.309999999998,2.055942919037001,0.0025469653015722767,26657.64,12918.010000000002,22000.37999999999,107.0,18145.910000000003,25124.37000000001,43994.69,11526.62,320.37,66952.03,167326.09,238267.36,0.0,2245.41,0.0,49449.89,54713.64,104163.54,3307.08,134103.83,24619.699999999997,-17024.269999999997,-266.03999999999905,9082.370000000003,13.013201753933762,2.64,0.78,12.62,4.53,0.36,11.397287370509396,22.82064057834415,20.253155601797143,22.54694928642797,25.8833764640728,30.47,29.77,0.0,1.35,1.35,12,2008,8.410805976907795,3302.2852614896988,41674.84
2009-03-31,26521.93,5746.26,1.74,2.56,23995.74,11260.08,19314.8,97.25,15261.85,22698.57,57156.01,11625.0,1068.55,82600.64,190616.42,284705.22,0.0,2973.1,8897.33,87237.33,66065.95,153303.28,3307.33,131401.94,13206.31,-24748.63,24588.91,8054.72,13.972500000000002,2.45,1.17,1.74,2.56,1.47,8.08,18.52,17.48,19.04,22.8,22.09,21.67,0.0,0.95,0.93,3,2009,8454.267586206897,3302.4482758620693,5746.26
2009-06-30,28717.370000000003,6496.42,1.9633572061019322,0.004939337713186553,24226.279999999995,13002.94,21021.600000000002,133.5,15714.42,18119.989999999998,56129.49,1884.18,8983.78,80833.64,197413.34,287298.75,0.0,1403.1,10574.08,51614.18,97916.28,149530.46,3307.56,137768.29,-8420.63,-10583.73,18231.49,8018.659999999999,16.998435076549853,3.21,1.09,3.7,2.56,0.69,9.04205588972349,20.800973643025873,18.869454661887758,19.93072882734826,21.841022325177164,22.43,22.16,65.58,1.57,1.39,6,2009,16.343440820128308,3308.832432432432,12242.68
2009-09-30,30773.899999999994,5258.91,1.589548943838817,1.4796879178992897,19273.230000000003,8361.8,13939.510000000002,144.5,22412.109999999997,23257.18,48429.2,10453.42,9483.94,73566.09,203977.73,290478.68,0.0,1665.96,10192.71,54624.38,97552.96,152177.34,3311.08,138301.34,20979.6,-15721.400000000001,-12639.460000000003,5577.710000000001,22.730158854211236,3.46,1.1,5.29,4.04,0.76,7.2476220274843595,15.408708854452653,15.20438120193651,15.853421980517199,16.62265549587209,20.56,20.35,42.41,1.35,1.17,9,2009,4895.442583558985,3308.4291115311908,17501.59
2009-12-31,34325.04000000001,4652.009999999998,1.4048257122995806,0.00368542111348003,25823.050000000003,9658.340000000004,17859.589999999997,147.0,24666.700000000004,24180.640000000007,48677.77,14264.16,9194.55,78783.86,206705.3,300710.61,0.0,918.73,10327.58,56195.59,101514.25,157709.84,3312.56,143000.77,17121.200000000004,-11149.449999999997,-6029.84,8201.25,26.156144978192227,3.41,1.1,6.69,4.04,0.6,6.190472645529393,13.178903094756604,13.010911978188643,13.430889769608548,14.5228320273003,18.57,18.41,29.38,1.4,1.24,12,2009,12.20408747079091,3311.449925261584,22153.6
2010-03-31,34473.71,10471.4,3.16,1.2,26316.73,16977.25,25618.19,148.5,17496.46,25043.55,53610.67,13209.0,9722.16,80863.0,213329.36,312099.54,0.0,1500.66,7308.7,59939.63,102761.1,162700.73,3313.24,149398.81,23659.42,-13833.62,-4555.0,8640.94,11.7475,3.29,1.09,3.16,1.2,0.38,13.44,22.76,28.04,29.840000000000003,26.92,31.44,30.38,42.78,1.35,1.19,3,2010,3976.481012658227,3313.7341772151894,10471.4
2010-06-30,37800.79,10615.94,3.201796831653495,0.000682341134238615,28396.180000000004,17723.550000000003,27397.49,143.5,20077.239999999998,27225.91,39520.79,13705.06,8926.91,66375.51,217862.99,302843.4,0.0,2066.67,159.5,41139.87,101650.4,142790.27,3314.14,160053.13,8774.350000000002,-12578.44,-10563.64,9673.94,11.20320928716628,2.97,0.89,6.36,1.2,0.19,14.015412546105862,23.681214302040942,26.5406806548384,28.51411518000848,26.70177735077065,29.92,29.18,32.96,1.61,1.4,6,2010,2.2623835681879427,3315.619496855346,21087.34
2010-09-30,38901.78,10532.099999999999,3.1776727861087983,2.549560903039396,27526.09999999999,16216.61,26153.760000000002,154.0,22685.170000000006,26155.140000000007,60941.51,13023.07,8548.46,87663.74,219510.6,327759.76,0.0,1449.5,0.0,56176.35,109426.54,165602.88,3316.82,162156.87,21272.01,-11803.609999999997,13421.029999999999,9937.149999999998,12.113865269034667,3.15,1.02,9.54,3.75,0.39,12.85725047628927,21.943929051241888,25.98097246504049,28.04612668662063,24.981704293308162,29.79,28.44,37.19,1.56,1.41,9,2010,8450.28176100629,3314.406708595388,31619.44
2010-12-31,36396.01999999999,10119.530000000002,3.0524203807616725,0.0009514075321035185,28377.440000000002,17572.67,26145.48999999999,168.0,18823.340000000004,26220.22,59514.76,11728.21,8548.03,85076.17,226332.47,342219.55,0.0,1958.45,0.0,58196.59,111728.96,169925.55,3317.45,172294.0,28026.509999999995,-36959.46000000001,6364.41,8572.82,13.755526684539692,3.23,0.99,12.59,3.75,0.3,11.83146263551784,20.666267931384034,23.498060627753876,25.680092671189545,23.381685585437307,29.4,28.28,34.32,1.46,1.31,12,2010,3.154151742672184,3315.2478157267674,41738.97
2011-03-31,40030.65,10978.84,3.31,2.48,29583.53,19040.88,28133.21,180.0,20989.77,27740.55,36928.84,14643.5,8585.9,64772.68,251111.79,386975.5,0.0,3449.0,0.0,79277.81,141010.82,220288.63,3318.43,166686.87,25613.93,-70025.02,21150.23,9092.33,13.595,3.58,1.32,3.31,2.48,0.75,11.36,21.8,26.36,27.8,24.76,29.19,27.43,24.68,0.82,0.71,3,2011,8225.837824773414,3316.870090634441,10978.84
2011-06-30,45029.27,11169.869999999999,3.36376397993382,0.00282014206521825,34272.01,22687.38,30838.83,171.0,22341.890000000003,32488.66,40085.75,17334.28,8858.02,73573.85,266892.96,404610.86,0.0,2372.79,21792.37,80517.08,143801.9,224318.98,3318.96,180291.88,3928.470000000001,-13291.89,12284.539999999997,8151.449999999999,12.710374525397343,3.15,1.24,6.67,2.48,0.37,11.034356204040774,23.80354720432928,24.77182709060708,26.264591915285354,25.982176948454335,27.15,26.04,29.29,0.91,0.8,6,2011,9.364693967214407,3320.646176911544,22148.71
2011-09-30,40828.54000000001,7449.73,2.245104525779061,2.6081797936929636,32156.79,15684.61,23673.549999999996,139.5,25143.940000000002,30673.750000000007,40019.81,16258.71,8819.64,71490.6,279659.01,415303.98,0.0,1450.23,21794.13,88121.26,145091.14,233212.4,3319.99,182091.58,38261.62,-26723.58,-11413.319999999996,7988.940000000002,15.534777824162756,2.54,1.28,8.92,5.09,0.57,7.178293842513321,15.554647947662104,16.36006661161872,17.316501275067196,17.668871940548218,23.87,23.51,19.08,0.81,0.71,9,2011,8654.490261528426,3318.2107623318384,29598.44
2011-12-31,47561.31999999999,15149.619999999999,4.563703490162479,0.002113314453701481,34881.05,26150.91999999999,34450.06,168.5,21410.399999999994,32108.369999999995,42799.9,20103.48,9142.61,86764.14,294757.06,447842.04,0.0,2313.32,21796.32,99503.94,148313.93,247817.87,3319.99,200024.17,20912.14,-18250.97,-602.8600000000006,8299.14,9.230441918675188,2.8,1.24,13.48,5.09,0.38,13.528604708226458,28.641640598497453,30.2937825148174,32.55532103961601,32.48761030534061,26.38,25.8,22.26,0.87,0.78,12,2011,7.015335457945184,3319.589020771513,44748.06
2012-03-31,50494.43,18288.33,5.51,2.7900000000000005,42948.34,26794.88,37238.37,174.5,23699.56,36222.33,54383.84,4332.72,747.65,95231.03,298329.96,461742.33,9952.57,3485.37,21798.54,112727.94,145079.56,257807.5,3319.99,203934.83,35127.12,-22331.92,-773.38,10443.49,7.917500000000001,2.84,1.26,5.51,2.79,0.51,15.84,25.24,35.88,39.48,30.72,37.68,36.22,26.16,0.84,0.84,3,2012,9260.334065335755,3319.1161524500912,18288.33
2012-06-30,51128.39000000001,7732.829999999998,2.329849522465562,-7.619461362706509e-05,34653.96000000001,22720.859999999997,32288.609999999993,168.0,28407.51,37502.72,18694.19,22466.57,9319.64,81917.38,313979.23,462351.02,0.0,3081.6,5021.6,70161.28,169552.49,239713.78,3319.99,222637.24,9046.36,-41895.87,-4256.2699999999995,9567.750000000002,18.02811709296597,2.51,1.08,7.84,2.79,0.36,6.692373883408732,13.574939564569755,13.895888223276744,15.35798766849748,15.013265035071456,26.38,25.61,19.95,1.17,1.03,6,2012,-0.2528918663683726,3319.0255102040815,26021.16
2012-09-30,57123.07000000001,17526.420000000002,5.268279840119703,2.8065051982058646,44147.91,28529.750000000007,40192.43000000001,162.5,28593.329999999994,41696.08,20810.45,29869.88,9813.55,71655.28,314710.12,532060.61,0.0,3291.43,5015.69,121229.79,186296.99,307526.77,3319.99,224533.83,27871.590000000004,-63194.4,39454.41,11662.679999999997,7.708725852170607,2.4,1.37,13.09,5.59,0.43,13.168687270337411,26.530558217012292,31.215262368195894,34.48328622623807,30.587415420099124,28.12,27.43,21.56,0.59,0.51,9,2012,9336.631752428248,3326.7822765469828,43547.58
2012-12-31,59535.68999999997,13768.379999999997,4.102939746625546,0.04823018973543124,44397.05999999998,27203.08,38220.94999999998,164.0,32332.62000000001,41045.94,70205.14,31875.74,9915.64,123483.49,336058.38,601513.29,0.0,3498.06,5009.71,72749.32,200659.71,273409.04,3969.99,328104.26,35331.43999999999,-19771.139999999985,34179.950000000004,11017.870000000003,9.990885202180651,1.98,0.83,17.08,5.59,0.33,9.157146553944134,19.27516892677013,16.78650055586611,20.8606140279252,19.121428795749033,26.97,26.26,19.03,1.7,1.56,12,2012,161.8477532592733,3355.7353629976583,57315.96
2013-03-31,56871.2,20258.37,5.08,3.0,42873.17,30393.08,42023.32,148.0,26478.11,40986.34,91432.51,24926.25,9966.51,134478.59,340079.21,612239.42,0.0,4718.62,5003.83,88956.35,201806.46,290762.81,3969.99,321476.61,46276.47,-21806.11,-1225.64,11630.24,7.2825,1.83,0.9,5.08,3.0,0.59,13.24,22.64,25.2,30.84,23.24,37.04,35.62,30.12,1.51,1.4,3,2013,11963.60433070866,3987.86811023622,20258.37
2013-06-30,54126.67,10663.52,2.672614125462577,0.0015437748794746397,53820.729999999996,27259.93,39371.939999999995,158.5,26866.75,40629.29000000001,54730.61,4636.64,941.97,104002.71,367886.54,617679.53,0.0,4923.51,11697.13,62269.39,203546.51,265815.9,3969.99,351863.63,3045.220000000001,-22821.979999999996,-18553.22,12112.01,14.82513866199904,1.79,0.76,7.75,3.0,0.39,6.910862848292909,14.73213876642081,12.125046793711508,14.842491865794749,14.318314643768542,28.35,27.86,21.26,1.67,1.66,6,2013,6.159540259081041,3989.9212903225807,30921.89
2013-09-30,57609.140000000014,17805.480000000003,4.465313141259215,2.998185732100341,50828.02000000002,27982.43,41596.82000000001,163.5,29626.710000000006,41836.03999999999,81294.58,4353.98,1327.56,126690.68,382853.4,653805.61,0.0,4762.89,11698.09,70474.03,221596.11,292070.14,3969.99,361735.47,43252.59999999999,-20602.570000000007,2149.2999999999993,13614.39,9.15409484327297,1.79,0.81,12.22,6.0,0.49,10.889225172628855,21.10609550238398,19.688303768498077,24.292472801220345,21.456889333448533,29.32,28.9,21.98,1.8,1.78,9,2013,11955.295048835858,3987.5098199672666,48727.37
2013-12-31,60324.19999999998,7427.399999999994,1.8609909362998,0.00539653173476284,52373.56,23406.160000000003,38841.15000000001,166.5,36918.04999999999,40604.520000000004,77342.82,4992.25,1489.29,134718.96,415809.03,707866.94,0.0,4328.64,11698.8,86383.41,236629.03,323012.43,3969.99,384854.51,22023.70000000001,-24055.72,-4013.91,15434.989999999998,22.36014382893073,1.72,0.84,14.07,6.0,0.43,4.19549626861618,8.81424562864383,7.719078254616655,8.332795237163284,9.285114692839088,24.96,24.53,19.34,1.56,1.54,12,2013,21.53809512177031,3991.099502487562,56154.77
2014-03-31,59679.82,12434.86,3.12,3.0,52967.85,25464.36,41828.75,157.0,34215.46,42015.25,99648.77,3462.92,1985.5,225767.31,350409.96,716529.88,0.0,3272.13,11699.53,116970.62,220333.76,337304.38,3969.99,379225.5,45337.31,-19902.85,-1298.03,16364.39,12.58,1.64,0.89,3.12,3.0,0.96,6.96,15.32,13.12,14.2,17.0,21.01,20.84,19.62,1.93,1.91,3,2014,11956.596153846154,3985.5320512820513,12434.86
2014-06-30,68256.43,18186.6,4.561281140742472,0.001231866098531397,57555.89000000001,27661.9,49229.100000000006,167.5,40594.530000000006,47903.71000000001,104211.59,5381.69,2455.98,156648.43,367510.99,742482.93,0.0,4166.53,0.0,56746.45,255664.32,312410.77,3969.99,430072.17,12369.620000000003,-34643.74,25757.89,21567.199999999997,9.180578593579888,1.55,0.73,7.68,3.0,0.39,9.78774911450989,18.553961306874328,16.91475089692,18.601474652090396,18.41142127122613,24.81,23.93,17.44,2.76,2.72,6,2014,4.911658653845734,3987.1692708333335,30621.46
2014-09-30,66161.95000000001,15283.89,3.8355096475683115,2.9982459560813717,35881.33,25887.6,45662.630000000005,160.0,40274.34999999999,49248.14,114874.75,25203.8,13771.47,166377.65,361231.88,745078.35,0.0,3732.84,22623.94,83895.29,230055.37,313950.66,3969.99,431127.69,44701.49999999999,-21140.03,-13299.59,19775.030000000006,10.429696096674341,1.47,0.73,11.52,6.0,0.52,8.203728968410001,15.049048269972893,14.183395050903652,15.421945041264252,15.914701489042125,24.49,23.65,19.23,1.98,1.82,9,2014,11947.528645833332,3984.839409722222,45905.35
2014-12-31,66290.72,-24414.899999999998,-5.896262339783485,0.22590503136276832,75903.93,-13553.830000000002,20878.379999999976,112.0,79844.56,43689.28,129739.77,5088.38,1025.6,184129.97,379319.74,767725.02,0.0,4292.53,24696.43,94925.77,259179.37,354105.14,3969.99,413619.88,37800.149999999994,-21946.380000000005,-2870.33,34432.21,-4.748779546506436,1.07,0.86,5.19,6.0,1.16,-12.724111407625246,-40.308167209155684,-23.63049261416117,-24.448471204651366,-44.21628714149773,8.67,8.25,9.11,1.94,1.93,12,2014,935.4144087186905,4140.741811175337,21490.45
2015-03-31,48955.03,8616.32,2.16,1.5,43022.82,11439.05,35409.19,109.0,37515.98,35863.95,128875.39,3489.44,2099.76,191170.6,365311.59,760248.45,0.0,4078.44,24399.53,97520.64,252748.24,350268.87,3969.99,409979.58,35717.71,-33454.54,-1398.77,23970.14,12.615,1.06,0.85,2.16,1.5,0.69,4.52,6.2,8.4,8.72,6.92,17.95,17.6,8.18,1.96,1.94,3,2015,5983.555555555555,3989.0370370370365,8616.32
2015-06-30,49272.68000000001,1312.0300000000007,0.31055215619916715,0.08371677513831068,43787.780000000006,8261.98,33425.36,109.0,41010.689999999995,35313.90000000001,99844.48,4094.85,2036.1,172051.32,371546.42,755203.68,0.0,5052.64,25326.45,70374.7,257934.58,328309.29,3969.99,426894.4,5654.1500000000015,-29034.78,-8994.02,25163.379999999997,87.741300313255,1.01,0.77,2.35,1.5,0.64,0.6924652333972919,1.3902164609426546,1.231636636500527,1.226350642352456,1.522366314644428,10.26,10.11,4.5,2.44,2.42,6,2015,353.68912529550926,4224.829787234043,9928.35
2015-09-30,51769.18000000001,-46212.119999999995,-11.602774827422838,0.9088671314322301,43844.34,-36574.88,-10917.5,70.0,88344.06999999999,35484.509999999995,84515.36,3144.29,16543.8,165833.11,368823.74,732838.94,0.0,4065.49,10132.91,59363.87,266009.87,325373.74,3969.99,407465.2,28361.850000000006,-16781.329999999994,-33117.95,25657.379999999997,-1.507501460655776,0.68,0.8,-9.11,2.5,-0.27,-25.2178860134986,-11.61551113349026,-45.34124960002778,-44.06761899328543,-12.787251291693227,-24.89,-24.19,-2.99,2.79,2.51,9,2015,3619.8821029030523,3982.8507135016466,-36283.77
2015-12-31,43581.72999999998,4693.279999999995,1.2241857343776548,-0.09719696333086068,40795.31,10744.099999999999,33898.97,57.25,32837.619999999995,30897.58,108099.81,3040.51,1703.87,169641.79,348341.6,708863.56,0.0,4269.36,0.0,50804.43,249248.1,300052.53,3969.99,408811.04,29020.42,6241.8399999999965,-13310.630000000005,23154.87000000001,11.69512076309107,0.56,0.73,-8.24,2.5,-0.3,2.6504215414195826,0.4932398832686667,4.593667828514209,4.563954582534169,0.5526663752287471,-17.01,-16.32,-0.71,3.34,3.31,12,2015,-372.6334585113982,3833.7973300970875,-31590.49
2016-03-31,39059.89,5624.82,1.36,2.0,35013.19,8774.72,27728.85,70.25,30285.18,29090.07,128684.61,2756.03,1336.75,173452.97,336061.67,697571.6,0.0,4018.36,0.0,58543.95,241312.73,299856.68,3969.99,397714.92,28753.37,-5002.89,-794.37,18954.13,12.9125,0.7,0.75,1.36,2.0,1.47,3.24,4.8,5.64,5.5600000000000005,5.48,14.74,14.4,11.05,2.96,2.94,3,2016,8271.794117647058,4135.897058823529,5624.82
2016-06-30,39229.899999999994,2661.0,0.5780719349442783,0.20304696315335044,35190.5,6696.800000000001,25037.810000000005,83.75,32533.089999999997,28032.769999999997,84816.39,2316.91,1556.69,155380.34,325129.44,669305.95,0.0,3526.02,0.0,36922.29,234103.06,271025.34,3969.99,398280.61,7518.189999999999,-34412.08,-17347.710000000003,18341.01,36.2212706313416,0.83,0.68,1.8,2.0,1.11,1.5929093318464558,2.787591330731298,2.6719769437424423,2.5820546427511095,3.147280534696627,10.84,10.58,4.18,4.21,4.17,6,2016,934.6725490196077,4603.233333333333,8285.82
2016-09-30,37632.8,5446.27,1.241386059951544,0.6515400666128273,33453.34,9725.95,28497.76999999999,81.0,27906.860000000008,27447.72,75891.01,1949.31,1335.33,169725.3,310859.91,661453.76,0.0,2108.05,0.0,36234.44,228989.77,265224.21,3969.99,396229.54,24026.43,-33785.729999999996,1960.880000000001,18771.82,16.313297412724673,0.81,0.67,3.13,2.75,0.88,3.2997865874750314,5.7270334523004145,5.504932431989596,5.425610639021445,6.393336513232874,12.15,11.85,5.94,4.68,4.65,9,2016,2858.4686368477123,4387.249201277956,13732.09
2016-12-31,37124.06,-872.3700000000008,-0.18723123054001192,0.1605795897811395,34095.76999999999,5104.289999999997,23428.58,96.25,32019.759999999995,24891.369999999995,73076.52,2722.9,1345.37,185972.83,305781.99,676889.53,0.0,3005.71,0.0,39442.94,229462.67,268905.61,3969.99,407983.92,20182.390000000007,-22799.290000000008,-3030.0999999999985,18324.29,-128.50580499100138,0.94,0.66,2.76,2.75,1.0,-0.5155642580087285,-1.1857977934200756,-0.8547512698565763,-0.8547512698565763,-1.2889106450218213,8.56,8.4,4.17,4.71,4.68,12,2016,748.1915080798244,4659.31884057971,12859.72
2017-03-31,38452.9,12284.19,3.01,2.5,33785.65,13983.28,28788.36,93.0,24469.61,27356.59,50264.82,2180.48,898.95,193180.68,289656.25,663206.91,0.0,2193.99,2500.0,52082.32,216627.42,268709.74,3969.99,394497.17,23674.1,-44065.77,-465.39,14805.08,7.725,0.94,0.68,3.01,2.5,0.83,7.4,8.24,12.44,12.4,9.16,33.2,31.95,30.05,3.71,3.69,3,2017,10202.81561461794,4081.1262458471765,12284.19
2017-06-30,35406.62,7535.569999999998,1.779358962974324,0.09082970346704695,20945.72,11752.269999999999,24776.909999999996,86.25,23654.370000000003,24192.41,82526.44,13334.47,13031.42,179223.01,282399.72,641313.67,0.0,2363.83,2500.0,31497.78,213597.73,245095.51,3969.99,396218.16,12638.700000000004,34183.28,-12745.51,13024.640000000001,12.118465384834858,0.86,0.62,4.68,2.5,0.53,4.699332645803985,5.976821132041961,7.6040981323689065,7.588889936104169,6.4178588237193575,27.89,26.83,7.48,5.69,5.28,6,2017,384.663017860692,4234.991452991453,19819.76
2017-09-30,37814.53,-8681.609999999999,-1.761552735418359,1.8517346498833551,43570.37,-4903.360000000001,9202.470000000001,89.5,42717.88,26252.229999999996,86855.55,2809.48,768.84,177197.59,274907.64,621203.84,0.0,4525.6,13282.28,48276.91,198222.37,246499.29,3969.99,374704.56,18631.329999999994,-5926.050000000001,-7096.870000000001,14105.830000000002,-12.701294460359312,0.95,0.66,2.26,4.0,1.77,-5.580848489201528,-10.13282546922065,-9.259843582641642,-9.010420186476209,-11.348764525527129,10.37,9.97,5.23,3.67,3.65,9,2017,9126.061190530218,4928.384955752213,11138.15
