,revenue,net_profit,eps,dps,gross_profit,ebit,ebitda,close_price,expense,operating_profit,cash,account_receivable,inventory,current_asset,property_plant_equipment,total_asset,short_term_loan,account_payable,current_portion_long_term_debt,current_liability,non_current_liability,total_liability,paid_in_capital,total_equity,cash_flow_operation,cash_flow_investment,cash_flow_financing,depreciation,P/E,P/BV,D/E,EPS,DPS,DPR%,ROA%,ROAA%,ROE%,ROAE%,ROCE%,NPM%,NPMA%,TIE,CurrentRatio,QuickRatio,month,year,dividend,number_of_shares,return_old
2011-06-30,,,,,,,,,,,28879.7,36539.76,44764.28,115054.05,241742.2,425572.71,8718.66,25081.95,7384.82,51485.4,128880.69,180366.09,45038.79,235578.09,,,,,,0.0,0.77,4.36,0.0,0.0,,,,,,8.25,8.19,,2.23,1.37,6,2011,,4495.511467889908,19600.43
2011-12-31,-132628.41,-17486.99,-3.8888661613293967,0.0,-24856.37,-22913.75,-19719.780000000002,61.0,-109714.64,-23057.65,18973.24,41482.27,36145.3,105236.66,235343.02,372966.66,2102.81,27268.92,19960.88,60067.46,104445.03,164512.49,45061.13,198504.26,,,,,-3.921535061208361,13.85,0.83,0.47,0.0,0.0,-18.86513797410856,-0.0,-35.08253728518435,-0.0,-35.41350461806344,2.02,1.98,2.35,1.75,1.15,12,2011,0.0,4496.68085106383,2113.44
2012-03-31,136113.1,9852.19,2.19,1.3,13399.38,12239.0,16156.4,71.0,123874.11,10671.24,24114.84,39976.85,47337.18,118179.14,232951.6,383821.95,2190.7,33222.17,20342.44,63351.99,101915.57,165267.56,45066.44,208385.73,9430.93,-837.5,-3486.46,3917.4,8.105,15.35,0.79,2.19,1.3,0.59,10.28,0.0,18.92,0.0,15.28,7.35,7.24,8.49,1.87,1.12,3,2012,5848.33196347032,4498.716894977169,9852.19
2012-06-30,140378.99999999997,851.3500000000004,0.18850768063649978,0.005050221382396941,5953.85,1955.1399999999994,6057.710000000001,55.5,138423.86,3139.7000000000007,16498.07,46301.45,42770.47,117123.96,238068.82,390347.65,2607.87,32223.64,20194.36,65190.87,107235.21,172426.08,45073.3,203276.96,8622.970000000001,-12537.07,-3656.3199999999997,4102.57,73.61158947553882,12.31,0.85,2.37,1.3,0.55,0.8717485990616193,1.1071843520928593,1.6766843492900483,1.5526033443141245,1.390343568576378,3.91,3.87,4.57,1.8,1.14,6,2012,22.80812091786538,4516.261603375528,10703.54
2012-09-30,147417.57,12909.91,2.8648049480275013,0.9471503934328065,15660.09,15236.84,19555.870000000003,63.0,132180.72000000003,12706.609999999999,38022.46,56361.98,43887.96,151953.93,237473.41,424737.51,2310.4,39636.5,7397.81,60242.0,137768.85,198010.84,45076.24,211974.18,14733.220000000001,-4444.0,11469.11,4319.03,5.496430048699023,13.4,0.93,5.24,2.25,0.43,12.15901947407092,0.0,24.361776428264402,0.0,17.64807322945186,5.62,5.57,5.91,2.52,1.79,9,2012,4268.222988130898,4506.383587786259,23613.45
2012-12-31,148107.89000000007,10387.819999999996,2.303565802100921,0.0015311173143269597,14030.650000000001,12754.439999999999,17229.979999999996,70.0,135353.45,10521.84,31269.31,52740.97,41046.89,160891.4,240497.11,436061.97,2868.8,38485.18,13535.51,69645.12,128372.26,198017.38,45088.49,222432.62,22094.059999999998,-23870.68,-5647.5,4475.540000000001,7.5937921912393564,14.19,0.89,7.54,2.25,0.3,9.53199642248657,12.745990088017296,18.685157089720466,19.74834130607474,14.065804977284667,6.01,5.94,6.32,2.31,1.72,12,2012,6.904500425212973,4509.452254641909,34001.27
2013-03-31,145272.13,12074.99,2.68,2.45,14794.44,14824.8,18794.44,70.75,130447.33,11904.17,20893.73,51332.58,46361.43,160216.79,221185.12,420641.59,2710.33,36411.53,11554.3,63909.77,111280.33,175190.1,45088.49,233561.56,9527.86,-11153.87,-5281.32,3969.64,6.6,13.66,0.75,2.68,2.45,0.91,11.48,14.76,20.68,21.84,16.64,8.49,8.31,8.56,2.51,1.78,3,2013,11038.70354477612,4505.5932835820895,12074.99
2013-06-30,112193.35999999999,4171.630000000001,0.9243687610099827,0.003993830027782264,9526.69,4935.32,9139.66,69.0,107258.04,6348.92,21730.96,35866.45,44169.47,145115.37,224366.26,409005.12,2249.42,31915.5,26768.69,75707.32,98986.36,174693.67,45088.49,227706.12,23245.28,-10186.569999999998,-12233.59,4204.34,18.66462901791386,13.66,0.77,3.6,2.45,0.68,4.077493312455145,5.073757421543682,7.3230547400013055,7.74415606446141,6.090563058654663,6.37,6.31,6.24,1.92,1.33,6,2013,18.023955223879966,4512.95,16246.62
2013-09-30,143613.68,9609.97,2.1296361237115957,1.6197523619703909,15500.709999999995,11845.560000000001,16010.71,74.5,131768.11,11360.650000000001,12821.45,44730.06,47365.56,147229.53,225575.51,412194.35,4104.2,34375.13,27408.01,78988.85,96216.66,175205.52,45088.49,230241.51,6708.080000000002,-5267.870000000003,-10421.810000000001,4165.15,8.744451595582504,14.59,0.76,5.73,4.07,0.71,9.321339263994206,11.224260198270535,16.695157884314984,17.37902009507054,14.1083747392831,6.51,6.45,6.4,1.86,1.26,9,2013,7309.122639616053,4512.493891797556,25856.59
2013-12-31,157438.98000000004,7420.820000000003,1.645730590211198,-0.0030325476161290094,12386.190000000002,9295.989999999998,13694.0,79.0,148143.0,8563.399999999998,18582.2,58387.95,50237.93,160513.43,231248.83,432361.76,4598.87,45654.94,19839.19,83206.52,103921.97,187128.49,45088.49,238502.74,6724.260000000002,4336.420000000002,-5597.279999999999,4398.01,11.995584281790956,14.93,0.78,7.38,4.07,0.55,6.868360728794702,8.402591956525466,12.443328852816373,12.880406353739673,10.445260277167007,6.02,5.96,6.45,1.93,1.33,12,2013,-13.674164006293722,4509.134146341464,33277.41
2014-03-31,149011.76,6295.58,1.4,1.78,9720.06,7929.97,12152.38,72.25,141081.79,6283.96,14642.39,46472.61,56642.26,159760.2,231459.34,432363.05,4851.33,41557.45,20296.3,79607.11,101980.95,181588.06,45088.49,244329.0,11381.7,-11898.45,-3222.24,4222.41,12.9025,13.33,0.74,1.4,1.78,1.27,5.84,7.44,10.32,10.52,9.0,4.27,4.22,4.92,2.01,1.3,3,2014,8004.380285714286,4496.842857142858,6295.58
2014-06-30,154628.47999999998,6085.17,1.3516319689841085,0.002074931994080475,10852.910000000002,6627.259999999999,11066.590000000002,67.5,148001.22,7519.900000000001,8993.78,52752.84,53963.15,145727.27,230394.5,417802.22,4699.96,44099.81,15069.74,75753.87,95000.25,170754.12,45088.49,242472.92,11016.91,5914.420000000001,-22544.67,4439.33,12.487219440870183,12.55,0.7,2.75,1.78,0.65,5.819390004644307,6.920355681198635,10.046311798558246,10.360873420430911,8.375203182359712,4.12,4.08,5.01,1.92,1.21,6,2014,9.341532467531579,4502.090909090909,12380.75
2014-09-30,148247.37,7590.720000000001,1.6837463441599443,1.3724249064017093,11457.84,9443.05,13760.14,61.0,138804.32,7872.0,10667.48,47276.18,56932.33,153739.44,229305.98,425919.38,4062.42,40765.53,17981.42,75018.48,103289.85,178308.32,45088.49,245131.07,12312.669999999998,-13671.7,3206.130000000001,4317.09,9.057347059962689,11.22,0.73,4.43,3.15,0.71,7.130266685426763,8.711391920574702,12.390548717745865,12.770626899271813,10.398939046549904,4.46,4.42,5.55,2.05,1.29,9,2014,6187.210574594706,4508.232505643341,19971.47
2014-12-31,128142.93000000005,-4935.4400000000005,-1.093042192653247,0.004947425088549006,-1667.670000000002,-4421.309999999998,-29.410000000003492,51.25,132564.23000000004,-5877.84,15415.57,40749.36,35762.02,131540.74,231208.94,404752.39,3919.5,22935.61,23087.97,61796.12,101080.26,162876.38,45088.49,239426.26,10929.450000000004,-5870.970000000001,-178.84000000000015,4391.9,-11.721574049122268,9.65,0.68,3.33,3.15,0.95,-4.871094936628884,-6.144669623564199,-8.245411375210079,-8.258541011157867,-7.497022126186234,2.62,2.59,3.67,2.13,1.55,12,2014,22.33922884509775,4515.324324324324,15036.03
2015-03-31,101254.09,5631.15,1.25,1.0,9026.51,7574.5,11564.54,52.25,93679.59,6420.83,14212.45,34041.8,30236.32,129725.13,217982.9,384392.77,259.35,23058.97,23676.26,55639.15,97040.85,152680.0,45088.49,229440.54,18094.91,-17824.99,184.33,3990.04,10.45,10.27,0.67,1.25,1.0,0.8,5.840000000000001,7.4,9.8,9.52,9.2,5.63,5.56,4.91,2.33,1.79,3,2015,4504.92,4504.92,5631.15
2015-06-30,112849.70000000001,8973.880000000001,1.9907779169231425,0.000622333538513715,13969.35,11241.82,15204.099999999999,69.25,101607.88,11335.390000000001,14600.8,36312.42,34809.71,138113.23,218902.39,395161.33,333.74,29359.73,14910.16,56610.3,101720.31,158330.61,45088.49,234723.39,15948.609999999997,-3814.369999999999,-11737.65,3962.2799999999997,8.694942742158354,13.3,0.67,3.24,1.0,0.31,9.093676904463738,11.37938488315327,15.287208201557958,15.041433150085965,13.665092861842803,6.89,6.82,7.34,2.44,1.82,6,2015,2.805308641974989,4507.725308641975,14605.03
2015-09-30,95515.49000000002,1207.2699999999986,0.2679886986712872,1.4993792279849654,6310.68,2410.959999999999,6586.9000000000015,53.75,93104.53,3438.25,7462.81,29590.1,39363.68,132387.9,220617.05,394240.74,305.75,26655.61,13825.57,52865.64,108681.68,161547.32,45088.49,229829.13,7184.68,-7692.989999999998,-6148.3499999999985,4175.9400000000005,50.13093860528305,10.54,0.7,3.51,2.5,0.71,1.2246549078881617,1.5819731727832114,2.1011535576734546,2.0339655078641288,1.8995894082454776,5.16,5.11,4.44,2.5,1.76,9,2015,6754.596628679963,4504.928774928775,15812.3
2015-12-31,100734.38999999996,4690.200000000001,1.040868674551884,0.0006187140682932653,7965.68,6715.450000000001,10972.019999999997,50.0,94018.94,4654.23,11482.8,32148.16,29930.02,117900.59,220212.78,377544.86,601.67,19650.22,9269.16,41220.79,102059.3,143280.09,45088.49,231551.55,9594.160000000003,6987.619999999999,-12326.080000000002,4256.5700000000015,12.01028074495757,9.74,0.62,4.55,2.5,0.55,4.9687181563224,6.533452603341057,8.098187050359712,7.970080136568713,7.604060382880138,5.08,5.0,5.42,2.86,2.13,12,2015,2.7879527879522357,4506.043956043956,20502.5
2016-03-31,82983.88,4707.14,1.06,1.3,7617.87,6452.38,10579.58,60.5,76531.5,5061.86,20219.73,27838.91,33115.8,124500.46,221479.22,385687.43,471.71,21820.91,10255.12,43792.36,103651.84,147444.2,45088.49,235493.43,14906.65,-7752.16,1590.33,4127.2,14.269999999999998,11.58,0.63,1.06,1.3,1.23,4.88,6.72,8.0,8.08,7.56,5.78,5.67,4.36,2.84,2.09,3,2016,5772.907547169812,4440.698113207547,4707.14
2016-06-30,67212.69,4924.400000000001,1.1043617116265936,0.005349268976010969,8323.099999999999,6350.160000000001,10495.4,59.25,60862.54000000001,5677.750000000001,20992.42,20488.11,34339.33,108784.63,222366.01,370450.22,472.22,18489.41,8241.61,37722.33,95524.53,133246.86,45088.49,234543.34,11978.140000000001,5652.25,-16753.129999999997,4145.240000000001,13.412453405491023,11.39,0.57,2.16,1.3,0.6,5.317297130053968,6.830681697838559,8.405419694046852,8.38496855123895,7.873689981041453,6.51,6.41,5.99,2.88,1.97,6,2016,23.852638015374396,4459.0462962962965,9631.54
2016-09-30,92677.91999999998,6225.9,1.3937902334803094,1.052281159039075,9164.520000000002,8362.349999999999,12854.890000000003,58.75,84315.56,6311.669999999998,21620.9,30356.65,36458.64,113281.06,221659.75,376562.68,3025.12,23774.21,7666.74,46227.57,91826.19,138053.75,45088.49,236016.22,4844.919999999998,3447.99,-7664.23,4492.539999999999,10.53826081369762,11.22,0.58,3.55,2.35,0.66,6.611669727269975,8.62186859921904,10.553544077732596,10.694886185916515,10.066699038432432,6.65,6.53,5.91,2.45,1.66,9,2016,4700.4184063641105,4466.884507042254,15857.44
2016-12-31,110161.71000000002,9744.19,2.1846909981903497,-0.003514409648641983,16932.01,11960.309999999998,16499.689999999995,63.0,98201.41,13396.57,31143.38,40982.61,35753.68,127513.47,221514.17,393166.2,562.61,27727.47,10637.3,53267.6,91229.84,144497.44,45088.49,246015.75,12760.54,-1459.26,-1757.0300000000025,4539.380000000001,7.212141219536975,11.55,0.59,5.74,2.35,0.41,9.911037211302562,13.092921661628575,15.848524941575986,16.320479094495155,14.84371932568356,7.33,7.25,7.99,2.39,1.72,12,2016,-15.675020120725094,4460.214285714285,25601.63
2017-03-31,110548.28,13181.75,2.96,1.8,16297.21,15848.19,20854.05,73.25,94700.09,13342.29,28774.7,34240.42,39373.04,134265.67,219449.92,400391.68,2766.29,25629.71,11284.32,52013.7,86895.97,138909.66,45088.49,258784.14,14508.16,-15723.28,-1103.61,5005.86,6.1875,12.76,0.54,2.96,1.8,0.61,13.159999999999998,16.12,20.36,21.32,18.2,12.2,11.92,11.07,2.58,1.82,3,2017,8015.929054054055,4453.293918918919,13181.75
2017-06-30,102942.23999999999,6603.1500000000015,1.481836451030837,0.0011167607619951322,9240.370000000003,7635.85,12479.320000000003,68.5,95306.39000000001,6353.579999999998,39048.91,30849.51,37455.24,128578.54,218894.93,394508.73,632.67,22317.06,11344.86,45455.22,86930.72,132385.94,45088.49,256870.21,15379.619999999999,2669.9500000000007,-7774.39,4843.47,11.558158113930471,12.02,0.52,4.44,1.8,0.41,6.7016387244818025,8.196825053449853,10.279406011655356,10.746651739457873,8.984467851745524,9.43,9.27,12.04,2.83,2.0,6,2017,4.976351351350786,4456.058558558559,19784.9
2017-09-30,114537.61000000002,12324.55,2.556303611553608,1.886339301981192,14841.96,14712.900000000001,19565.979999999996,77.0,99824.70999999999,10821.940000000002,32869.7,35132.86,38228.61,122366.01,222239.67,419561.31,223.01,28673.4,12795.88,55112.32,94913.38,150025.7,45088.49,264075.62,14374.950000000004,-23033.229999999996,866.0900000000001,4853.08,7.52938732042955,13.15,0.57,6.66,3.55,0.53,11.745178755786847,14.739047850399178,18.66946061050563,19.713476499908904,16.090127236685774,10.02,9.79,11.43,2.22,1.53,9,2017,9094.492117117115,4821.238738738739,32109.45
