,revenue,net_profit,eps,dps,gross_profit,ebit,ebitda,close_price,expense,operating_profit,cash,account_receivable,inventory,current_asset,property_plant_equipment,total_asset,short_term_loan,account_payable,current_portion_long_term_debt,current_liability,non_current_liability,total_liability,paid_in_capital,total_equity,cash_flow_operation,cash_flow_investment,cash_flow_financing,depreciation,P/E,P/BV,D/E,EPS,DPS,DPR%,ROA%,ROAA%,ROE%,ROAE%,ROCE%,NPM%,NPMA%,TIE,CurrentRatio,QuickRatio,month,year,dividend,number_of_shares,return_old
2000-09-30,,,,,,,,,,,8697.52,0.0,0.0,8703.89,8.77,8712.77,0.0,0.0,1.47,50.58,5.71,56.29,8700.0,8656.48,,,,,,0.0,0.01,-0.23,0.0,0.0,,,,,,0.0,-268.81,0.0,172.08,172.08,9,2000,,189.21739130434784,-43.52
2000-12-31,2781.41,188.12,0.35126141078838174,0.0,577.0,435.25,643.09,12.75,2346.17,421.13,571.94,2947.59,0.0,6797.41,29140.29,37082.01,0.0,1982.49,214.39,2622.91,18269.1,20892.0,14500.0,16190.0,-2405.36,-31410.29,25819.980000000003,207.84,9.074011269402508,11.42,1.29,0.27,0.0,0.0,2.029510373443984,0.0,4.631446749654219,0.0,5.9324149377593365,5.23,5.17,0.0,2.59,2.59,12,2000,0.0,535.5555555555555,144.6
2001-03-31,4594.85,956.31,0.66,0.0,1424.47,1354.11,1656.92,15.0,3240.75,1333.91,3739.61,3231.17,760.03,7858.02,28862.9,37877.3,0.0,1932.35,404.6,2595.24,18076.46,20671.7,14500.0,17205.6,977.83,-1357.02,-0.49,302.81,5.6825,12.64,1.2,0.66,0.0,0.0,10.08,0.0,22.24,0.0,15.36,20.92,20.81,0.0,3.03,2.74,3,2001,0.0,1448.9545454545453,956.31
2001-06-30,3846.369999999999,501.1700000000001,0.34386063616653406,0.0,940.6600000000001,889.1000000000001,1201.37,17.25,2957.26,862.0199999999998,882.51,2281.77,0.0,8134.88,28616.06,37879.47,0.0,1342.81,596.74,2288.88,17883.82,20172.7,14500.0,17706.77,1268.83,-918.1799999999998,-0.5,312.27000000000004,12.541418081688846,14.13,1.14,1.0,0.0,0.0,5.295453796964625,0.0,11.319892142602303,0.0,8.665288031396658,17.37,17.27,0.0,3.55,3.55,6,2001,0.0,1457.48,1457.48
2001-09-30,5154.460000000001,950.6999999999998,0.6553339036118562,0.0,1325.52,1367.96,1683.6400000000003,16.0,3786.5,1243.96,513.82,3716.91,0.0,10131.38,28332.97,39702.72,0.0,2391.2,683.58,3367.69,17691.18,21058.87,14500.0,18643.85,684.5,-947.3800000000001,-105.81,315.67999999999995,6.10467424003366,12.44,1.13,1.66,0.0,0.0,9.585245288973415,23.560438173226252,20.402202493169113,27.85563869810396,15.696431329883977,17.95,17.71,0.0,3.01,3.01,9,2001,0.0,1450.7108433734938,2408.18
2001-12-31,4318.619999999999,651.3600000000001,0.44920792014485844,0.0,929.1799999999998,1123.0900000000001,1428.21,15.2,3195.5300000000007,821.2100000000005,594.81,2817.0,0.0,10574.4,28050.62,39849.88,0.0,1784.22,768.56,3056.14,17498.53,20554.67,14500.0,19295.21,1412.4400000000005,-1210.1599999999999,-121.29,305.1200000000001,8.454882092851879,11.42,1.07,2.11,0.0,0.0,6.540126685710925,10.482937435039256,13.50604286918949,14.681221883028169,10.959821672539011,17.56,17.08,0.0,3.46,3.46,12,2001,0.0,1450.0189573459716,3059.54
2002-03-31,4105.29,718.73,0.5,1.0,929.2,1167.42,1474.2,17.5,2937.87,844.6,322.09,2494.77,0.0,11482.82,27759.39,40850.97,0.0,1503.17,838.76,3601.35,17235.68,20837.03,14500.0,20013.94,966.2,-996.27,-192.65,306.78,8.75,12.68,1.04,0.5,1.0,2.0,7.04,11.88,14.36,15.44,12.519999999999998,19.01,17.51,0.0,3.19,3.19,3,2002,1437.46,1437.46,718.73
2002-06-30,7884.2699999999995,1258.07,0.8655277215702145,0.011055443140428932,1899.24,1882.88,2350.99,17.2,6001.39,1753.2400000000002,357.46,6300.73,0.0,15937.22,43903.17,61435.46,0.0,3992.18,1612.69,6787.49,34825.97,41613.46,14500.0,19822.0,-1609.02,-14985.93,16920.32,468.11,4.969222698260033,12.58,2.1,1.36,1.0,0.74,8.197056657223797,15.630412383650343,25.38032760016188,26.805902670983404,14.204837312828815,17.14,16.49,0.0,2.35,2.35,6,2002,16.06941176470582,1453.5294117647059,1976.8
2002-09-30,7373.090000000002,1096.14,0.7562193859951708,-0.0027798632388450193,1658.65,1624.9099999999999,2139.97,16.9,5748.18,1580.38,38.97,5094.18,0.0,15161.18,43915.28,60780.13,0.0,3191.44,1789.58,5581.48,34280.49,39861.97,14500.0,20918.15,1915.65,-1862.6100000000006,-371.52999999999884,515.0600000000001,5.585812897987483,11.71,1.91,2.12,1.0,0.47,7.219754892708611,13.283778270971775,20.96011845333785,22.158654838688683,12.085241885620938,16.29,15.87,0.0,2.72,2.72,9,2002,-4.029411764705856,1449.5,3072.94
2002-12-31,8792.21,1655.9999999999995,1.141600443228292,0.0007549260510811485,2172.92,2223.54,2809.0599999999995,18.1,6568.67,2081.5999999999995,95.44,6409.96,0.0,11945.01,53279.12,67784.04,0.0,3981.74,2241.91,6555.73,38654.16,45209.89,14500.0,22574.15,3206.45,-7975.359999999997,4825.369999999999,585.52,3.962200634057972,11.63,2.0,3.26,1.0,0.31,9.777142446298745,17.95744500881804,29.345434706297812,31.64264296015597,15.78630306157405,17.2,16.8,0.0,1.82,1.82,12,2002,1.095092024539781,1450.5950920245398,4728.94
2003-03-31,8469.37,1591.62,1.1,1.5,2183.64,2131.76,2727.81,19.7,6337.61,2090.0,1918.07,6387.86,1364.29,13607.98,52764.69,68975.28,0.0,3672.56,2457.98,6862.18,37947.34,44809.51,14500.0,24165.76,2268.68,44.98,-490.93,596.05,4.4775,11.82,1.85,1.1,1.5,1.36,9.24,15.52,26.36,28.839999999999996,13.72,18.89,18.79,0.0,1.98,1.78,3,2003,2170.3909090909087,1446.9272727272726,1591.62
2003-06-30,8684.63,972.8600000000001,0.6714664181432494,0.0019996611044311914,1538.0700000000002,1496.1599999999999,2140.72,27.5,7188.47,1446.0100000000002,542.76,6067.92,1436.73,12798.22,52159.94,67578.5,0.0,3974.4,2660.94,7384.83,37230.03,44614.86,14500.0,22963.63,2161.44,-856.25,-2680.5,644.56,10.240944020722404,17.36,1.94,1.77,1.5,0.85,5.751090903419017,8.528002869977541,16.949785063638636,18.19408441477415,9.150152545545298,15.03,14.95,0.0,1.73,1.54,6,2003,2.897226502311696,1448.8587570621469,2564.48
2003-09-30,10252.16,1585.8300000000004,1.0928036218981234,0.7523759507611217,1975.96,1937.3400000000001,2594.1400000000003,29.0,8314.820000000002,1893.8599999999997,186.79,7319.7,1403.29,14061.36,51707.82,68356.74,0.0,4671.77,2774.06,8397.66,36497.13,44894.78,14500.0,23461.96,1964.4099999999999,-661.49,-1658.8899999999999,656.8000000000002,6.63440334083729,17.92,1.91,2.86,2.25,0.79,9.277367811079174,13.174779329736815,27.037337162766157,28.58101780348938,14.183521134565853,15.22,15.14,0.0,1.67,1.51,9,2003,1091.8158853858013,1451.157342657343,4150.31
2003-12-31,8397.539999999997,1274.0199999999995,0.8784190489885384,-0.001243755166360195,1628.4099999999999,1604.2299999999996,2284.5,49.0,6793.309999999998,1493.8100000000004,1892.48,7525.36,1557.27,12047.27,51068.38,67719.66,0.0,3668.68,3550.49,7219.17,35764.51,42983.68,14500.0,24735.98,5133.61,-1826.82,-1601.0900000000001,680.2699999999998,13.943800529034085,28.72,1.74,3.74,2.25,0.6,7.525279767270794,9.939757794971909,20.602919512640266,21.542405126531747,11.132904524614094,15.27,15.15,0.0,1.67,1.45,12,2003,-1.8038872891825122,1450.355614973262,5424.33
2004-03-31,9710.55,1534.98,1.06,1.0,1858.13,1856.87,2511.35,35.75,7853.68,1732.19,606.64,3971.43,1536.51,12765.14,50446.02,67725.6,0.0,3580.49,2864.06,6935.25,34519.4,41454.64,14500.0,26270.96,473.08,151.4,-707.4,654.48,8.4325,19.73,1.58,1.06,1.0,0.94,9.08,10.88,23.36,24.359999999999996,12.2,16.02,15.81,0.0,1.84,1.62,3,2004,1448.0943396226414,1448.0943396226414,1534.98
2004-06-30,9865.940000000002,1526.98,1.0522435956054292,0.002116599627763494,1950.63,1842.9900000000002,2498.07,37.0,8022.9400000000005,1848.9899999999998,247.2,6759.04,1657.84,14187.79,49825.22,68397.9,0.0,4725.73,2914.51,8283.47,33766.49,42049.96,14500.0,26347.94,535.01,1268.08,-2162.5299999999997,655.0799999999999,8.792973450863796,20.36,1.6,2.11,1.0,0.47,8.936590157938054,10.851573763210494,23.179280722151823,24.77510039321219,12.26786372127657,15.74,15.64,0.0,1.71,1.51,6,2004,3.071537154609814,1451.1658767772512,3061.96
2004-09-30,10668.939999999999,1897.5199999999995,1.308507827433521,0.8992928092101994,2223.8599999999997,2212.4900000000002,2875.0,37.5,8456.460000000001,2105.1700000000005,1490.83,7456.46,1665.17,16303.76,49592.19,70365.57,0.0,5267.9,3019.23,10482.64,32942.47,43425.11,14500.0,26940.46,2391.0499999999997,-412.70000000000005,-734.73,662.51,7.161439774020829,20.18,1.61,3.42,1.9,0.56,10.789450506907981,13.039165718986665,28.1750047988902,30.118636308645257,15.105230709671174,16.53,16.4,0.0,1.56,1.4,9,2004,1304.1007898894152,1450.140350877193,4959.48
2004-12-31,10171.0,1527.5500000000002,1.0525846959240208,0.001435942180011832,1537.7399999999998,1835.6599999999999,2501.3999999999996,38.0,8335.339999999997,1421.04,571.11,6645.08,1606.73,16595.48,48970.62,69494.19,0.0,4860.81,3123.95,8907.73,32118.44,41026.18,14500.0,28468.01,2365.3800000000006,-1249.12,-2035.9899999999998,665.74,9.02421442833295,19.36,1.44,4.47,1.9,0.43,8.788022561942833,10.634166637120533,21.466134425152962,22.973190813053126,12.047032000776936,16.32,16.05,0.0,1.86,1.68,12,2004,2.0838926174501466,1451.2371364653245,6487.03
2005-03-31,10933.67,2149.14,1.4800000000000002,0.0,2331.43,2478.65,3136.87,40.0,8455.02,2213.89,254.13,3907.66,1621.3,15645.54,48742.5,68629.28,0.0,2677.98,3167.7,6660.44,31351.69,38012.13,14500.0,30617.15,2971.3,-2550.22,-738.06,658.22,6.7575,18.94,1.24,1.48,0.0,0.0,12.52,14.56,28.08,30.24,16.0,20.15,19.66,0.0,2.35,2.11,3,2005,0.0,1452.1216216216214,2149.14
2005-06-30,11907.249999999998,1855.3400000000001,1.2787523973150072,1.1,2317.11,2156.82,2831.2300000000005,40.5,9750.43,2207.2100000000005,705.41,8589.06,1675.68,16455.49,48095.51,68704.69,0.0,3226.07,3146.92,7207.64,30619.57,37827.21,14500.0,30877.49,-1445.3000000000002,4255.54,-2358.9500000000003,674.4100000000001,7.9157622861577925,19.02,1.23,2.76,1.1,0.4,10.804531125139844,12.528066964999201,24.03683854083427,25.945700815087104,13.97361315326834,17.71,17.53,0.0,2.28,2.05,6,2005,1595.9884057971017,1450.8985507246377,4004.48
2005-09-30,11943.770000000004,1481.6399999999999,1.0208670608736228,1.0003455677394875,2111.3500000000004,1821.0199999999995,2727.09,39.5,10122.759999999998,1530.6599999999999,1242.87,8299.68,1687.14,15641.28,47823.34,67921.08,0.0,3040.89,2991.46,6853.18,30158.77,37011.94,14500.0,30909.13,2156.78,686.4400000000003,-2305.76,906.0699999999997,9.673394684268784,18.53,1.2,3.78,2.1,0.56,8.728683441120499,10.089839522285331,19.175016222758522,20.49296099975939,11.41858712532719,16.01,15.77,0.0,2.28,2.04,9,2005,1451.8560386473432,1451.3544973544974,5486.12
2005-12-31,10052.149999999994,580.2399999999998,0.3998119465379567,-0.00010447414557976595,824.6099999999997,908.5,1648.33,41.0,9143.629999999997,671.7299999999996,4388.09,6536.32,2084.3,18300.22,47561.46,69940.54,0.0,4963.88,2811.92,8943.22,29507.95,38451.17,14500.0,31489.37,4891.439999999999,-904.4800000000002,-841.75,739.8300000000004,25.640679546394605,18.88,1.22,4.18,2.1,0.5,3.317100073190512,4.040204933436195,7.368782861551241,7.743726122419372,4.617923631304438,13.77,13.53,0.0,2.05,1.81,12,2005,-0.15162147793762415,1451.2822966507176,6066.36
2006-03-31,12817.16,1933.79,1.33,0.0,2095.18,2277.12,2941.78,39.75,10540.04,1966.86,5304.89,5009.43,2058.97,18954.73,46909.15,69413.75,0.0,3696.93,2743.99,7186.84,28803.76,35990.6,14500.0,33423.16,1901.06,-203.57,-780.69,664.66,7.4725,17.24,1.08,1.33,0.0,0.0,11.16,13.2,23.16,24.16,14.64,15.47,15.09,0.0,2.64,2.35,3,2006,0.0,1453.9774436090224,1933.79
2006-06-30,12961.509999999998,1458.98,1.0062613145011303,1.0,1616.0900000000001,1842.4099999999999,2522.3799999999997,34.75,11119.11,1488.97,787.16,8896.86,1815.42,17883.74,46750.01,68516.56,0.0,3508.6,2748.84,7023.69,28060.74,35084.43,14500.0,33432.13,-1953.69,-369.77000000000004,-2194.2599999999998,679.9700000000001,8.633194851882822,15.07,1.05,2.34,1.0,0.43,8.514518815009565,10.32062886667826,17.45906383279739,18.14710575724261,11.52470223445739,13.52,13.16,0.0,2.55,2.29,6,2006,1449.9017094017095,1449.9017094017095,3392.77
2006-09-30,13402.04,1795.3600000000001,1.2388642535942622,0.9995146382881464,2015.56,2185.4000000000005,2880.1800000000003,35.0,11216.629999999997,1890.2399999999998,1490.04,9521.23,1778.82,21293.43,45867.28,71715.69,0.0,7053.39,2928.38,10707.8,27230.39,37938.19,14500.0,33777.5,5032.86,-2225.64,-2104.3500000000004,694.78,7.065423007084929,15.02,1.12,3.58,2.0,0.56,10.00780843964974,12.49937900553764,21.261402162243428,22.20266215380108,14.29884663645668,13.58,13.24,0.0,1.99,1.82,9,2006,1448.4949386429835,1449.1983240223465,5188.13
2006-12-31,12667.510000000002,917.9099999999999,0.6328817203948875,0.001609899661948443,1840.5500000000002,1319.9499999999998,2021.67,43.0,11347.559999999998,1723.75,3124.49,8644.76,1798.96,22226.4,45233.23,72105.05,0.0,6361.62,3107.92,11009.62,26400.03,37409.65,14500.0,34695.4,2305.6500000000005,-7.550000000000182,-663.6499999999996,701.72,16.979515529844978,17.97,1.08,4.21,2.0,0.48,5.0931194030828495,6.4580994556209905,10.583105253159166,11.094221131862874,7.504383724967409,12.09,11.78,0.0,2.02,1.86,12,2006,2.334943404238402,1450.3657957244657,6106.04
2007-03-31,11870.83,2048.74,1.41,0.0,2151.1,2444.6,3128.93,45.5,9426.23,1996.51,2878.74,8149.78,1825.97,22767.06,44572.13,72781.78,0.0,5806.1,3285.03,10518.92,25518.73,36037.64,14500.0,36744.14,2022.2,-1555.08,-712.87,684.33,8.0675,17.96,0.98,1.41,0.0,0.0,11.24,13.76,22.32,23.36,15.72,17.95,17.26,0.0,2.16,1.99,3,2007,0.0,1453.0070921985814,2048.74
2007-06-30,12389.140000000001,2140.4700000000003,1.4766407747522803,1.1,1789.63,2505.61,3194.86,46.5,9883.529999999999,1661.86,2884.55,8691.83,1934.87,23339.35,43920.65,73014.65,0.0,6346.15,3418.75,11083.04,24642.0,35725.04,14500.0,37289.61,2108.7700000000004,241.73000000000002,-2344.69,689.2499999999999,7.872615465295005,18.08,0.96,2.89,1.1,0.38,11.731374459623654,14.306554219053236,22.95180055428112,24.218952499397265,16.329909744319338,18.25,17.27,0.0,2.11,1.93,6,2007,1594.5089965397926,1449.5536332179931,4189.21
2007-09-30,10262.659999999996,560.6899999999996,0.38717935114423435,0.9989263966292933,791.4699999999998,910.1899999999996,1611.7300000000005,47.25,9352.470000000001,591.4700000000003,3219.22,6852.18,1955.13,20493.38,43561.56,70046.25,0.0,5135.6,3502.18,9917.74,23728.21,33645.95,14500.0,36400.3,2024.87,595.0299999999999,-2285.22,701.54,30.518672974370883,18.82,0.92,3.28,2.1,0.64,3.2013121960462305,3.904845407271729,6.161817722478364,6.393180993284064,4.603656919093031,14.44,13.76,0.0,2.07,1.87,9,2007,1446.5855156553291,1448.140243902439,4749.9
2007-12-31,11549.71,1079.5,0.7444316739287062,0.002837352210452441,1015.5700000000006,1430.58,2132.619999999999,45.75,10119.130000000001,866.5900000000001,1744.65,7346.63,1931.77,21070.98,42575.47,70300.93,0.0,5673.58,3585.62,10006.71,22814.42,32821.13,14500.0,37479.8,1139.9300000000003,-1772.83,-841.6800000000003,702.04,15.36326354793886,17.7,0.88,4.02,2.1,0.52,6.140635399869626,7.585055065701445,11.51832092496655,11.962757745222492,8.955401928157272,13.29,12.65,0.0,2.11,1.91,12,2007,4.114443028759069,1450.0995024875622,5829.4
2008-03-31,11589.34,1703.85,1.18,0.0,1604.53,2054.53,2746.52,46.25,9534.8,1474.75,491.68,7945.81,1935.93,21297.29,41901.98,71502.41,2130.0,3229.38,3547.74,10155.94,21970.99,32126.93,14500.0,39375.49,-1618.85,-874.78,1240.66,691.99,9.7975,17.03,0.82,1.18,0.0,0.0,9.52,11.4,17.32,17.92,13.4,15.49,14.7,0.0,2.1,1.91,3,2008,0.0,1443.9406779661017,1703.85
2008-06-30,10520.23,1265.71,0.8737676625493338,1.1,1578.3100000000002,1604.9399999999996,2295.1,42.0,8915.310000000001,1437.38,1461.03,7046.11,1996.78,18778.68,41248.24,68736.34,1580.0,2238.41,3504.73,8552.88,21137.26,29690.14,14500.0,39046.2,1468.1499999999999,2529.83,-3028.63,690.1600000000001,12.018211991688458,15.6,0.76,2.05,1.1,0.54,7.365222053098776,8.797348563423538,12.974384218537429,13.264219345626962,10.36586807473161,13.91,13.43,0.0,2.2,1.96,6,2008,1593.4224390243905,1448.5658536585368,2969.56
2008-09-30,11525.410000000003,2075.44,1.4316216451932606,1.1008701510793106,2204.79,2422.4100000000003,3132.33,35.0,9102.989999999998,2037.1099999999997,1551.74,7932.58,1973.72,18887.15,40735.42,68828.63,1720.0,2687.01,3340.69,8901.7,20400.3,29302.0,14500.0,39526.64,1730.1200000000001,734.78,-2374.1899999999996,709.9200000000001,6.113486778707166,12.84,0.74,3.48,2.2,0.63,12.06182374628345,14.414948979187315,20.99711746283449,21.86925478691774,16.702252527254707,15.53,15.0,0.0,2.12,1.9,9,2008,1595.9453770675639,1449.712643678161,5045.0
2008-12-31,10166.859999999993,1447.8999999999996,0.999028477259776,-0.0006141810426706616,1785.8199999999997,1921.7399999999998,2623.1600000000008,42.75,8245.120000000003,1615.7200000000003,4651.28,6628.62,1953.07,19520.08,40078.92,69672.44,0.0,4462.75,3191.34,9058.12,19639.78,28697.9,14500.0,40974.54,5085.0199999999995,657.2200000000003,-2642.6900000000005,701.4199999999996,10.695190620899234,15.13,0.7,4.48,2.2,0.49,8.313344114340278,10.204362303439138,14.138036932649507,14.762429730936866,11.77426419627593,15.34,14.82,0.0,2.15,1.94,12,2008,-0.8901375205259683,1449.3080357142856,6492.9
2009-03-31,7948.48,1843.28,1.27,0.0,2316.59,2376.77,3083.09,38.5,5571.71,2173.34,4329.33,6171.78,1934.42,20085.99,39417.16,70127.22,0.0,3588.14,3075.86,9989.18,18915.22,28904.4,14500.0,41222.82,1946.95,-1418.23,-850.68,706.32,7.577499999999999,13.54,0.7,1.27,0.0,0.0,10.52,13.44,17.88,18.28,15.800000000000002,23.88,23.19,0.0,2.01,1.82,3,2009,0.0,1451.4015748031495,1843.28
2009-06-30,9640.5,2056.58,1.4185637945977547,1.1,2042.12,2575.0099999999998,3252.0599999999995,38.0,7065.490000000001,1895.1799999999998,479.07,6914.38,1926.49,20276.76,38753.48,70542.15,0.0,4456.76,2955.48,9057.65,18205.1,27262.76,14500.0,43279.4,2103.37,-3518.4999999999995,-2435.13,677.0499999999998,6.698623661612969,12.73,0.63,2.69,1.1,0.41,11.664918638104957,14.997752534706374,19.005590764796683,19.975909494186972,16.980577764330004,23.41,22.17,0.0,2.24,2.03,6,2009,1594.7382899628255,1449.7620817843867,3899.86
2009-09-30,10860.0,1656.7400000000002,1.1419418709282656,1.100794073613789,1741.2299999999996,2149.42,2854.1499999999996,37.5,8710.579999999998,1614.3700000000003,1098.94,7939.21,1893.43,19247.05,38100.9,69456.38,1160.0,3002.97,2870.08,8585.02,17530.22,26115.24,14500.0,43341.14,-676.8600000000001,2502.3599999999997,-1205.6299999999997,704.73,8.208758465420042,12.55,0.6,3.83,2.2,0.57,9.54102868660692,12.248295576431632,15.289498470287588,15.993149335924848,13.917975596587844,20.61,19.53,0.0,2.24,2.02,9,2009,1597.0423888883497,1450.809399477807,5556.6
2009-12-31,9204.850000000002,1183.0,0.8162131283755714,-0.002175226520559895,859.4800000000005,1330.4399999999996,2037.0300000000007,35.25,7874.41,695.4499999999998,3774.09,5213.51,1778.14,19196.41,37456.86,69341.82,0.0,3746.86,2784.79,7962.69,16855.0,24817.69,14500.0,44524.14,4750.92,-145.7800000000002,-1930.0,706.5900000000001,10.79589349112426,11.48,0.56,4.65,2.2,0.47,6.824594931449938,8.516701287910262,10.630078936435396,11.072413793103447,9.647112588284172,18.99,17.9,0.0,2.41,2.19,12,2009,-3.1527218619280575,1449.3763440860214,6739.6
2010-03-31,10360.55,1457.28,1.01,1.15,1566.45,1817.17,2509.57,36.25,8543.38,1403.67,3476.87,7427.06,1662.29,20942.28,36786.21,70644.42,1550.0,2672.72,2878.1,10287.73,16042.78,26330.52,14500.0,44313.91,-1667.22,554.48,815.53,692.4,8.9725,11.86,0.59,1.01,1.15,1.14,8.24,10.32,13.16,13.639999999999999,12.04,14.69,14.07,0.0,2.04,1.87,3,2010,1659.2792079207918,1442.8514851485147,1457.28
2010-06-30,12520.010000000002,1524.9199999999998,1.0533616792971632,0.003827654645284688,1858.32,2125.38,2804.94,36.0,10394.63,1664.62,8124.58,4405.81,1786.94,22759.43,36126.52,72230.0,0.0,6597.75,3018.79,11199.49,15191.68,26391.17,14500.0,45838.83,8578.15,5.3799999999999955,-3935.83,679.5600000000001,8.546162421635234,11.39,0.58,2.06,1.15,0.56,8.447347059218027,11.29040091207833,13.31530977130977,13.683475018442762,13.213041647106163,13.58,13.03,0.0,2.03,1.87,6,2010,5.541180428722328,1447.6699029126212,2982.2
2010-09-30,11241.850000000002,1252.71,0.8637522875338555,1.102094723623269,1208.4299999999998,1724.67,2406.37,38.0,9517.190000000002,1036.29,9210.92,6834.8,1767.7,19847.82,35502.46,69099.87,2200.0,122.36,3318.79,9338.86,14216.49,23555.35,14500.0,45496.45,-5481.79,6609.320000000001,-76.02999999999975,681.6999999999998,10.995397797574856,12.11,0.52,2.92,2.25,0.77,7.253152770661006,9.678758509625943,11.015799721835883,11.27610863040773,11.216947514823222,13.04,12.41,0.0,2.13,1.94,9,2010,1598.3808102806227,1450.3116438356165,4234.91
2010-12-31,10126.339999999997,985.5,0.6796017937288451,-0.00030683702400630613,1623.4800000000005,1497.6899999999996,2166.8499999999995,38.25,8628.649999999998,1363.7700000000004,11289.25,3342.8,1746.23,19273.62,35164.87,69446.4,0.0,5.92,3618.94,9658.45,13240.79,22899.24,14500.0,46500.94,7894.63,-2254.67,-3561.63,669.1600000000003,14.077361314053782,11.93,0.49,3.6,2.25,0.63,5.678450543156572,7.792767234757425,8.4799201595277,8.66114730452206,9.046254987635072,12.3,11.8,10.58,2.0,1.81,12,2010,-0.4449486301368779,1450.1138888888888,5220.41
2011-03-31,8497.2,1196.16,0.82,1.15,1963.31,1837.66,2559.87,38.0,6659.54,1506.26,7925.32,3800.54,1728.86,17829.95,34559.05,68655.56,2824.0,2295.79,927.3,9399.8,12417.22,21817.02,14500.0,46782.95,-996.3,-1381.5,-986.12,722.21,11.585,11.78,0.47,0.82,1.15,1.4,6.96,10.56,10.24,10.519999999999998,12.4,14.65,14.08,10.76,1.9,1.71,3,2011,1677.5414634146343,1458.7317073170734,1196.16
2011-06-30,11798.02,1891.72,1.3048964337992408,-0.007157440403503724,2311.93,2841.5299999999997,3397.4300000000003,41.75,8956.490000000002,2179.6000000000004,9154.33,8225.43,1714.6,24239.58,33951.43,74989.68,8115.2,3385.62,1849.9,15004.9,11497.34,26502.24,14500.0,48425.38,-1127.3799999999999,-1055.5,3411.88,555.8999999999999,7.998335905948027,12.5,0.55,2.13,1.15,0.54,10.096100107517131,15.585241913545863,15.634252108242547,16.05083876316437,19.11397593170719,16.03,15.21,11.98,1.62,1.5,6,2011,-10.376205198671869,1449.7089201877936,3087.88
2011-09-30,14744.150000000001,1230.9799999999996,0.8493723806745296,1.0996611444956381,2255.9300000000003,2380.9100000000008,3384.0600000000004,42.5,12363.24,1817.3299999999995,4047.03,9789.04,2207.63,21635.25,50432.81,98022.42,982.6,6912.2,2755.16,11634.1,38198.01,49832.11,14500.0,47482.33,3976.58,-6753.23,-2589.07,1003.1500000000003,12.507705974101938,12.98,1.05,2.98,2.25,0.76,5.027828454731108,9.63382096201312,10.374884112937206,10.591502572438094,9.31459375853813,12.96,12.33,6.44,1.86,1.67,9,2011,1593.7189699719568,1449.2818791946308,4318.86
2011-12-31,10686.699999999997,521.7800000000007,0.36002371587228177,1.7906279407505895e-05,1299.6599999999999,1422.5900000000001,2417.789999999999,44.0,9264.119999999999,934.1900000000005,10698.63,2653.97,2246.74,19131.67,50556.04,95899.07,0.0,4704.28,6627.58,12747.24,34540.69,47287.93,14500.0,47917.35,6101.129999999999,2453.5299999999997,-2089.76,995.1999999999998,30.54507110276358,13.31,0.99,3.34,2.25,0.67,2.1773889403054163,4.423764460897738,4.354777880610833,4.4194527996298065,4.397894493290148,11.09,10.59,4.86,1.5,1.32,12,2011,0.02595145279974531,1449.2934131736529,4840.64
2012-03-31,12567.06,1565.09,1.08,1.15,2086.14,2419.03,3425.33,41.25,10148.03,1691.89,6640.52,8398.68,2231.96,19903.7,49634.73,96391.78,0.0,6173.77,5259.15,14809.2,32769.39,47578.6,14500.0,48170.72,-2134.89,-461.2,-1440.14,1006.3,9.5475,12.42,0.99,1.08,1.15,1.06,6.48,11.72,13.000000000000002,13.2,11.88,13.22,12.45,7.01,1.34,1.19,3,2012,1666.531018518518,1449.1574074074072,1565.09
2012-06-30,19218.65,3307.24,2.280700691455628,0.0007461066425669764,2909.69,4393.91,5421.75,43.75,14824.74,2302.0699999999997,7766.79,12393.72,2126.79,25115.18,47467.64,100411.03,370.0,8879.33,4019.72,15090.99,33155.03,48246.02,14500.0,51276.97,1853.2299999999998,5234.22,-5974.219999999999,1027.8400000000001,4.795368388747113,12.37,0.94,3.36,1.15,0.34,13.16833137328547,21.096481395964556,25.793638772414837,26.526721137525577,21.69380776753627,16.82,15.33,5.28,1.66,1.52,6,2012,1.081927910053082,1450.0982142857142,4872.33
2012-09-30,14373.059999999998,2002.6900000000005,1.380759706880853,1.1002600187241016,2255.38,2920.2200000000003,3771.24,48.5,11452.829999999998,2199.34,8038.61,9173.22,2135.49,21961.99,46817.46,97718.39,1200.0,6518.52,4122.63,12893.18,32157.64,45050.82,14500.0,51823.67,2605.5099999999998,-80.85000000000036,-2254.3,851.0199999999998,8.779623231753291,13.57,0.87,4.74,2.25,0.47,8.202994376743634,11.582068764890868,15.462178320935797,16.137993198565244,13.364821804154754,16.13,14.89,5.25,1.7,1.54,9,2012,1595.8459143309226,1450.4261603375528,6875.02
2012-12-31,13852.630000000005,851.25,0.5872384087017409,-0.0013108819453761624,1070.63,1490.6800000000003,2440.8099999999995,59.75,12361.96,610.4700000000003,8260.58,4388.19,2174.37,21034.58,46227.74,96810.76,2700.0,7920.15,4223.85,15238.05,27841.06,43079.11,14500.0,52965.99,7277.299999999999,-7480.5599999999995,442.14999999999964,950.1300000000001,25.43655997063143,16.36,0.81,5.33,2.25,0.42,3.5168198885102386,5.134204473827603,6.429874959068218,6.751589059144969,6.064090434323418,13.9,12.87,4.65,1.38,1.24,12,2012,-1.900230365497464,1449.5816135084428,7726.27
2013-03-31,13389.01,2155.59,1.49,1.17,1860.66,2886.44,3831.42,59.5,10502.58,1515.19,6114.3,9095.08,2405.24,20770.66,44815.14,95673.9,1652.68,7379.53,4467.55,15803.54,25229.45,41032.99,14500.0,53934.14,-3237.69,3482.82,-2344.18,944.98,9.9825,16.0,0.76,1.49,1.17,0.79,9.0,12.04,16.0,16.88,14.44,17.94,16.1,8.48,1.31,1.16,3,2013,1692.6444966442953,1446.7046979865772,2155.59
2013-06-30,14292.33,1552.9899999999998,1.0720152726919736,0.0015824624494021962,2538.6100000000006,2699.2899999999995,3630.2699999999995,51.5,11593.03,2211.7,8011.97,9326.89,2029.22,22029.84,43203.62,91935.68,6390.43,6327.24,5946.01,20124.85,15903.35,36028.21,14500.0,55146.88,2699.65,4420.299999999999,-5267.4400000000005,930.98,12.011769167863285,13.54,0.65,2.56,1.17,0.46,6.750346170232271,9.731888647406821,11.256160363265723,11.674916329161025,13.031685658661806,14.36,13.4,4.89,1.09,0.99,6,2013,2.2924564807046863,1448.6640625,3708.58
2013-09-30,13474.509999999998,2122.1900000000005,1.4631350233331104,1.101432803632711,2039.2299999999996,2688.83,3620.54,50.0,10785.68,1656.1700000000005,5156.66,9219.6,2483.31,19713.54,42625.16,89016.88,8696.46,7266.22,5045.92,21539.28,11542.26,33081.54,14500.0,55187.04,2321.31,-53.01000000000022,-5115.39,931.71,8.544802633128983,13.14,0.6,4.02,2.27,0.56,9.535855127195894,12.898881897245134,15.388395220528338,15.868827616249657,17.848791428919338,15.24,14.17,5.33,0.92,0.8,9,2013,1597.5625244869411,1450.440298507463,5830.77
2013-12-31,13042.060000000005,356.0799999999999,0.2457569845721166,-0.002395931597337094,1083.92,834.1900000000005,1750.0400000000009,49.0,12207.86,377.46000000000004,7437.78,8799.79,2541.48,20899.69,41845.68,88903.25,9774.22,7757.44,4961.52,22951.03,10413.36,33364.39,14500.0,54700.98,2685.35,427.5199999999995,-458.39999999999964,915.8499999999999,49.865927600539216,12.99,0.61,4.27,2.27,0.53,1.6023125176786246,2.2584318675901303,2.603757841227765,2.6451969580642807,3.179301130623822,12.17,11.42,4.88,0.91,0.8,12,2013,-3.4714916634625297,1448.9110070257614,6186.85
2014-03-31,12700.79,2364.5,1.6299999999999997,1.17,1922.06,2963.97,3293.46,51.75,9736.82,1526.68,8227.86,9661.74,2799.63,25729.03,16067.74,98646.2,12552.15,4929.96,4472.8,24461.62,11667.7,36129.32,14500.0,61818.63,-715.17,268.74,1200.71,329.49,7.9375,12.14,0.58,1.63,1.17,0.72,9.6,12.2,15.279999999999998,16.36,16.0,21.17,18.62,7.55,1.05,0.94,3,2014,1697.217791411043,1450.6134969325155,2364.5
2014-06-30,14315.45,1848.6899999999996,1.2768680975697748,-0.002248052664640186,2140.66,2589.86,2906.54,54.25,11725.59,1797.55,7975.13,10003.35,2852.63,28381.69,16085.98,98000.46,3600.0,7050.26,3201.94,14734.13,20604.54,35338.67,14500.0,61934.35,4460.7,-2194.27,-2535.49,316.67999999999995,10.62020425274113,12.7,0.57,2.91,1.17,0.4,7.547124150584235,10.267599135097157,11.934987028830884,12.637045089350348,11.706818159162058,17.13,15.6,7.47,1.93,1.73,6,2014,-3.2548017203214386,1447.8316151202748,4213.19
2014-09-30,16153.8,1954.1000000000004,1.3466084779538505,1.1026570169092798,2386.57,2652.6499999999996,2962.379999999999,59.25,13501.149999999998,1876.7400000000002,9901.41,12948.91,2985.72,32157.56,14911.14,98307.7,4900.0,10559.28,1644.66,17791.1,18625.85,36416.95,14500.0,61342.69,2916.36,1279.1999999999998,-2230.55,309.73,10.998928227828666,14.01,0.59,4.25,2.27,0.53,7.946574265195898,11.10239083941245,12.737331956175245,13.409051949883986,12.914767426211515,15.36,14.29,7.3,1.81,1.64,9,2014,1600.0954338386898,1451.1270588235293,6167.29
2014-12-31,15878.269999999997,111.73999999999978,0.07705556431487014,-0.0015726750600572306,894.5799999999999,721.5100000000002,1040.7800000000007,58.75,15156.770000000004,-63.74000000000069,10623.06,10807.65,2629.41,31407.67,14480.21,96235.04,4800.0,9965.56,722.94,16049.97,18985.67,35035.64,14500.0,60781.67,3179.659999999999,-1773.3899999999999,-800.96,319.2700000000001,190.63548662072705,14.02,0.58,4.33,2.27,0.52,0.46411296012282055,0.6862038244760723,0.735320073323426,0.773758876769181,0.7922664487986186,11.36,10.63,6.16,1.96,1.79,12,2014,-2.2805713354159707,1450.122401847575,6279.03
2015-03-31,16031.66,1162.92,0.8,1.17,2096.52,1815.56,2106.28,61.25,14216.1,1703.86,8209.5,12969.58,2614.23,35076.88,13523.87,98564.7,9170.0,6479.88,1.48,16613.74,20206.92,36820.66,14500.0,61371.32,-3038.2,-4328.4,5025.74,290.72,19.14,14.47,0.6,0.8,1.17,1.46,4.72,7.360000000000001,7.56,7.56,8.88,7.41,7.25,5.62,2.11,1.95,3,2015,1700.7705,1453.65,1162.92
2015-06-30,14744.349999999999,1144.7199999999998,0.7887299578790452,-0.0018574366018965474,1963.0500000000002,1970.4900000000002,2263.2400000000002,57.25,12773.85,1576.2300000000002,10244.29,11302.63,2199.89,34318.41,13835.34,97719.19,4800.0,9762.02,1.07,15663.06,20654.88,36317.93,14500.0,61109.0,7819.33,299.3899999999994,-6633.299999999999,292.75,18.148131508141727,13.58,0.59,1.59,1.17,0.74,4.6827740895460295,7.678955816331836,7.500375448510165,7.440848659236275,9.147283285087795,7.74,7.5,5.65,2.19,2.05,6,2015,-2.695783018868269,1451.3459119496854,2307.64
2015-09-30,15099.360000000004,35.340000000000146,0.02443503572373654,1.0959050262872778,2002.7199999999998,715.7699999999995,1008.5099999999993,53.5,14383.600000000002,1628.5500000000002,5580.46,11272.9,2165.79,31651.4,13443.28,97131.32,5000.0,10281.07,1200.83,17092.66,20597.61,37690.27,14500.0,59170.54,2749.42,-5787.49,-1727.25,292.74,547.2920175438575,13.11,0.64,1.62,2.27,1.4,0.14540354591161742,0.27813707329981596,0.23892034929875727,0.23469700979095096,0.33907382905530703,5.24,5.11,4.48,1.85,1.73,9,2015,1584.9898509201023,1446.2839506172838,2342.98
2015-12-31,13450.919999999998,844.8899999999999,0.5830720826131555,0.004304708353001729,755.9200000000001,1306.8500000000004,1600.9300000000003,47.5,12144.07,342.3699999999999,7464.52,9173.89,1912.58,25983.5,13479.05,92605.05,1900.0,8346.34,1200.78,11658.07,20527.15,32185.21,14500.0,60189.52,1725.62,3568.4700000000003,-3405.8799999999997,294.0799999999999,20.365406532211296,11.44,0.53,2.2,2.27,1.03,3.646850843980463,6.519806014674375,5.618694614272225,5.586890682493325,7.611741005749919,5.55,5.37,4.44,2.23,2.06,12,2015,6.237659371492555,1449.031818181818,3187.87
2016-03-31,13802.95,1259.33,0.87,1.17,1752.3,1871.55,2165.68,50.75,11931.4,1381.26,5376.05,5967.29,1796.76,19366.37,13545.47,92115.35,3100.0,4784.51,1200.62,9515.94,20567.42,30083.36,14500.0,61835.34,2201.82,-5070.68,849.23,294.13,14.5825,11.9,0.49,0.87,1.17,1.34,5.48,7.84,8.16,8.16,9.08,9.46,9.12,5.36,2.04,1.85,3,2016,1693.581724137931,1447.5057471264367,1259.33
2016-06-30,13595.779999999999,1101.0500000000002,0.7603485455731704,0.00046873370185013344,1711.8799999999999,1648.0200000000002,1944.06,51.0,11947.76,1371.3700000000001,3668.86,10235.99,2042.72,23615.16,12950.3,95352.52,3100.0,8512.43,1201.23,13420.35,20859.92,34280.27,14500.0,60896.68,1369.1499999999996,-1097.8499999999995,-2099.75,296.03999999999996,16.769513237364333,12.14,0.56,1.63,1.17,0.72,4.627397283488253,6.810483905133919,7.239637685457427,7.220978825443362,8.023309806048179,9.12,8.61,4.84,1.76,1.61,6,2016,0.6787666596153485,1448.0858895705524,2360.38
2016-09-30,11883.98,841.5099999999998,0.580824794105981,1.100592030125152,1253.6,1360.6699999999996,1658.2800000000007,50.75,10523.310000000001,893.9000000000001,5016.09,9270.92,1999.16,22865.54,13042.64,91927.39,2800.0,8007.47,1.25,11079.02,20755.48,31834.51,14500.0,59940.98,1728.06,2779.6499999999996,-3443.0899999999997,297.61,21.840321089470127,12.28,0.53,2.21,2.27,1.03,3.6584077529209305,5.424535633641379,5.613763620861427,5.6558142846881045,6.349650237828281,8.65,8.15,4.53,2.06,1.88,9,2016,1594.558649473947,1448.8190045248869,3201.89
2016-12-31,12154.840000000004,2963.8300000000004,2.042953215520653,0.0030333933175937886,1495.5700000000006,3457.99,3872.8999999999996,50.0,8696.849999999999,1090.77,9419.21,7710.64,2053.87,26303.02,13806.68,96391.09,3800.0,6885.78,1.27,10945.81,22992.51,33938.32,14500.0,62321.47,3407.3900000000003,-1590.08,3276.3399999999997,414.9100000000001,6.116145932796416,11.63,0.54,4.25,2.27,0.53,12.305788780547935,16.95891516319262,19.01628922494048,19.36238953439339,18.7663278903356,12.89,11.99,6.01,2.4,2.22,12,2016,4.400718552036324,1450.7576470588235,6165.72
2017-03-31,10823.33,1358.44,0.94,1.25,1503.03,1975.55,2273.12,50.25,8847.77,1067.3,12917.7,5273.19,1802.55,27019.74,14590.49,96748.89,3800.0,6016.64,1.29,10358.16,22807.73,33165.89,14500.0,63477.76,4490.32,-683.65,-225.09,297.57,13.365000000000002,11.48,0.52,0.94,1.25,1.33,5.599999999999999,8.36,8.56,8.68,9.16,13.7,12.55,5.55,2.61,2.43,3,2017,1806.4361702127662,1445.148936170213,1358.44
2017-06-30,12581.67,2200.99,1.5149688292788452,0.006607485743144837,1526.7700000000002,2767.79,3128.6400000000003,52.0,9813.89,1137.07,9104.04,9842.12,1983.52,26159.74,14827.22,97113.7,2300.0,7733.96,2612.96,13324.85,20404.77,33729.63,14500.0,63314.23,-203.98999999999978,-163.77999999999997,-3399.8999999999996,360.84999999999997,8.579219419443069,11.91,0.53,2.45,1.25,0.51,9.077445883189162,12.193953189134213,13.900611951913648,14.172687986559646,13.999548691784922,17.06,15.21,6.58,1.96,1.81,6,2017,9.599544072947765,1452.8285714285712,3559.43
2017-09-30,12518.489999999998,1861.0700000000002,1.284088515819574,1.1469839366426398,1502.7699999999995,2479.7299999999996,2809.209999999999,53.75,10038.759999999998,1106.1400000000003,10522.45,8657.8,2063.83,25681.99,15623.14,95696.29,1300.0,7345.88,2611.0,11573.53,20954.12,32527.65,14500.0,63117.9,2438.7,1319.1599999999999,-2191.79,329.48,10.463414191835877,12.35,0.52,3.74,2.4,0.64,7.773198929988009,10.57484660086708,11.797134065123146,12.099272539433633,11.797134065123146,16.93,15.09,6.87,2.22,2.04,9,2017,1662.3600076394193,1449.331550802139,5420.5
