,revenue,net_profit,eps,dps,gross_profit,ebit,ebitda,close_price,allowance_doubtful_accounts,expense,operating_profit,cash,account_receivable,inventory,current_asset,property_plant_equipment,total_asset,short_term_loan,account_payable,current_portion_long_term_debt,current_liability,non_current_liability,total_liability,paid_in_capital,total_equity,cash_flow_operation,cash_flow_investment,cash_flow_financing,depreciation,P/E,P/BV,D/E,EPS,DPS,DPR%,ROA%,ROAA%,ROE%,ROAE%,ROCE%,NPM%,NPMA%,TIE,CurrentRatio,QuickRatio,month,year,dividend,number_of_shares,return_old
2006-06-30,,,,,,,,,0.0,,,49.23,318.98,513.5,920.77,170.02,1290.26,553.26,151.25,3.85,774.27,2.54,776.81,400.0,513.45,,,,,,0.0,1.51,0.18,0.0,0.0,,,,,,3.15,3.13,0.0,1.19,0.53,6,2006,,398.61111111111114,71.75
2006-09-30,825.2400000000002,5.049999999999997,0.012493489583333326,0.0,41.16,16.290000000000006,22.040000000000006,0.14,0.0,808.94,25.14,21.42,505.15,360.19,955.65,171.75,1376.82,481.87,69.64,3.32,638.09,1.98,640.06,500.0,736.75,-126.14,-47.2,145.53000000000003,5.75,2.775445544554457,0.95,0.87,0.19,0.0,0.0,1.4676562499999992,0.0,2.740677083333332,0.0,4.652838541666664,2.47,2.46,0.0,1.5,0.93,9,2006,0.0,404.2105263157895,76.8
2006-12-31,1225.48,4.820000000000007,0.011220289144817463,0.0,39.84,16.539999999999992,22.409999999999997,0.11,0.0,1208.9399999999996,18.12000000000002,28.52,619.32,472.5,1279.99,177.21,1707.08,728.19,182.36,2.78,964.1,1.41,965.51,500.0,741.57,-226.32,-11.579999999999998,245.0,5.870000000000001,2.54004149377593,0.77,1.3,0.19,0.0,0.0,1.1291154128889995,0.0,2.6007449154619002,0.0,4.67945111492282,1.88,1.88,0.0,1.33,0.84,12,2006,0.0,429.5789473684211,81.62
2007-03-31,1291.12,-175.36,-0.35,0.0,35.86,-159.14,-153.7,0.12,180.07,1450.26,13.85,115.86,585.03,378.89,1135.93,194.16,1592.75,853.03,83.99,9.93,988.37,38.16,1026.53,500.0,566.22,-51.32,-29.85,168.51,5.44,-0.0875,1.09,1.81,-0.35,0.0,0.0,-44.04,0.0,-123.88,0.0,-105.31999999999998,-13.66,-13.58,0.0,1.15,0.77,3,2007,0.0,501.0285714285715,-175.36
2007-06-30,1096.62,33.360000000000014,0.06578028169014087,0.1,48.82000000000001,53.53999999999999,58.969999999999985,0.42,180.07,1043.0800000000002,28.879999999999995,27.14,860.33,374.57,1345.37,195.9,1848.48,1035.76,165.59,10.58,1261.71,34.71,1296.42,500.0,552.06,-177.96,-40.62,129.86,5.429999999999999,1.5855815347721818,3.77,2.35,-0.28,0.1,-0.36,7.2170366197183125,6.324304225352116,24.169554929577476,25.04349295774649,16.914929577464797,-6.03,-5.95,0.0,1.07,0.77,6,2007,50.714285714285715,507.1428571428571,-142.0
2007-09-30,1244.5,20.230000000000004,0.0398718896279872,4.575370429029606e-05,42.69999999999999,53.209999999999994,60.120000000000005,0.67,180.07,1191.2999999999997,16.690000000000005,64.71,1057.82,184.38,1364.62,211.84,1880.6,1089.37,101.56,10.98,1276.81,31.5,1308.31,500.0,572.29,31.25,-44.42,50.74000000000001,6.910000000000002,4.228543005437468,5.9,2.29,-0.24,0.1,-0.42,4.306164079822618,2.139791410035313,14.141230188059462,12.360285784676032,5.7681333661821474,-3.42,-3.35,0.0,1.07,0.92,9,2007,0.023214285714288962,507.375,-121.77
2007-12-31,1004.1400000000003,29.629999999999995,0.0578836553071413,0.0008818102886911298,57.33000000000001,38.83,44.28,0.65,180.07,965.2900000000004,22.89999999999999,32.37,881.56,441.11,1504.44,277.7,2075.14,1187.13,180.4,10.41,1443.97,29.25,1473.22,500.0,601.92,-96.28,-55.7,119.64999999999998,5.449999999999999,2.7909433007087414,5.37,2.45,-0.18,0.1,-0.56,5.711187323637942,0.9261384849142607,19.69330583894074,17.648083351421747,2.765552420230084,-2.02,-1.99,0.0,1.04,0.74,12,2007,0.45138888888889284,511.8888888888889,-92.14
2008-03-31,1654.1,64.22,0.12000000000000001,0.0,117.53,110.53,118.61,0.97,0.0,1543.57,89.37,400.74,995.28,313.23,2291.53,328.84,3057.27,1166.27,73.27,10.12,1364.64,27.0,1391.64,1000.0,1665.63,-442.05,-202.83,1013.25,8.08,2.02,5.82,0.84,0.12,0.0,0.0,8.4,19.0,15.44,23.0,26.12,3.98,3.88,0.0,1.68,1.45,3,2008,0.0,535.1666666666666,64.22
2008-06-30,1190.48,85.96000000000001,0.011447596217871888,0.0,167.1,126.78999999999999,137.0,0.22,0.0,1063.7,136.46,223.4,532.08,617.2,2434.85,321.86,3175.39,1122.96,82.41,9.0,1399.04,24.75,1423.79,1000.0,1751.6,-29.620000000000005,16.850000000000023,-164.57000000000005,10.209999999999999,4.804502093997208,1.26,0.81,0.02,0.0,0.0,10.829426022106809,21.635956851777863,19.621179917432418,29.85533093620988,30.587977094153683,5.38,5.28,0.0,1.74,1.3,6,2008,0.0,7509.0,150.18
2008-09-30,1123.3200000000002,-111.79,-0.0,,48.80000000000001,-73.93,-64.28,0.14,0.0,1197.2400000000002,15.719999999999999,29.3,556.7,1418.55,2990.29,313.09,3733.63,1760.52,232.93,9.0,2071.32,22.5,2093.82,1000.0,1639.81,-830.96,-12.780000000000001,649.67,9.650000000000002,-0.0,0.85,1.28,0.0,0.0,0.0,-11.99725970304767,-67.79034123469654,-27.255910393331593,-40.41795259182079,-114.49811930190154,0.99,0.97,0.0,1.44,0.76,9,2008,,inf,38.39
2008-12-31,688.1799999999998,-242.95,-0.0237534219788815,,-87.88,-236.58999999999997,-227.28000000000003,0.08,0.0,924.7799999999997,-163.05,15.64,779.94,960.34,2526.94,287.56,3246.2,1590.81,173.51,9.0,1829.1,20.25,1849.34,1000.0,1396.85,199.93000000000006,9.879999999999995,-223.51,9.309999999999999,-0.8419839473142623,0.57,1.32,-0.02,0.0,0.0,-29.929311693390687,-13.064382088384825,-69.55001955416503,-97.24650958154085,-24.561038326163473,-4.5,-4.39,0.0,1.38,0.86,12,2008,,10228.0,-204.56
2009-03-31,644.08,-65.04,-0.01,0.0,-107.82,-31.32,-22.36,0.05,0.0,675.4,-124.15,29.34,775.08,838.19,2209.27,281.51,3057.2,1399.34,239.98,9.0,1706.0,19.38,1725.38,1000.0,1331.81,233.48,0.69,-220.39,8.96,-1.25,0.38,1.3,-0.01,0.0,0.0,-8.52,-4.08,-19.52,-17.360000000000003,-9.28,-11.83,-10.1,0.0,1.3,0.8,3,2009,0.0,6504.000000000001,-65.04
2009-06-30,1198.4299999999998,-11.919999999999987,-0.0015488565488565474,0.0,-80.30000000000001,14.46,23.46,0.06,0.0,1183.98,-104.66999999999999,21.97,1034.0,303.16,2093.9,273.35,2726.46,589.1,440.97,69.3,1174.64,231.92,1406.56,1000.0,1319.9,325.03999999999996,214.84,-547.33,9.0,-9.684563758389272,0.45,1.07,-0.01,0.0,0.0,-1.7471101871101853,-0.35313929313929276,-3.6119334719334684,-3.1039085239085207,-0.6753014553014547,-4.74,-4.18,-0.42,1.78,1.52,6,2009,0.0,7695.999999999999,-76.96
2009-09-30,1185.7900000000002,24.75999999999999,0.004743295019157086,0.0,-39.650000000000006,35.76,44.39,0.11,0.0,1150.0099999999998,-56.44999999999999,3.41,1188.08,220.74,1671.24,265.23,2546.09,540.76,305.74,51.31,958.85,242.59,1201.44,1000.0,1344.65,50.56000000000006,1.6500000000000057,-70.76999999999998,8.629999999999999,5.797657512116319,0.82,0.89,-0.01,0.0,0.0,3.8895019157088098,-1.1383908045977005,7.361593869731798,6.640613026819921,-2.2578084291187728,-1.93,-1.72,0.37,1.74,1.51,9,2009,0.0,5220.0,-52.2
2009-12-31,1265.3400000000001,75.58,0.0,,109.30000000000001,86.08000000000001,94.64999999999998,0.08,0.0,1179.27,94.15999999999997,4.16,1034.03,123.69,1753.08,257.21,2569.71,341.14,245.99,60.31,926.57,222.91,1149.48,1000.0,1420.23,22.399999999999977,-0.05000000000001137,-21.590000000000032,8.569999999999997,0.0,0.56,0.81,0.0,0.0,0.0,11.766946107784431,46.67986313088109,21.335671514114626,21.46497861420017,82.62723695466211,0.59,0.54,1.7,1.89,1.76,12,2009,,inf,23.38
2010-03-31,573.44,12.9,0.0,,10.02,22.95,31.37,0.08,0.0,550.49,-4.73,4.19,980.91,581.08,1939.04,250.33,2701.07,563.86,364.57,30.32,1015.36,252.59,1267.95,1000.0,1433.13,8.57,-0.51,-8.02,8.42,0.0,0.56,0.88,0.0,0.0,0.0,1.92,3.2,3.6,3.72,5.44,2.38,2.25,2.26,1.91,1.34,3,2010,,inf,12.9
2010-06-30,922.05,154.01,0.018454256785093763,,51.8,177.43,190.06,0.08,0.0,744.6199999999999,38.25,2.51,1137.92,702.97,2346.67,903.25,3373.82,659.62,381.91,89.12,1203.46,583.22,1786.67,1000.0,1587.14,-62.71,-411.92,472.93,12.63,1.0837607947535874,0.5,1.13,0.02,0.0,0.0,18.269714217242825,24.248893415613207,38.827756275837274,42.370973578575274,34.066558025283086,12.61,11.16,8.1,1.95,1.37,6,2010,,8345.5,166.91
2010-09-30,1938.5600000000002,-10.77000000000001,-0.0013795311899577316,0.0,31.68,16.27000000000001,38.51999999999998,0.11,0.0,1922.2900000000002,12.199999999999996,6.11,1141.43,523.67,2866.3,885.09,3829.93,1019.23,451.1,102.05,1699.37,554.2,2253.57,1000.0,1576.37,-234.98000000000002,-15.54000000000002,254.12999999999994,22.249999999999996,-19.93430826369543,0.7,1.43,0.02,0.0,0.0,-1.125697451005509,-1.8761624183425152,-2.7342308184962243,-2.94943768412963,-2.8059664403740263,4.8,4.55,4.43,1.69,1.38,9,2010,0.0,7806.999999999999,156.14
2010-12-31,1383.0199999999995,-27.419999999999987,-0.002130205096333125,0.0,20.680000000000007,11.219999999999999,32.44999999999999,0.1,0.0,1371.7999999999997,2.0500000000000043,18.86,1831.11,316.1,2841.8,877.79,3751.75,693.57,384.53,1022.97,2200.65,2.15,2202.81,1000.0,1548.95,23.439999999999998,-7.529999999999973,-3.159999999999968,21.230000000000004,-11.735959153902266,0.65,1.42,0.01,0.0,0.0,-2.922641392169048,-6.143511497824733,-7.080801740211308,-7.387551274083278,-12.517085146053443,2.78,2.67,3.22,1.29,1.15,12,2010,0.0,12872.0,128.72
2011-03-31,1086.05,-8.64,-0.01,0.0,38.05,37.41,58.77,0.83,0.0,1048.64,20.6,25.97,1411.16,514.06,2490.14,735.6,3960.79,371.78,378.22,0.74,2416.67,3.82,2420.48,1000.0,1540.31,622.96,-559.8,-56.04,21.36,-20.75,0.54,1.57,-0.01,0.0,0.0,-0.88,4.48,-2.24,-2.32,9.68,-0.81,-0.8,1.65,1.03,0.82,3,2011,0.0,864.0,-8.64
2011-06-30,971.8799999999999,-85.45,-0.08173557232437027,0.0,-8.319999999999997,-39.529999999999994,0.5,0.69,0.0,1011.4100000000001,-32.68,12.91,1237.76,716.58,2424.15,1772.29,4309.13,67.47,476.69,0.75,2603.46,5.4,2608.86,1000.0,1454.85,228.87,-210.08000000000004,-31.85,40.03,-2.1113818022235225,0.47,1.79,-0.09,0.0,0.0,-7.919268785205655,-0.21796152619832077,-23.503517908385586,-22.48636411946009,-0.43592305239664153,-4.63,-4.57,-0.05,0.93,0.66,6,2011,0.0,1045.4444444444446,-94.09
2011-09-30,1001.0700000000002,-47.400000000000006,-0.046900841048837384,0.0,-0.08999999999999986,-24.98,13.579999999999991,0.52,0.0,1026.0499999999997,-18.509999999999998,39.04,952.38,657.93,1968.54,1738.49,4155.56,554.39,441.53,58.5,2291.05,229.87,2520.92,1000.0,1407.46,82.31999999999994,-36.85000000000002,-19.349999999999994,38.56,-2.7686070675105485,0.37,1.79,-0.14,0.0,0.0,-4.556081701887059,-0.9112163403774121,-13.467241501166162,-12.703427804085095,-1.943034843451834,-4.68,-4.63,-0.39,0.86,0.57,9,2011,0.0,1010.6428571428571,-141.49
2011-12-31,1179.6999999999998,-247.74,-0.24823009531639392,0.0,-26.330000000000002,-176.72,-146.70999999999998,0.51,149.27,1356.4200000000005,-46.42999999999999,14.42,1322.78,407.97,2319.6,1688.82,4317.79,217.54,458.12,20.44,1857.36,845.98,2703.34,1000.0,1190.14,-333.84000000000003,-1.919999999999959,311.15,30.010000000000005,-0.5145427666101559,0.43,2.27,-0.39,0.0,0.0,-22.93900675693035,-12.857045962541427,-83.25255504457519,-72.35589034760939,-21.080463479176835,-9.29,-9.18,-1.54,1.25,1.03,12,2011,0.0,998.025641025641,-389.23
2012-03-31,733.01,-107.0,-0.11,0.0,-42.34,-47.28,-7.37,0.5,2.0,780.29,-64.33,9.84,1322.67,837.56,2512.94,1662.64,4456.39,122.0,599.51,0.79,2904.75,6.38,2911.13,1000.0,1091.15,-74.69,-0.34,70.45,39.91,-1.1375,0.46,2.67,-0.11,0.0,0.0,-9.6,-4.48,-39.24,-32.52,-12.2,-15.04,-14.6,-1.84,0.87,0.58,3,2012,0.0,972.7272727272727,-107.0
2012-06-30,1093.05,-65.24000000000001,-0.0643915466790525,0.0,-0.7099999999999937,-18.67,15.370000000000001,0.39,2.0,1111.72,-20.900000000000006,24.35,1670.7,564.31,2432.98,1630.73,4359.87,57.69,542.72,147.8,2236.48,658.73,2895.21,1000.0,1025.91,45.589999999999996,-0.12,-30.96,34.040000000000006,-1.511456161863887,0.38,2.82,-0.17,0.0,0.0,-5.984626103111938,-2.3029447282861124,-25.438448676265676,-21.044672549930333,-4.711946121690664,-9.57,-9.43,-1.96,1.09,0.84,6,2012,0.0,1013.1764705882352,-172.24
2012-09-30,572.0,-103.06,-0.10107591718125682,0.0,-29.159999999999997,-11.670000000000002,22.12,0.41,0.0,583.6699999999998,-48.040000000000006,32.24,1656.41,662.44,2446.16,1598.69,4318.55,101.46,561.72,161.31,2409.54,582.11,2991.66,1002.91,909.06,-0.889999999999997,43.230000000000004,-34.45,33.78999999999999,-1.015078594993208,0.45,3.29,-0.27,0.0,0.0,-9.538571739920087,-2.740280421358518,-45.34190773701417,-35.59369705775518,-6.094503450780967,-11.79,-11.48,-1.44,1.02,0.74,9,2012,0.0,1019.6296296296296,-275.3
2012-12-31,690.8600000000001,-100.14999999999998,-0.09869623118923956,0.0,-16.330000000000013,-33.269999999999996,0.34999999999999787,0.39,0.0,724.1200000000003,-38.619999999999976,7.93,1888.77,441.47,2512.26,1566.02,4284.27,103.77,641.05,249.49,2621.44,450.84,3072.29,1002.91,812.73,-50.900000000000006,22.160000000000004,4.430000000000001,33.62000000000002,-0.9840801298052924,0.48,3.78,-0.37,0.0,0.0,-9.346799840191768,-2.7528246104674388,-49.294766280463435,-40.00131575442801,-7.116798508456517,-12.44,-12.15,-1.53,0.96,0.79,12,2012,0.0,1014.7297297297297,-375.45
2013-03-31,877.56,-84.36,-0.08,0.0,-23.09,-40.51,-8.2,0.63,6.08,918.08,-41.84,3.91,1989.13,553.52,2623.67,1534.66,4340.2,128.13,739.12,228.79,2792.92,633.95,3426.87,1002.91,589.76,-19.38,43.47,-28.11,32.31,-1.97,1.07,5.81,-0.08,0.0,0.0,-7.76,-3.6799999999999997,-57.2,-40.16,-10.48,-9.72,-9.61,-1.36,0.94,0.74,3,2013,0.0,1054.5,-84.36
2013-06-30,577.1000000000001,-103.48,-0.10466993185689949,0.0,-12.84,-43.199999999999996,-10.970000000000002,0.4,11.39,620.2799999999999,-39.239999999999995,7.02,1907.5,617.85,2543.93,1509.54,4181.13,181.01,693.81,0.74,3263.74,189.16,3452.9,1002.91,426.98,8.44,-0.8500000000000014,-4.480000000000004,32.230000000000004,-0.9575338229609586,0.94,8.09,-0.19,0.0,0.0,-9.894063032367974,-4.31901192504259,-96.93537478705282,-56.984514480408855,-20.096626916524702,-13.04,-12.91,-2.61,0.78,0.59,6,2013,0.0,988.6315789473684,-187.84
2013-09-30,914.8199999999999,-113.32000000000002,-0.11288351706733962,0.0,-21.32,-72.39,-40.199999999999996,0.32,16.68,987.2300000000002,-49.780000000000015,14.67,1470.06,789.93,2415.65,1516.16,4030.29,186.49,624.06,40.69,1961.68,1460.27,3421.95,1002.91,325.71,15.82,8.490000000000002,-16.65,32.19,-0.7109098129191669,0.99,10.51,-0.3,0.0,0.0,-11.243198299907027,-5.629124717758003,-139.1627998406163,-73.4194395005977,-11.363607384778856,-12.85,-12.71,-4.49,1.23,0.83,9,2013,0.0,1003.8666666666668,-301.16
2013-12-31,1239.56,-56.75999999999999,-0.057089852481001326,0.0,32.29,-26.340000000000003,5.919999999999995,0.29,8.05,1265.8899999999999,-0.7399999999999807,4.9,1647.37,597.14,2390.42,1503.8,3961.33,749.51,591.82,45.12,1899.47,1481.41,3380.88,1002.91,312.89,76.82000000000001,-12.240000000000002,-74.35999999999999,32.260000000000005,-1.2769344608879496,0.93,10.81,-0.36,0.0,0.0,-5.7343585158694665,-2.810089405453732,-72.56120250335269,-40.34349575324094,-5.61383549396513,-10.03,-9.92,-5.12,1.26,0.94,12,2013,0.0,994.2222222222223,-357.92
2014-03-31,948.93,-52.02,-0.049999999999999996,0.0,-18.28,-33.78,11.39,0.36,0.0,982.72,-43.54,8.0,1923.09,471.78,2476.77,1459.78,3991.74,757.13,660.58,0.71,3292.79,193.12,3485.91,1002.91,261.62,-1.99,-0.8,5.89,45.17,-1.8,1.38,13.32,-0.05,0.0,0.0,-5.2,-3.24,-79.52,-48.88,-19.32,-5.55,-5.48,-23.79,0.75,0.61,3,2014,0.0,1040.4,-52.02
2014-06-30,596.82,-46.49999999999999,-0.04719853836784409,0.0,0.0,-20.560000000000002,12.95,0.84,2.01,617.3699999999999,-24.509999999999998,14.45,1778.22,689.84,2609.68,1454.27,4116.86,754.98,812.31,21.0,2134.6,1528.13,3662.73,1025.64,224.05,3.9299999999999997,-0.6399999999999999,3.1499999999999995,33.510000000000005,-4.449290322580646,3.85,16.35,-0.1,0.0,0.0,-4.512180267965895,-2.4732034104750302,-83.01278928136418,-57.147990255785615,-5.172959805115712,-6.46,-6.37,-11.23,1.22,0.9,6,2014,0.0,985.1999999999999,-98.52
2014-09-30,662.5900000000001,-62.540000000000006,-0.06212839935427791,0.0,9.830000000000002,-22.39999999999999,10.98,0.71,13.09,684.99,-37.5,10.72,1625.07,615.06,2391.85,1473.88,3917.9,906.71,468.1,32.75,1980.31,1539.65,3519.96,1025.64,153.52,-92.85,-63.81,152.94,33.379999999999995,-2.858596098496962,4.74,22.93,-0.16,0.0,0.0,-6.383693033652056,-2.9976952688439096,-162.94725940643238,-104.40677511486403,-6.150711536073514,-7.46,-7.29,-7.62,1.21,0.9,9,2014,0.0,1006.625,-161.06
2014-12-31,1460.2999999999997,467.88,0.42698129196271434,0.0,-2.5700000000000003,567.63,596.3,1.89,0.0,892.6700000000001,-26.929999999999993,297.06,1299.73,8.3,2469.31,887.69,3578.47,42.76,296.18,39.0,800.76,1466.38,2267.14,2400.0,1042.77,-399.54999999999995,523.64,162.25000000000003,28.669999999999987,1.1066058604770452,4.35,2.17,0.28,0.0,0.0,52.27470960172088,79.41852030506486,179.4541372791865,276.13490124502965,107.78227755687375,10.11,8.36,4.48,3.08,3.07,12,2014,0.0,1095.7857142857142,306.82
2015-03-31,1959.18,2.7,0.0,,42.43,29.48,47.87,1.65,0.0,1929.7,22.0,160.43,2653.58,290.07,3318.89,871.66,4410.16,42.89,1160.42,42.9,1622.68,1474.72,3097.4,2400.0,1045.47,-79.38,-0.65,-56.6,18.39,0.0,3.79,2.96,0.0,0.0,0.0,0.24,2.8,1.04,1.6399999999999997,4.24,0.14,0.14,1.56,2.05,1.87,3,2015,,inf,2.7
2015-06-30,517.5199999999998,-38.36,-0.01075715086932137,,-2.270000000000003,-13.77,6.3700000000000045,1.3,0.0,531.3,-26.009999999999998,192.61,1844.0,432.86,2687.75,852.67,3757.52,23.62,285.82,46.8,516.1,1974.46,2490.56,2400.0,1007.1,-198.3,-20.71,251.19,20.14,-30.21246089676746,3.1,2.47,-0.01,0.0,0.0,-4.08771733034212,1.7211441390914193,-15.23212563095906,-24.91356141334829,2.065372966909703,-1.46,-1.44,0.63,5.21,4.37,6,2015,,3565.9999999999995,-35.66
2015-09-30,611.8100000000004,-65.98,-0.02596615505706415,0.0,-13.619999999999997,-39.67,-22.950000000000003,0.94,0.0,651.4699999999998,-37.99,445.67,2005.72,547.74,3128.8,837.02,4176.37,21.94,276.45,51.2,512.53,2476.2,2988.74,2400.0,941.12,-200.19,-10.939999999999998,464.17999999999995,16.72,-9.050242497726583,2.4,3.18,-0.04,0.0,0.0,-6.309775678866589,-1.5320031483667846,-28.043447461629285,-48.21914994096812,-1.6878000787091698,-3.33,-3.29,-0.53,6.1,5.04,9,2015,0.0,2541.0,-101.64
2015-12-31,714.2199999999998,-63.510000000000005,-0.026919164396003635,0.0,-11.649999999999999,-24.299999999999997,-5.879999999999999,0.59,0.0,738.52,-21.560000000000002,526.46,1966.9,269.82,3258.92,819.87,4286.02,16.0,258.91,48.0,458.83,2714.05,3172.87,2400.0,877.62,-73.88,0.509999999999998,154.17000000000007,18.42,-5.480296410014171,1.61,3.62,-0.07,0.0,0.0,-5.9222161671208,-1.892032697547684,-28.94963851044505,-26.457693006357857,-1.9381798365122618,-4.39,-4.34,-0.62,7.1,6.51,12,2015,0.0,2359.285714285714,-165.15
2016-03-31,787.98,11.87,0.0,,66.99,46.5,64.91,0.54,0.0,741.48,47.62,13.15,1782.96,450.68,2744.27,802.04,3750.97,20.0,250.77,549.23,968.24,1663.6,2631.84,2400.0,889.46,60.41,-0.1,-573.62,18.41,0.0,1.46,2.96,0.0,0.0,0.0,1.28,4.56,5.32,4.92,6.679999999999999,1.51,1.51,0.48,2.83,2.37,3,2016,,inf,11.87
2016-06-30,795.98,-9.809999999999999,-0.0,,32.93000000000001,14.229999999999997,31.070000000000007,0.57,0.0,781.74,12.380000000000003,4.85,1878.89,598.71,2774.9,797.55,3775.64,20.0,299.95,552.15,1017.92,1657.43,2675.35,2400.0,879.65,36.290000000000006,-5.82,-38.76999999999998,16.84,-0.0,1.56,3.04,0.0,0.0,0.0,-0.9524271844660193,-30.66815533980582,-4.381165048543689,-4.190679611650484,-41.90679611650485,0.13,0.13,0.45,2.73,2.14,6,2016,,inf,2.06
2016-09-30,792.5099999999998,-36.160000000000004,-0.010604105571847508,,2.4599999999999937,-12.349999999999994,4.489999999999995,0.33,0.0,804.8799999999999,-9.079999999999998,4.64,1872.82,544.44,2821.58,781.21,3797.22,20.0,348.83,1051.12,1587.71,1155.29,2743.0,2400.0,843.48,9.399999999999991,5.12,-14.740000000000009,16.840000000000003,-7.78000553097345,0.94,3.25,-0.01,0.0,0.0,-3.817478005865103,5.1323870967741945,-17.136234604105574,-16.20307331378299,9.289196480938418,-1.44,-1.43,0.29,1.78,1.43,9,2016,,3410.0,-34.1
2016-12-31,852.3300000000004,-1110.73,-0.4560005415651232,0.0,20.200000000000003,-1098.7800000000002,-1081.97,0.28,1100.75,1951.1,8.0,181.86,1305.83,116.75,1837.84,752.42,2782.22,20.0,275.76,2135.81,2565.05,91.25,2656.3,3115.27,-53.92,18.10000000000001,1.95,157.18,16.810000000000002,-0.15460507954228297,-16.18,-49.26,-0.47,0.0,0.0,-159.69721093961547,-115.33903059842946,8239.832764689954,-1078.7614513945302,-1877.092271865692,-35.61,-35.46,-5.53,0.72,0.67,12,2016,0.0,2435.808510638298,-1144.83
2017-03-31,208.09,-278.22,-0.09,0.0,-1.59,-264.86,-248.05,0.18,241.8,472.95,-22.14,171.01,1031.27,358.81,1591.09,736.26,2516.28,16.0,314.4,2150.98,2606.29,89.04,2695.33,3115.27,-332.14,23.6,-0.2,-34.25,16.81,-0.5,-1.69,-8.12,-0.09,0.0,0.0,-44.24,-33.8,335.08,-399.36,1177.04,-136.8,-133.7,-13.08,0.61,0.47,3,2017,0.0,3091.333333333334,-278.22
2017-06-30,131.76000000000002,-882.3599999999999,-0.2813017629116476,0.0,-13.09,-892.9699999999999,-876.22,0.07,1104.49,1024.73,-27.990000000000002,165.04,73.17,370.29,639.5,719.93,1545.71,16.0,267.31,2166.6,2574.91,86.8,2661.72,3115.27,-1214.5,-6.800000000000001,0.8999999999999999,-0.07000000000000028,16.750000000000004,-0.062477390180878556,-0.18,-2.19,-0.37,0.0,0.0,-228.3257984800703,-132.34867807475572,290.6075293387789,2108.0602057591896,342.12376570335516,-349.36,-341.5,-56.98,0.25,0.1,6,2017,0.0,3136.7027027027025,-1160.58
2017-09-30,35.51999999999998,-90.17000000000007,-0.02883709774135521,0.0,-5.580000000000002,-52.90000000000009,-36.190000000000055,0.07,1133.04,88.41999999999985,-22.68,151.99,33.86,368.24,554.19,703.45,1440.96,16.0,246.24,2182.12,2570.36,83.92,2654.28,3115.27,-1304.67,-14.14,0.10000000000000009,0.990000000000002,16.71,-0.6241959631806582,-0.17,-2.03,-0.4,0.0,0.0,-25.030600839496323,-13.331390285828512,27.646125604637245,156.41241814911066,30.91336877873279,-343.61,-333.2,-59.55,0.22,0.07,9,2017,0.0,3126.875,-1250.75
