,revenue,net_profit,eps,dps,gross_profit,ebit,ebitda,close_price,expense,operating_profit,cash,account_receivable,inventory,current_asset,property_plant_equipment,total_asset,short_term_loan,account_payable,current_portion_long_term_debt,current_liability,non_current_liability,total_liability,paid_in_capital,total_equity,cash_flow_operation,cash_flow_investment,cash_flow_financing,depreciation,P/E,P/BV,D/E,EPS,DPS,DPR%,ROA%,ROAA%,ROE%,ROAE%,ROCE%,NPM%,NPMA%,CurrentRatio,QuickRatio,month,year,dividend,number_of_shares,return_old
2000-03-31,236.57,60.29,0.64,0.0,168.73,85.42,103.98,22.0,151.16,81.91,566.75,81.17,5.35,665.91,692.1,1405.52,15.81,17.64,0.0,151.87,1.28,153.15,937.5,1244.24,73.1,-110.32,-2.5,18.56,8.595,16.58,0.12,0.64,0.0,0.0,17.16,0.0,19.4,0.0,27.24,25.89,25.49,4.38,4.35,3,2000,0.0,94.203125,60.29
2000-06-30,155.65000000000003,20.050000000000004,0.21462534229524524,1.5,102.28999999999999,27.86,47.3,24.0,127.78,24.67,428.38,40.51,4.8,487.33,715.49,1239.54,16.16,10.06,0.0,105.8,1.91,107.71,937.5,1123.67,43.81,58.089999999999996,-140.28,19.44,27.95872069825436,20.02,0.1,0.86,1.5,1.74,6.46870799103809,0.0,7.137540453074435,0.0,9.97259148618372,20.86,20.48,4.61,4.56,6,2000,140.12790697674419,93.4186046511628,80.34
2000-09-30,155.16999999999996,19.799999999999997,0.21156381066506888,0.0027275767413993397,102.13,27.80000000000001,46.25,24.0,127.37,25.929999999999993,386.11,56.46,4.21,460.02,774.42,1259.15,28.96,9.64,0.0,104.92,2.57,107.49,937.5,1143.48,24.24000000000001,-41.300000000000004,12.800000000000011,18.450000000000003,28.360356060606062,19.68,0.09,1.07,1.5,1.4,6.287597363690832,0.0,6.928220491312162,0.0,9.664709406830436,18.61,18.29,4.38,4.34,9,2000,0.25527059334928026,93.58878504672897,100.14
2000-12-31,247.48000000000002,63.989999999999995,0.6822792908060683,0.003195267485142351,179.74,90.04999999999998,107.76000000000002,25.0,157.43,89.22,446.82,79.13,5.9,539.36,804.37,1367.96,20.81,37.28,0.0,150.69,1.6,152.29,937.5,1207.46,115.85999999999999,96.99,-8.150000000000006,17.709999999999994,9.163219643694328,19.41,0.13,1.75,1.5,0.86,18.7139462621093,0.0,21.193544141838785,0.0,29.61481995978797,20.95,20.65,3.58,3.54,12,2000,0.2996795727636652,93.78857142857143,164.13
2001-03-31,259.6,64.88,0.69,0.0,190.64,91.89,115.59,32.5,167.72,91.15,465.92,89.84,5.09,573.3,844.85,1445.62,16.68,20.26,0.0,163.38,1.65,165.04,937.5,1272.34,90.86,-135.63,-4.13,23.7,11.775,23.95,0.13,0.69,0.0,0.0,17.96,25.8,20.4,20.64,28.68,25.19,24.99,3.51,3.48,3,2001,0.0,94.02898550724638,64.88
2001-06-30,174.81,15.950000000000003,0.16970184337498456,1.7,118.83000000000004,22.28,46.49000000000001,32.0,152.52,21.409999999999997,315.9,68.77,5.09,406.18,880.98,1287.17,29.93,14.08,0.0,148.5,1.49,149.98,937.5,1128.92,60.42999999999999,54.67999999999999,-146.13,24.209999999999997,47.14238714733541,26.57,0.13,0.86,1.7,1.98,4.956872448348387,7.135370530743536,5.651466039836696,5.667252257825066,7.916788321167885,18.74,18.61,2.74,2.7,6,2001,159.78023255813955,93.98837209302326,80.83
2001-09-30,184.64999999999992,24.210000000000008,0.25814166031987823,-0.0036734621583808555,126.57999999999998,33.44000000000001,58.349999999999994,25.0,151.2,32.359999999999985,331.36,68.58,4.54,421.2,895.0,1316.2,6.46,26.36,0.0,151.4,3.4,154.8,937.5,1153.12,79.58000000000001,-21.239999999999995,-23.47,24.909999999999997,24.2099628252788,20.33,0.13,1.12,1.7,1.52,7.35703731911653,10.56536938309216,8.398823305407465,8.435700685453163,11.680910129474489,17.09,16.97,2.78,2.75,9,2001,-0.3445182724252902,93.78571428571428,105.04
2001-12-31,216.59000000000003,38.219999999999985,0.40818511796733203,-0.002754731656728008,149.94,52.879999999999995,90.07,26.0,163.71999999999997,51.60000000000002,385.07,77.3,5.12,481.15,866.98,1348.13,31.0,15.92,0.0,144.14,4.33,148.48,937.5,1191.35,38.85000000000002,-18.689999999999998,24.539999999999992,37.19000000000001,15.920901360544221,20.46,0.12,1.53,1.7,1.11,11.3438112522686,15.751143375680575,12.837822141560794,12.74177858439201,17.76805807622504,17.26,17.14,3.34,3.3,12,2001,-0.25793650793650613,93.63398692810456,143.26
2002-03-31,277.07,78.85,0.84,0.0,208.73,104.96,135.39,28.0,172.12,104.01,466.59,94.55,4.67,584.31,863.24,1453.85,29.8,14.08,0.0,172.16,3.16,175.32,937.5,1270.2,115.9,-145.59,-1.19,30.43,8.3325,20.67,0.14,0.84,0.0,0.0,21.68,28.96,24.84,24.8,32.76,28.61,28.46,3.39,3.37,3,2002,0.0,93.86904761904762,78.85
2002-06-30,190.64,25.330000000000013,0.2698819351123058,1.38,130.79,33.519999999999996,63.79000000000002,28.25,157.11,32.730000000000004,433.82,73.26,4.63,527.48,851.48,1385.26,32.54,12.16,0.0,209.37,1.41,210.78,937.5,1166.15,112.69999999999999,-102.82999999999998,-126.64,30.270000000000003,26.168387287801018,22.71,0.18,1.11,1.38,1.24,7.313557304665006,10.075592244192746,8.684849299289693,8.830731426377428,11.456609713956619,22.4,22.27,2.52,2.5,6,2002,129.52108108108106,93.85585585585585,104.18
2002-09-30,197.50000000000006,24.099999999999994,0.2573822887433738,-0.0032544518325621926,136.72000000000003,31.409999999999997,62.56999999999999,30.0,166.08999999999997,30.560000000000002,440.36,70.59,4.5,533.51,848.09,1387.9,23.69,13.61,0.0,188.29,1.02,189.31,937.5,1190.26,48.33000000000001,42.059999999999974,-8.850000000000009,31.159999999999997,29.14244813278009,23.63,0.16,1.37,1.38,1.01,6.943685687558464,9.446117867165572,8.100966635484875,8.228718428437789,10.640972871842841,19.4,19.28,2.83,2.81,9,2002,-0.3047307161175752,93.63503649635035,128.28
2002-12-31,266.54999999999995,60.28,0.6425689435723376,0.002587694985274842,192.08000000000004,79.71000000000001,109.38999999999999,31.0,186.83999999999997,79.03,479.95,101.7,4.63,599.37,907.24,1512.91,45.47,19.14,0.0,250.07,3.96,254.03,937.5,1250.53,109.57999999999998,-86.76999999999998,21.78,29.680000000000007,12.058706038487061,23.24,0.2,2.01,1.38,0.69,15.933152312261349,22.314085702163766,19.283462028001697,19.743809927874416,25.267984726347056,20.35,20.24,2.4,2.38,12,2002,0.2427541126484698,93.81094527363186,188.56
2003-03-31,244.56,49.95,0.53,0.0,175.02,66.43,99.44,31.0,178.13,98.32,241.41,58.04,4.42,644.4,892.76,1543.76,28.15,13.66,0.0,230.2,4.71,234.91,937.5,1300.48,121.06,-63.37,-17.32,33.01,14.6225,22.35,0.18,0.53,0.0,0.0,12.96,17.72,15.36,15.56,20.24,20.57,20.42,2.8,2.78,3,2003,0.0,94.24528301886792,49.95
2003-06-30,100.82999999999998,-15.620000000000005,-0.16834838333818825,1.81,61.22,-20.870000000000005,12.210000000000008,29.0,121.69999999999999,10.980000000000004,69.09,29.01,3.62,346.71,880.81,1234.12,18.56,6.58,0.0,107.98,2.6,110.57,937.5,1115.17,-65.18,72.13,-179.28,33.080000000000005,-43.06634763124198,24.38,0.1,0.37,1.81,4.89,-5.0595514127585215,-6.333539178561027,-5.605546169531025,-5.478147392950773,-7.370929216428782,10.03,9.94,3.21,3.18,6,2003,167.93864864864864,92.78378378378378,34.33
2003-09-30,138.68,-1.3799999999999955,-0.014658573596358068,0.026129680515113263,89.36000000000001,-2.1300000000000026,32.5,31.0,140.81,31.58,77.92,45.25,4.16,327.14,912.89,1246.63,24.78,12.54,0.0,122.71,1.74,124.45,937.5,1113.79,22.68,-20.08,6.219999999999999,34.629999999999995,-528.6923007246394,26.09,0.11,0.35,1.81,5.17,-0.4422701062215463,-0.5528376327769329,-0.4958786039453701,-0.47912594840667516,-0.6466525037936245,6.86,6.81,2.67,2.63,9,2003,2.459922779922806,94.14285714285715,32.95
2003-12-31,242.20999999999998,55.89,0.5976530841963079,-0.01213690744195013,172.72999999999996,74.50999999999999,107.25,30.0,167.70000000000005,105.80000000000001,261.23,85.1,5.36,366.02,955.65,1328.27,31.17,22.31,0.0,150.21,0.0,150.21,937.5,1169.68,72.07999999999998,-123.05000000000001,6.400000000000006,32.74000000000001,12.549504383610664,24.05,0.13,0.95,1.81,1.91,16.834943719045473,20.886402521386763,19.124898694281853,18.470625844214318,25.189504727600177,12.31,12.23,2.44,2.4,12,2003,-1.1349924812029997,93.51578947368422,88.84
2004-03-31,277.05,63.98,0.68,0.0,196.54,85.4,117.08,31.0,191.66,116.62,95.25,87.37,5.11,450.35,952.42,1409.37,21.57,16.7,0.0,167.31,0.0,167.31,937.5,1233.66,122.89,-51.37,-9.6,31.68,11.3975,23.56,0.14,0.68,0.0,0.0,18.16,23.12,20.76,20.2,27.52,23.17,23.09,2.69,2.66,3,2004,0.0,94.08823529411764,63.98
2004-06-30,193.07,20.770000000000003,0.22056637168141596,0.86,132.47,28.0,60.11999999999999,28.0,165.06000000000003,58.59,26.84,51.81,4.93,351.36,971.09,1329.06,16.91,16.38,0.0,146.83,0.0,146.83,937.5,1173.8,68.95,-52.07,-85.29,32.12,31.735345450168506,22.36,0.13,0.9,0.86,0.96,6.254282005899706,8.675610619469028,7.077729793510326,7.263985840707966,9.401028908554574,18.1,18.03,2.39,2.36,6,2004,80.98333333333333,94.16666666666667,84.75
2004-09-30,265.08000000000004,50.97,0.544551282051282,-0.0052065527065526165,190.11,68.41999999999999,101.54000000000002,28.0,196.65999999999997,100.65,41.54,84.27,4.92,429.77,962.13,1398.5,16.37,16.4,0.0,165.28,0.0,165.28,937.5,1224.78,76.59,-61.349999999999994,-0.5400000000000063,33.120000000000005,12.854390818128309,21.43,0.13,1.45,0.86,0.59,14.571441202475684,20.655393457117597,16.644491600353668,17.440663129973473,22.14258178603006,18.53,18.46,2.6,2.57,9,2004,-0.48733333333332496,93.60000000000001,135.72
2004-12-31,354.04999999999995,103.72,1.1046024056130972,0.0027297026394920566,267.70000000000005,138.45,170.89,28.0,215.60000000000002,172.47999999999996,49.02,125.07,5.74,586.22,956.97,1549.79,28.88,21.09,0.0,212.84,0.0,212.84,937.5,1328.49,122.75,-127.78,12.510000000000005,32.44000000000001,6.336895487851908,19.76,0.16,2.55,0.86,0.34,26.770364183093882,38.57011693952556,31.22342799866355,33.216044102906785,41.51572335449382,22.06,21.98,2.75,2.73,12,2004,0.2563137254901875,93.89803921568628,239.44
2005-03-31,300.35,75.03,0.8,0.0,223.01,100.4,135.46,28.5,199.95,133.74,265.17,102.04,5.04,689.41,940.48,1636.49,12.57,18.9,0.0,224.5,0.0,224.5,937.5,1403.52,167.39,65.06,-16.3,35.06,8.9075,19.04,0.16,0.8,0.0,0.0,18.32,26.36,21.4,22.76,28.44,25.12,24.98,3.07,3.05,3,2005,0.0,93.7875,75.03
2005-06-30,240.11,40.11,0.42848097967691506,2.3,170.21000000000004,53.859999999999985,89.25999999999999,29.5,186.25,87.47999999999999,51.04,64.03,5.02,460.47,929.29,1396.37,15.55,14.59,0.0,159.88,0.0,159.88,937.5,1228.01,52.360000000000014,-53.85,-212.64999999999998,35.39999999999999,17.209281974569933,22.52,0.13,1.23,2.3,1.87,11.495831162063574,15.773673788431475,13.070411672746223,13.36303282959875,17.390057321521628,21.44,21.3,2.88,2.85,6,2005,215.30243902439022,93.60975609756098,115.14
2005-09-30,273.5799999999999,54.17999999999999,0.5791743444365698,-0.0015439087771458619,192.58999999999992,72.66,107.53,28.0,200.92000000000002,105.77000000000001,53.22,93.32,4.98,533.66,918.38,1458.64,10.48,15.04,0.0,167.95,0.0,167.95,937.5,1282.19,72.33999999999997,-65.08,-5.070000000000022,34.870000000000005,12.086472868217056,20.47,0.13,1.81,2.3,1.27,14.860141743444363,20.32549964564139,16.90805102763997,17.292034018426644,22.501403260099217,20.94,20.8,3.18,3.15,9,2005,-0.14442797466648472,93.54696132596685,169.32
2005-12-31,331.6300000000001,94.43,1.0060599052132702,0.007700432038961914,245.47000000000003,126.07000000000002,161.42000000000002,32.0,205.55999999999995,158.73000000000002,90.54,107.57,5.82,681.64,909.59,1597.83,11.48,24.34,0.0,212.67,0.0,212.67,937.5,1376.62,150.91000000000003,-114.59,1.0,35.35000000000001,7.953278883829292,21.79,0.15,2.81,2.3,0.82,23.644197914691947,32.12231127962085,27.439299336492894,27.926218009478674,36.490258199052136,23.2,23.02,3.21,3.18,12,2005,0.7227718684256956,93.86120996441281,263.75
2006-03-31,387.41,118.7,1.27,0.0,290.26,158.71,190.7,34.0,228.7,186.14,148.4,116.98,4.48,832.27,897.77,1736.64,6.4,22.25,0.0,232.74,0.0,232.74,937.5,1495.31,164.61,-101.67,-5.08,31.99,6.6925,21.32,0.16,1.27,0.0,0.0,27.36,37.64,31.760000000000005,32.76,42.2,31.05,30.64,3.58,3.56,3,2006,0.0,93.46456692913385,118.7
2006-06-30,268.84999999999997,49.41000000000001,0.5261073106894296,2.53,188.94,66.20999999999998,98.60000000000002,34.25,202.63,94.06,94.48,82.27,5.04,597.41,899.07,1503.08,0.0,27.29,0.0,186.91,0.0,186.91,937.5,1307.54,77.57999999999998,112.09,-232.10999999999999,32.39,16.271727889091274,24.56,0.14,1.79,2.53,1.41,13.143865326274465,18.234467907917438,15.118972101600143,15.58923561953483,20.092008803759445,26.02,25.62,3.2,3.17,6,2006,237.6079888268156,93.91620111731844,168.11
2006-09-30,264.63,53.42999999999998,0.5691739640696937,-0.0011675256445104927,187.31,72.01000000000002,103.55000000000001,36.0,192.63000000000005,98.43,53.52,88.04,4.65,622.52,903.1,1532.22,0.0,19.35,0.0,162.54,0.0,162.54,937.5,1360.96,64.45999999999998,-105.43,0.0,31.540000000000006,15.807996443945354,24.8,0.12,2.36,2.53,1.07,13.949585627877578,19.1589744515663,15.705342601787482,16.16839938611537,20.914731425476205,24.49,24.06,3.83,3.8,9,2006,-0.10959899630714176,93.87288135593221,221.54
2006-12-31,316.2500000000001,85.35999999999999,0.909505376344086,-0.0005302533260438633,231.98000000000002,116.11000000000001,145.0,39.75,200.13,136.76999999999998,105.25,591.04,4.92,731.6,911.18,1649.39,0.0,35.77,0.0,194.27,0.0,194.27,937.5,1446.33,117.67000000000002,-65.92999999999999,0.0,28.89,10.929896907216495,25.77,0.13,3.27,2.53,0.77,20.704458781362003,28.303139784946232,23.608200716845875,24.186724014336914,31.58514695340501,25.27,24.81,3.77,3.74,12,2006,-0.0497659772975112,93.8532110091743,306.9
2007-03-31,317.18,78.93,0.84,0.0,233.72,111.8,141.22,39.0,205.38,134.21,376.41,441.22,4.77,851.22,897.06,1754.88,0.0,22.3,0.0,220.76,0.0,220.76,937.5,1525.26,147.81,123.35,0.0,29.42,11.6075,23.97,0.14,0.84,0.0,0.0,18.0,25.6,20.68,20.92,29.159999999999997,25.45,24.88,3.86,3.83,3,2007,0.0,93.96428571428572,78.93
2007-06-30,268.04,45.30999999999999,0.48504748873148734,2.62,188.79999999999998,63.780000000000015,94.06,36.0,204.26,88.34,100.48,485.18,6.51,616.2,888.82,1511.61,0.0,26.29,0.0,177.76,0.0,177.76,937.5,1324.94,56.03999999999999,-86.35,-245.62,30.28,18.55648201280071,25.47,0.13,1.33,2.62,1.97,11.991249195106244,16.99489697359948,13.683444945267222,13.770972311654857,19.19766902768834,21.7,21.23,3.47,3.43,6,2007,244.74345864661655,93.41353383458646,124.24
2007-09-30,259.26,42.38000000000001,0.4527451686472213,0.00540777583136841,177.46000000000004,59.579999999999984,90.46000000000001,37.0,199.68000000000006,86.87,158.28,107.99,6.59,619.63,901.11,1527.34,0.0,21.8,129.27,151.06,0.0,151.06,937.5,1367.33,25.5,32.3,0.0,30.879999999999995,20.434342850401126,25.37,0.11,1.78,2.62,1.47,11.099887168407156,15.637512903613013,12.40216540631377,12.422513503781062,17.387449285800027,20.12,19.73,4.1,4.06,9,2007,0.5062042747318003,93.60674157303372,166.62
2007-12-31,308.6199999999999,71.35,0.7615623818128335,1.602299685589676,217.81999999999994,92.20000000000002,123.20999999999998,41.0,216.41999999999996,120.21999999999997,122.21,379.29,5.35,533.14,919.27,1459.01,0.0,33.16,0.0,161.34,0.0,161.34,937.5,1288.69,117.71000000000001,-3.799999999999997,-149.99,31.010000000000005,13.457728801681853,29.83,0.13,2.54,4.22,1.66,19.560759759633566,25.257486237761057,22.1512711686347,20.868008572509137,30.25861243013825,20.99,20.64,3.3,3.27,12,2007,150.11781739361228,93.68897637795276,237.97
2008-03-31,322.06,87.62,0.93,0.0,240.35,117.12,145.57,36.0,204.94,142.63,169.72,471.1,4.16,680.74,934.43,1621.77,0.0,23.45,0.0,236.44,0.0,236.44,937.5,1376.31,176.9,-129.38,0.0,28.45,9.6775,24.52,0.17,0.93,0.0,0.0,21.6,27.76,25.48,24.16,33.8,27.46,27.21,2.88,2.86,3,2008,0.0,94.21505376344086,87.62
2008-06-30,281.55,51.75999999999999,0.5533247237767254,0.14,196.34,69.54999999999998,97.5,36.0,212.0,93.99000000000001,166.41,382.33,4.12,577.02,1025.61,1609.23,0.0,19.18,0.0,185.22,0.0,185.22,937.5,1414.94,50.650000000000006,-40.84,-13.12,27.95,16.264590417310668,23.85,0.13,1.49,0.14,0.09,12.863871430621321,17.765808580858085,14.631539675706698,15.106879035729659,19.47405940594059,23.34,23.09,3.12,3.09,6,2008,13.096107382550336,93.54362416107382,139.38
2008-09-30,249.38,25.189999999999998,0.26939539405724006,-5.680861207139928e-05,168.76000000000005,45.5,75.70999999999998,33.5,203.86999999999995,72.83999999999997,266.79,199.77,3.86,488.89,1117.91,1613.4,0.0,18.31,0.0,164.15,0.0,164.15,937.5,1440.13,74.19999999999999,26.169999999999987,0.0,30.21,31.081451965065504,21.81,0.11,1.76,0.14,0.08,6.245075044054201,9.049236191286383,6.998157622896032,7.175713678070123,9.808441392720422,19.51,19.29,2.98,2.95,9,2008,-0.005311928004880784,93.50568181818181,164.57
2008-12-31,237.82999999999993,48.77000000000001,0.5212130870910284,9.649556405910283e-05,159.38,35.849999999999994,66.71000000000004,30.0,201.99,63.56999999999999,263.16,41.44,3.93,451.01,1192.64,1660.12,0.0,40.69,0.0,162.06,0.0,162.06,937.5,1488.9,70.91000000000003,-74.51999999999998,0.0,30.86,14.39181053926594,18.89,0.11,2.28,0.14,0.06,11.75015468266617,15.718689415955755,13.1034798912534,14.045321083716136,16.358775663260527,19.78,19.56,2.78,2.76,12,2008,0.00902910685805658,93.57017543859651,213.34
2009-03-31,204.9,14.64,0.16,0.0,141.67,20.14,53.09,32.0,184.75,70.85,225.82,41.23,3.78,376.54,1311.75,1704.46,0.0,63.05,0.0,191.71,0.0,191.71,937.5,1503.54,62.57,-99.92,0.0,32.95,50.0,19.95,0.13,0.16,0.0,0.0,3.44,4.84,3.8799999999999994,4.08,5.32,7.2,7.14,1.96,1.94,3,2009,0.0,91.5,14.64
2009-06-30,102.1,-60.74,-0.6456095444685466,0.8,50.52000000000001,-55.18,-22.810000000000002,26.0,157.29000000000002,-7.609999999999992,155.88,23.69,2.85,273.85,1425.24,1715.43,200.0,7.95,0.0,338.73,28.43,367.16,937.5,1339.05,-23.380000000000003,-171.57,125.01,32.36999999999999,-10.067772472835035,18.2,0.27,-0.49,0.8,-1.63,-14.177058568329718,-11.120295010845986,-18.129770065075924,-17.655444685466378,-13.439219088937092,-15.12,-15.02,0.81,0.8,6,2009,75.26530612244899,94.08163265306123,-46.1
2009-09-30,107.01999999999998,-52.449999999999996,-0.5588280060882801,-0.0019134594477062544,57.610000000000014,-46.71,-15.770000000000001,25.0,153.72999999999996,-0.6600000000000037,144.45,25.65,2.62,267.8,1617.22,1900.89,375.0,9.32,0.0,577.94,27.11,605.05,937.5,1286.6,-24.699999999999996,-161.73000000000002,175.0,30.940000000000012,-11.184344613918018,18.22,0.47,-1.05,0.8,-0.76,-11.02753932014206,-9.89923896499239,-16.307133434804665,-15.3917199391172,-13.156407914764078,-24.01,-23.8,0.46,0.46,9,2009,-0.17959183673471557,93.85714285714285,-98.55
2009-12-31,187.07000000000005,-16.35000000000001,-0.173603133159269,0.002745244311824149,116.65999999999997,-10.269999999999996,37.31,31.0,197.34000000000003,53.06,117.54,40.87,4.97,262.55,1707.77,1985.73,300.0,17.78,0.0,478.16,228.07,706.23,937.5,1270.26,52.85999999999999,-204.76,125.0,47.58,-44.64233944954127,22.88,0.56,-1.22,0.8,-0.66,-3.2956135770235004,-2.874412532637077,-5.1511749347258515,-4.741357702349871,-3.4720626631853797,-19.2,-19.12,0.55,0.54,12,2009,0.2585480093677006,94.18032786885247,-114.9
2010-03-31,254.21,13.98,0.15,0.0,183.03,23.84,86.88,30.0,230.38,103.56,151.91,57.57,3.66,305.44,1669.5,1990.44,300.0,17.77,0.0,468.62,228.32,696.94,937.5,1284.24,57.54,-23.17,0.0,63.04,50.0,21.9,0.54,0.15,0.0,0.0,2.8,5.16,4.36,3.9999999999999996,6.28,5.5,5.5,0.65,0.64,3,2010,0.0,93.2,13.98
2010-06-30,87.45000000000002,-99.42,-1.0588974719101125,0.0,41.68000000000001,-89.72,-28.58,26.5,177.16000000000003,-10.049999999999997,92.58,20.26,3.51,202.36,1634.16,1851.71,300.0,5.79,32.0,461.11,196.52,657.63,937.5,1184.82,-33.39,-25.939999999999998,0.0,61.14000000000001,-6.256318648159324,20.97,0.56,-0.91,0.0,0.0,-21.4572191011236,-17.17508426966292,-33.55890449438203,-31.510926966292132,-22.06230337078652,-25.05,-25.01,0.44,0.43,6,2010,0.0,93.89010989010988,-85.44
2010-09-30,101.38,-95.69999999999999,-1.0196588274262999,0.0,53.01000000000002,-85.55000000000001,-20.919999999999995,26.5,186.94,-4.340000000000003,24.42,28.09,3.35,148.94,1581.47,1738.7,300.0,10.74,48.0,484.22,156.08,640.3,937.5,1089.11,-31.18,-11.980000000000004,-25.0,64.63,-6.4970015673981205,22.81,0.59,-1.93,0.0,0.0,-22.020404107320303,-17.582510765154023,-35.143888704869156,-32.22755879430275,-25.507320304736666,-40.96,-40.89,0.31,0.3,9,2010,0.0,93.85492227979275,-181.14
2010-12-31,158.20999999999998,-51.80000000000001,-0.5514896539881516,0.0,95.89999999999998,-42.879999999999995,20.099999999999994,25.0,201.06999999999994,34.42999999999999,51.41,33.4,3.99,171.9,1519.49,1699.28,300.0,17.74,64.0,512.2,140.47,652.67,937.5,1037.32,20.79,6.200000000000003,0.0,62.97999999999999,-11.332216216216214,22.59,0.63,-2.48,0.0,0.0,-12.195037348673482,-9.38421911221774,-19.97815746544175,-17.958993732291585,-14.561105864171035,-38.8,-38.74,0.34,0.33,12,2010,0.0,93.9274193548387,-232.94
2011-03-31,221.15,-0.83,-0.01,0.0,150.87,8.08,70.74,22.1,213.08,70.46,54.97,46.75,3.31,199.15,1459.72,1666.83,300.0,17.31,64.0,515.71,105.33,621.03,937.5,1036.48,42.31,-2.75,-36.0,62.66,-552.5,19.99,0.6,-0.01,0.0,0.0,-0.2,1.76,-0.32,-0.28,2.8,-0.38,-0.38,0.39,0.38,3,2011,0.0,83.0,-0.83
2011-06-30,167.72,-57.42,-0.6111656652360515,0.0,96.82999999999998,-48.42,14.36,21.6,216.12999999999997,13.990000000000009,47.57,39.82,3.6,168.25,1406.05,1581.86,300.0,21.9,64.0,504.26,89.22,593.48,937.5,979.06,24.909999999999997,-16.31,-16.0,62.78,-8.83590212469523,20.68,0.61,-0.62,0.0,0.0,-14.510255793991416,-9.26606008583691,-23.46087553648069,-21.213363090128755,-14.746836051502148,-15.0,-14.98,0.33,0.33,6,2011,0.0,93.95161290322581,-58.25
2011-09-30,170.47000000000003,-46.59,-0.49771842808088523,0.0,104.82,-37.22999999999999,25.74000000000001,18.0,207.7,25.39999999999999,36.95,39.26,3.89,150.86,1348.13,1506.19,300.0,13.52,64.0,511.35,53.02,564.36,937.5,932.48,22.019999999999996,3.3599999999999994,-36.0,62.97,-9.040452886885598,18.1,0.61,-1.12,0.0,0.0,-12.371858069439146,-8.49676459366654,-19.979839755818393,-18.433357497138495,-13.865013353681801,-18.78,-18.74,0.3,0.29,9,2011,0.0,93.60714285714285,-104.84
2011-12-31,123.11000000000001,-75.96000000000001,-0.8108561946902655,0.0,63.75,-66.57,-4.52000000000001,22.0,189.68000000000006,-4.9199999999999875,57.78,31.06,4.67,141.67,1284.4,1433.23,300.0,113.95,64.0,517.43,49.91,567.34,937.5,856.52,4.060000000000002,16.77,0.0,62.05000000000001,-6.783570300157979,24.08,0.66,-1.93,0.0,0.0,-21.19149557522124,-15.460884955752213,-35.47600884955752,-32.08133628318584,-26.451557522123895,-26.55,-26.49,0.27,0.26,12,2011,0.0,93.67875647668394,-180.8
2012-03-31,217.48,-1.52,-0.02,0.0,142.71,6.66,66.87,20.5,210.82,66.58,41.15,47.57,3.61,138.04,1226.48,1371.32,260.0,13.93,64.0,472.26,34.66,506.92,937.5,855.0,31.12,8.26,-56.0,60.21,-256.25,22.48,0.59,-0.02,0.0,0.0,-0.44,1.76,-0.72,-0.64,2.96,-0.7,-0.7,0.29,0.28,3,2012,0.0,76.0,-1.52
2012-06-30,175.16,-40.4,-0.4336832061068702,0.0,99.79999999999998,-32.94,26.709999999999994,19.5,208.10000000000002,26.5,28.76,53.58,3.77,126.3,1168.54,1301.27,240.0,114.23,55.0,449.7,27.53,477.23,937.5,814.6,25.16,-1.5699999999999994,-36.0,59.65,-11.240059405940595,22.44,0.59,-0.45,0.0,0.0,-12.41297709923664,-7.016030534351145,-19.853053435114504,-18.00267175572519,-11.9118320610687,-10.69,-10.68,0.28,0.27,6,2012,0.0,93.15555555555555,-41.92
2012-09-30,197.97000000000003,-23.560000000000002,-0.25186316432498473,0.0,119.81,-17.03,42.91000000000001,19.3,214.99999999999994,42.750000000000014,20.08,63.16,3.52,123.42,1113.75,1245.24,220.0,117.81,39.0,416.66,28.08,444.74,937.5,791.03,34.239999999999995,-6.9,-36.02000000000001,59.94000000000001,-19.156235144312394,22.87,0.56,-0.7,0.0,0.0,-7.5702871105681115,-4.533536957849725,-11.91672571777642,-10.938057422113623,-7.527110568112401,-11.1,-11.09,0.3,0.29,9,2012,0.0,93.54285714285716,-65.48
2012-12-31,256.65999999999997,10.870000000000005,0.11544772019776602,0.0,158.25000000000006,13.840000000000003,73.51999999999998,18.5,242.82000000000005,73.22,21.4,85.2,4.28,143.17,1061.45,1212.65,190.0,114.94,23.0,372.63,28.59,401.22,937.5,801.91,53.39999999999999,-6.07,-46.0,59.67999999999998,40.06575436982519,21.63,0.5,-0.58,0.0,0.0,3.5828602819996354,1.7755063175242636,5.422061893426115,5.246899835195022,2.7946310199597155,-6.45,-6.45,0.38,0.37,12,2012,0.0,94.15517241379311,-54.61
2013-03-31,252.2,18.49,0.2,0.0,166.07,25.04,82.73,20.0,227.15,82.53,25.82,64.74,3.66,136.55,1016.68,1297.68,145.0,99.22,7.0,298.71,28.13,326.84,937.5,961.27,79.3,-13.88,-61.0,57.69,25.0,19.51,0.34,0.2,0.0,0.0,5.68,7.52,7.68,8.16,10.040000000000001,7.34,7.33,0.46,0.44,3,2013,0.0,92.44999999999999,18.49
2013-06-30,187.43,-24.549999999999997,-0.24306930693069304,0.6,110.47000000000003,-29.689999999999998,28.310000000000002,26.0,217.12999999999997,28.060000000000002,21.68,51.17,4.01,116.96,975.0,1243.32,177.0,111.11,0.0,324.34,28.91,353.25,937.5,880.48,43.86,-16.759999999999998,-31.239999999999995,58.0,-26.74113849287169,27.68,0.4,-0.06,0.6,-10.0,-7.94026402640264,-5.995709570957096,-11.18118811881188,-11.667326732673267,-8.264356435643563,-1.38,-1.38,0.36,0.35,6,2013,60.599999999999994,101.0,-6.06
2013-09-30,202.40999999999997,-14.870000000000001,-0.15630195891065457,-0.036980410893454274,120.19,-17.869999999999997,39.290000000000006,23.4,220.27999999999997,39.099999999999994,24.58,38.69,4.28,107.3,929.14,1198.05,122.0,134.36,0.0,293.56,29.23,322.79,937.5,865.61,74.85,-16.950000000000003,-55.000000000000014,57.16,-37.42627437794216,25.34,0.37,-0.22,0.6,-2.73,-4.973244147157191,-5.22901098901099,-6.8772861920688015,-7.18989010989011,-7.07621595795509,-3.26,-3.26,0.37,0.35,9,2013,-3.5181818181818088,95.13636363636364,-20.93
2013-12-31,250.46000000000004,6.529999999999999,0.06802083333333332,0.005397727272727175,160.21000000000004,24.06,80.03,19.0,226.41000000000008,79.80000000000001,20.71,51.19,4.96,113.25,883.8,1142.27,77.0,115.88,0.0,231.18,29.24,260.42,937.5,872.14,51.97,-10.839999999999996,-45.0,55.97,69.83338437978561,20.42,0.3,-0.15,0.6,-4.0,2.2854999999999994,-0.23580555555555555,2.9929166666666664,3.1198888888888883,-0.3083611111111111,-1.62,-1.61,0.49,0.47,12,2013,0.5181818181818088,96.0,-14.4
2014-03-31,203.27,0.91,0.01,0.0,131.17,1.14,53.27,29.25,202.13,53.07,41.71,33.1,4.33,118.92,839.76,1104.13,57.0,94.15,0.0,191.27,30.05,221.32,937.5,873.06,48.21,-7.21,-20.0,52.13,731.25,31.41,0.25,0.01,0.0,0.0,0.32,0.36,0.4,0.4,0.48000000000000004,0.45,0.45,0.62,0.6,3,2014,0.0,91.0,0.91
2014-06-30,129.49999999999997,-35.12,-0.3695761473253434,0.6,71.54000000000002,-43.86,8.529999999999994,26.0,173.36,8.350000000000001,24.79,19.78,3.82,86.23,798.84,1039.81,57.0,80.72,0.0,218.21,30.14,248.35,937.5,781.68,-0.030000000000001137,-10.64,-6.239999999999998,52.38999999999999,-17.587173974943056,31.18,0.32,-0.36,0.6,-1.67,-13.510061385559776,-15.357942122186495,-17.98603916983338,-16.91837474422683,-21.353288512130955,-10.29,-10.28,0.4,0.38,6,2014,57.01666666666667,95.02777777777779,-34.21
2014-09-30,129.41000000000003,-67.03,-0.7150572896088503,-0.008237850651916352,64.31999999999996,-54.620000000000005,-2.0999999999999943,25.75,184.03999999999996,-2.25,57.66,26.82,3.65,126.56,749.7,1019.72,77.0,99.82,0.71,263.39,31.86,295.24,937.5,714.66,12.840000000000003,0.11000000000000298,19.919999999999998,52.519999999999996,-9.001796210651946,33.78,0.41,-1.08,0.6,-0.56,-26.29821809561438,-23.252603713947057,-37.52726590280522,-33.925495851442115,-34.0843974713552,-21.93,-21.9,0.48,0.47,9,2014,-0.7722222222222328,93.74074074074073,-101.24
2014-12-31,204.36999999999995,-43.019999999999996,-0.45924580618328015,-0.0004189965648443451,108.25,-7.909999999999997,29.450000000000003,24.2,212.26999999999998,29.319999999999993,29.88,43.77,4.73,110.93,716.4,937.05,17.0,97.08,0.74,209.1,46.47,255.56,937.5,671.64,36.49999999999999,-3.960000000000001,-60.330000000000005,37.360000000000014,-13.170180148768015,33.78,0.38,-1.54,0.6,-0.39,-18.369832247331207,-12.071604048246222,-25.62233744627755,-22.294296409261054,-17.24855677249411,-21.66,-21.64,0.53,0.51,12,2014,-0.039249639249639756,93.67532467532467,-144.26
2015-03-31,248.21,43.84,0.47,0.0,168.28,54.53,80.11,24.2,193.68,79.96,34.58,52.19,4.29,133.39,694.37,927.09,0.0,108.06,0.76,154.12,47.61,201.73,937.5,715.48,74.68,-2.74,-67.24,25.58,12.8725,31.71,0.28,0.47,0.0,0.0,18.92,21.48,24.52,22.08,28.2,17.67,17.66,0.87,0.84,3,2015,0.0,93.27659574468086,43.84
2015-06-30,184.80999999999997,8.699999999999996,0.0927293490673772,0.0,110.41,10.329999999999998,36.16,26.0,174.48000000000002,35.93000000000001,29.3,31.38,3.83,151.49,673.13,922.44,0.0,107.79,0.78,140.06,48.3,188.35,937.5,724.18,48.86,-53.89,-0.25,25.83,70.09862643678163,33.66,0.26,0.56,0.0,0.0,3.775409212028929,4.378149980966881,4.808679101636845,4.623220403502091,5.4909021697754055,12.14,12.13,1.08,1.05,6,2015,0.0,93.82142857142856,52.54
2015-09-30,193.48000000000002,9.130000000000003,0.09771039403275501,0.0,118.98000000000002,10.829999999999998,35.55,29.0,182.64999999999992,35.16000000000001,45.15,25.55,4.12,188.72,658.2,943.11,0.0,117.76,0.8,151.31,48.56,199.87,937.5,733.31,50.2,-34.10999999999999,-0.2400000000000091,24.72,74.19988499452353,37.08,0.27,0.66,0.0,0.0,3.872884708934653,4.565740230257825,4.9802691746392105,5.045409437327713,5.6612810118372,9.86,9.84,1.25,1.22,9,2015,0.0,93.43939393939394,61.67
2015-12-31,225.36,21.5,0.23007093904051942,0.0,138.86999999999995,29.510000000000005,53.129999999999995,32.0,195.85000000000002,52.599999999999994,38.85,36.68,4.41,254.79,640.72,983.72,0.0,129.58,0.82,169.56,49.41,218.97,937.5,754.81,64.97,-71.02,-0.23999999999999488,23.620000000000005,34.77666511627907,39.75,0.29,0.89,0.0,0.0,8.737525550078153,11.322592280870506,11.394974149332691,12.056751232415534,13.35962486473488,9.78,9.76,1.5,1.48,12,2015,0.0,93.4494382022472,83.17
2016-03-31,260.22,49.56,0.53,0.0,175.87,61.34,84.48,30.5,198.88,83.79,37.92,39.77,3.87,329.14,625.57,1031.26,0.0,128.32,0.85,166.69,50.23,216.92,937.5,804.37,71.43,-72.12,-0.24,23.14,14.3875,35.55,0.27,0.53,0.0,0.0,19.24,25.04,24.64,26.08,28.36,19.1,19.05,1.97,1.95,3,2016,0.0,93.50943396226415,49.56
2016-06-30,176.29999999999995,6.32,0.06785969935576235,0.0,107.56,7.939999999999998,31.14,29.25,168.36,30.269999999999996,24.65,23.49,3.59,328.57,613.56,1017.57,0.0,112.17,0.87,146.34,50.55,196.89,937.5,810.69,32.099999999999994,-45.11999999999999,-0.25,23.200000000000003,107.75909810126582,33.83,0.24,0.6,0.0,0.0,2.483664996420902,3.2301216893342874,3.1170221904080173,3.293457408732999,3.596564065855405,12.85,12.8,2.25,2.22,6,2016,0.0,93.13333333333334,55.88
2016-09-30,191.27999999999997,13.649999999999999,0.14527542068172009,0.0,-506.27,16.120000000000005,39.44,29.5,175.15999999999997,-586.79,36.11,25.68,4.06,375.67,606.9,1055.62,0.0,141.16,1.09,174.99,50.71,225.7,937.5,824.34,62.53,-46.42,-4.6499999999999995,23.319999999999993,50.75944688644689,33.55,0.27,0.74,0.0,0.0,5.174946066446138,6.714080253128146,6.619847547821084,7.01248381993384,7.617143678987486,0.0,11.08,2.15,2.12,9,2016,0.0,93.95945945945947,69.53
2016-12-31,239.5,36.769999999999996,0.39087582314205077,0.0,779.14,46.44,69.43,31.25,193.06000000000006,693.59,19.39,42.0,4.34,426.26,593.89,1084.09,0.0,127.56,0.87,166.58,50.82,217.4,937.5,861.1,47.27000000000001,-63.75,-0.25,22.99000000000001,19.983648354636934,34.02,0.25,1.13,0.0,0.0,13.573422389463781,17.64129821260583,17.074009407337723,18.208587017873942,19.88278080903104,12.31,12.26,2.56,2.53,12,2016,0.0,94.070796460177,106.3
2017-03-31,253.96,51.83,0.55,0.9,172.99,64.17,86.83,35.0,189.78,85.34,77.55,38.91,4.52,499.58,575.97,1127.39,0.0,113.3,0.65,157.1,51.75,208.85,937.5,912.94,77.02,-18.62,-0.24,22.66,15.909999999999998,35.94,0.23,0.55,0.9,1.64,18.4,23.8,22.72,24.16,26.44,20.53,20.41,3.18,3.15,3,2017,84.81272727272726,94.23636363636362,51.83
2017-06-30,185.29999999999998,10.230000000000004,0.10879471479213668,-0.0019722848855944545,113.57,12.25,34.989999999999995,32.75,173.05999999999997,33.97999999999999,14.86,21.86,3.9,439.92,558.06,1047.88,0.0,116.23,0.42,149.91,53.59,203.5,937.5,838.8,44.74000000000001,-22.819999999999997,-84.61,22.74,75.25457478005862,36.6,0.24,0.66,0.9,1.36,3.903422494360298,4.879278117950372,4.879278117950372,4.958401546890108,5.6111698356429285,14.21,14.13,2.93,2.91,6,2017,-0.1854545454545331,94.03030303030303,62.06
2017-09-30,202.02999999999997,18.53,0.1977391735947388,-0.003082945098083311,125.88999999999999,22.120000000000005,45.08000000000001,36.0,179.91000000000003,43.74000000000001,46.45,33.68,3.61,504.6,546.25,1098.9,0.0,154.88,0.0,182.74,53.23,235.97,937.5,857.32,63.2,-31.180000000000007,-0.4300000000000068,22.96,45.51399622234215,39.37,0.28,0.86,0.9,1.05,6.7415262439508625,8.415411341357489,8.645340612979279,8.810889688546967,9.896155850601811,12.64,12.57,2.76,2.74,9,2017,-0.2889006342494582,93.7093023255814,80.59
