,revenue,net_profit,eps,dps,gross_profit,ebit,ebitda,close_price,allowance_doubtful_accounts,expense,operating_profit,cash,account_receivable,inventory,current_asset,property_plant_equipment,total_asset,short_term_loan,account_payable,current_portion_long_term_debt,current_liability,non_current_liability,total_liability,paid_in_capital,total_equity,cash_flow_operation,cash_flow_investment,cash_flow_financing,depreciation,P/E,P/BV,D/E,EPS,DPS,DPR%,ROA%,ROAA%,ROE%,ROAE%,ROCE%,NPM%,NPMA%,CurrentRatio,QuickRatio,month,year,dividend,number_of_shares,return_old
2000-03-31,132.67,60.24,1.0,0.0,84.67,74.91,82.23,1.73,0.0,57.76,64.22,33.69,234.34,1954.78,2276.36,353.56,3037.76,0.0,17.41,185.16,329.48,454.34,783.82,600.0,2253.95,87.9,-2.62,-91.26,7.32,0.4325,0.46,0.35,1.0,0.0,0.0,7.92,0.0,10.68,0.0,11.08,50.38,45.41,6.91,0.98,3,2000,0.0,60.24,60.24
2000-06-30,72.98000000000002,6.020000000000003,0.0999396317536976,0.0,39.2,20.340000000000003,27.629999999999995,2.1,0.0,52.64000000000001,26.040000000000006,36.14,254.81,1948.99,2291.33,355.64,3057.73,0.0,10.6,165.21,327.7,470.07,797.78,600.0,2259.96,33.629999999999995,-14.419999999999998,-16.75,7.289999999999999,5.255672757475081,0.56,0.35,1.1,0.0,0.0,0.7886145487473593,0.0,1.0648113492303055,0.0,1.2683247811651077,34.86,32.22,6.99,1.04,6,2000,0.0,60.236363636363635,66.26
2000-09-30,97.79999999999998,-9.910000000000004,-0.16531322094055018,0.0,33.879999999999995,3.3299999999999983,10.430000000000007,1.98,0.0,94.47,29.539999999999992,28.12,294.35,1898.86,2279.28,353.78,3026.26,0.0,6.37,59.97,217.67,558.55,776.22,600.0,2250.05,26.620000000000005,-4.080000000000002,-30.58,7.100000000000001,-2.985242179616548,0.53,0.34,0.94,0.0,0.0,-1.3084365572315888,-0.0,-1.7586512866015978,-0.0,-2.469146406388643,18.53,18.57,10.47,1.75,9,2000,0.0,59.946808510638306,56.35
2000-12-31,102.88999999999999,18.46,0.30844806844004813,0.0,36.56999999999999,30.470000000000013,8.760000000000005,1.75,0.0,72.43,22.480000000000004,25.84,306.22,1888.8,2286.24,353.28,3025.54,0.0,11.71,48.55,196.86,560.16,757.03,600.0,2268.51,4.599999999999994,4.540000000000003,-11.409999999999997,-21.71,1.4183911159263272,0.46,0.33,1.25,0.0,0.0,2.4379735329501404,0.0,3.257211602726908,0.0,4.500874214677181,18.8,18.41,11.61,2.02,12,2000,0.0,59.848,74.81
2001-03-31,146.36,42.02,0.7,1.0,70.07,52.46,58.98,1.45,0.0,93.89,47.15,21.19,300.35,1909.07,2311.73,347.4,3047.45,0.0,18.63,93.01,289.59,447.32,736.91,600.0,2310.54,27.36,3.24,-35.24,6.52,0.5175,0.38,0.32,0.7,1.0,1.43,5.519999999999999,6.880000000000001,7.28,7.360000000000001,7.6,29.99,28.71,7.98,1.39,3,2001,60.02857142857144,60.02857142857144,42.02
2001-06-30,133.09999999999997,14.229999999999997,0.23779911111111104,-0.0031441269841271224,31.570000000000007,24.109999999999992,30.369999999999997,1.83,0.0,108.99999999999999,14.86,34.58,235.36,1896.22,2242.38,354.32,2977.78,0.0,14.35,56.85,264.33,448.69,713.02,600.0,2264.76,128.79000000000002,3.05,-118.45999999999998,6.26,1.9171644413211528,0.48,0.31,0.94,1.0,1.06,1.9125119999999995,2.5702542222222213,2.5095395555555546,2.5196586666666665,2.8535893333333324,21.38,20.13,8.48,1.31,6,2001,-0.18814589665654324,59.840425531914896,56.25
2001-09-30,154.66000000000003,43.959999999999994,0.732593553537571,0.0027590995080542646,38.57000000000001,52.80000000000001,59.16,1.25,0.0,101.86000000000001,21.660000000000004,16.86,252.87,1909.07,2236.91,351.36,2993.22,0.0,4.44,97.46,291.89,380.46,672.35,600.0,2320.87,-5.860000000000014,16.73,-28.590000000000003,6.360000000000001,0.42741981346678803,0.32,0.29,1.67,1.0,0.6,5.878295579283505,7.545274922662409,7.5803692246282806,7.685652130525894,8.405085320826263,25.98,23.08,7.66,1.12,9,2001,0.1655624920371963,60.00598802395209,100.21
2001-12-31,267.95000000000005,3.25,0.05403054320510343,0.002413498925211591,44.53,12.310000000000002,35.93000000000001,1.5,0.0,255.64999999999998,-2.969999999999999,28.14,382.6,1686.65,2119.23,538.13,3078.11,0.0,3.58,100.0,337.4,416.59,753.99,600.0,2324.12,229.25000000000003,-258.15999999999997,40.19999999999999,23.619999999999997,6.923861538461538,0.39,0.32,1.72,1.0,0.58,0.42219215155615697,0.5830272569108834,0.5591532959597914,0.566692441523294,0.6496230427218249,16.23,14.74,6.28,1.28,12,2001,0.14517476674557628,60.15116279069767,103.46
2002-03-31,734.52,102.56,1.71,0.0,210.58,223.18,230.64,2.25,0.0,511.33,176.09,202.03,682.11,1658.19,3041.9,4169.85,7350.44,0.0,260.07,302.17,987.38,3058.06,4045.43,600.0,2438.95,-22.36,-83.67,279.92,7.46,0.32999999999999996,0.55,1.66,1.71,0.0,0.0,5.6,17.16,16.84,17.28,14.04,14.94,13.96,3.08,1.4,3,2002,0.0,59.9766081871345,102.56
2002-06-30,819.1300000000001,125.9,2.0996191893548106,1.0,240.71,275.33,317.75,3.48,0.0,543.8100000000002,192.35,228.49,735.9,1553.86,2959.56,4217.55,7283.57,0.0,235.49,306.42,869.79,2987.74,3857.54,600.0,2504.85,272.07,-97.14,-148.47000000000003,42.42,0.4128248610007943,0.83,1.54,3.81,1.0,0.26,6.921579269894074,21.426035192156178,20.103440427208263,21.117429747001662,17.127602206075462,16.07,14.7,3.4,1.62,6,2002,59.963254593175854,59.963254593175854,228.46
2002-09-30,571.8699999999999,-0.2600000000000193,-0.004329535495179989,0.0014883108936536349,180.88999999999993,50.360000000000014,95.37,2.83,0.0,521.51,127.87,111.35,694.2,1524.0,2785.26,4441.82,7355.46,19.99,125.86,325.52,865.21,3032.42,3897.63,600.0,2504.6,-13.070000000000022,-213.64999999999998,89.59,45.01,-162.37307692306484,0.68,1.56,3.8,1.0,0.26,-0.014127957931639965,-0.04835407537248387,-0.04151796669588389,-0.04311305872042389,-0.03855565293602391,11.02,10.74,3.22,1.46,9,2002,0.08937698577151565,60.05263157894737,228.2
2002-12-31,735.7800000000002,31.75999999999999,0.5290075396214801,-0.0002611737838210559,198.72000000000003,163.90999999999997,185.69000000000005,3.4,0.0,571.8699999999999,183.86999999999995,27.41,600.8,1532.31,2841.22,5021.4,7995.16,19.97,227.31,339.45,1233.93,3219.21,4453.14,600.0,2536.36,218.42000000000002,-503.13000000000005,209.15,21.78,1.6165648614609576,0.8,1.76,4.33,1.0,0.23,1.5882443452838895,6.289447607324202,5.009078319741498,5.228989075242343,5.150798584397598,9.41,9.09,2.3,1.06,12,2002,-0.015680077792637803,60.03695150115473,259.96
2003-03-31,697.2,98.77,0.0,,219.84,206.23,250.65,3.23,0.0,490.97,187.98,15.75,521.69,1602.31,2564.44,5330.11,8036.62,159.93,124.72,346.93,1045.72,3252.67,4298.39,600.0,2635.13,126.71,-216.13,77.76,44.42,0.0,0.73,1.63,0.0,0.0,0.0,4.92,10.72,15.000000000000002,15.560000000000002,11.8,14.56,14.17,2.45,0.92,3,2003,,inf,98.77
2003-06-30,737.75,77.89999999999999,1.2963491254881983,,175.78,184.4,230.21,4.53,0.0,553.3499999999999,139.23,20.68,665.74,1551.64,2734.06,5459.73,8427.36,19.8,161.72,366.8,1209.1,3483.28,4692.38,600.0,2593.03,-188.32,-168.51999999999998,361.78000000000003,45.81,0.8731444159178434,1.05,1.81,2.94,2.0,0.68,3.7038546442519955,8.76578932472972,12.011071489217183,12.222720326031583,9.541835059715854,12.9,12.31,2.26,0.98,6,2003,,60.09183673469387,176.67
2003-09-30,885.2099999999998,118.96000000000001,1.9838067855089134,-0.0042130710823717965,192.18999999999994,264.64,310.65999999999997,7.2,0.0,620.5600000000002,151.08000000000004,92.4,710.07,1500.75,2774.04,5572.93,8971.04,0.0,221.62,337.47,1372.56,3634.86,5007.41,600.0,2711.99,214.05,-515.14,372.79,46.019999999999996,0.907069182918628,1.59,1.85,4.93,2.0,0.41,5.311612488583703,12.924923722220344,17.544417007746173,18.236536210804047,13.874575651997429,13.81,12.74,2.02,0.93,9,2003,-0.25263898662912254,59.96551724137931,295.63
2003-12-31,836.7000000000003,79.80000000000001,0.1339104493514104,1.798746632596921,224.46000000000004,198.18000000000006,257.8900000000001,14.1,0.0,638.5299999999997,182.60999999999996,151.9,649.69,1958.22,3450.06,5574.62,9646.21,0.2,209.49,376.96,1891.32,3767.28,5658.6,600.0,2791.79,192.86,-482.1600000000001,348.80000000000007,59.71000000000001,26.322441729323305,3.03,2.03,0.63,2.0,3.17,3.3073755427110254,8.230178728391445,11.435527262072824,11.979671310230936,9.360978078470021,12.68,11.89,1.82,0.79,12,2003,1071.9102353585113,595.9206349206349,375.43
2004-03-31,978.77,101.09,0.17,0.0,253.51,207.06,268.35,8.7,0.0,771.72,192.73,174.38,491.55,2020.91,3584.25,5666.24,9867.17,24.71,179.24,414.01,2023.45,3690.98,5714.43,600.0,2893.78,-51.98,-86.04,160.5,61.29,12.795,1.8,1.97,0.17,0.0,0.0,4.08,9.24,13.959999999999999,14.64,10.56,10.49,10.33,1.77,0.77,3,2004,0.0,594.6470588235294,101.09
2004-06-30,1071.35,141.92,0.2336035554092424,0.3,357.49,230.51999999999998,294.94999999999993,7.05,0.0,840.8199999999999,281.21000000000004,304.84,725.86,1927.27,3856.8,5682.7,10157.58,0.0,263.42,438.83,2082.87,3968.56,6051.43,602.18,2866.55,244.73,-84.64,-29.629999999999995,64.43,7.546974175591882,1.48,2.11,0.4,0.3,0.75,5.583124974280894,11.002727459775317,19.809581498703757,20.790716431422574,12.661312703180938,11.99,11.85,1.85,0.93,6,2004,182.2575,607.525,243.01
2004-09-30,1056.48,142.65000000000003,0.2367266504174662,-0.002455012186900386,339.42999999999995,260.84999999999997,328.49,6.9,0.0,795.6300000000001,269.94,204.83,801.61,1949.57,3928.86,5661.52,10198.17,0.0,203.53,477.84,2034.36,3844.24,5878.6,603.33,3014.7,20.629999999999995,16.879999999999995,-137.52,67.64000000000001,7.286040658955485,1.38,1.95,0.64,0.3,0.47,5.592667116112639,10.785858009645805,18.9233366177462,19.929424882020438,12.664875797334442,12.58,12.41,1.93,0.97,9,2004,-1.4793750000000045,602.59375,385.66
2004-12-31,962.4000000000001,131.44,0.21860065751305355,-0.0006559417907561244,249.35000000000002,344.7400000000001,412.78999999999996,6.75,0.0,617.6700000000001,231.13,189.36,1263.0,1943.22,4046.09,5637.2,10404.16,1152.0,149.66,481.29,2151.01,3698.98,5850.0,609.05,3230.69,56.29000000000002,-184.99,113.43,68.05000000000001,7.720699558734023,1.27,1.81,0.86,0.3,0.35,5.053233803906401,10.58433881260878,16.27812338039064,17.457550183716883,12.851685167279056,12.94,12.71,1.88,0.98,12,2004,-0.3944040697674325,601.2790697674419,517.1
2005-03-31,1177.23,133.59,0.22,0.0,287.74,283.29,350.2,7.0,0.0,893.94,241.39,236.07,1303.9,1781.02,3930.68,5879.17,11425.45,0.0,303.51,504.4,2502.88,4102.09,6604.97,622.61,3331.49,-444.13,-145.05,635.89,66.91,7.955,1.31,1.98,0.22,0.0,0.0,4.68,10.64,16.04,17.16,12.68,11.78,11.35,1.57,0.86,3,2005,0.0,607.2272727272727,133.59
2005-06-30,1233.79,242.95000000000002,0.3935823551282733,0.5,403.78,338.78000000000003,408.65000000000003,7.75,0.0,895.01,289.80000000000007,194.64,1124.42,2456.85,4534.72,5863.83,12006.09,42.35,272.55,598.9,2684.39,4586.38,7270.78,623.34,3271.43,279.23,-478.55,151.72000000000003,69.87,4.920825272689854,1.48,2.22,0.61,0.5,0.82,8.103925213788708,14.478668932915493,29.70578955755033,31.66724916343549,17.214388909544805,16.46,15.62,1.69,0.77,6,2005,308.6393442622951,617.2786885245902,376.54
2005-09-30,1266.9699999999998,168.99999999999994,0.2726106243355207,0.302139856012722,391.4000000000001,308.41999999999996,381.61,8.4,0.0,958.55,336.77,222.48,971.95,2560.59,4315.27,6038.26,12010.58,21.33,277.84,688.1,2824.48,4384.52,7209.01,626.51,3264.07,318.99,36.05000000000007,-329.16,73.19,7.706963017751482,1.61,2.21,0.88,0.8,0.91,5.625691974923927,10.38398650878029,20.706016057484323,21.536239322506134,12.552480111449203,15.57,14.83,1.53,0.62,9,2005,187.30611028315946,619.9318181818181,545.54
2005-12-31,1270.96,145.71000000000004,0.23397916817359865,0.003617425612362266,332.49,296.8900000000001,369.77,9.0,0.0,974.0700000000002,269.3599999999999,282.1,1068.59,2451.61,4472.68,6663.51,13018.72,0.0,686.05,843.23,2818.6,5301.33,8119.93,630.4,3419.33,-27.53,-364.86,453.96999999999997,72.88000000000002,9.618484489739892,1.66,2.37,1.11,0.8,0.72,4.477223001808319,8.836402459312842,17.04886047016275,17.529466329113927,10.143313128390599,14.57,13.97,1.59,0.72,12,2005,2.252743652743618,622.7477477477477,691.25
2006-03-31,1508.2,236.95,0.37,0.5,464.43,441.95,513.95,13.7,0.0,1066.25,387.54,273.17,1328.7,2341.29,4434.44,6966.1,13354.61,753.37,453.72,943.89,2635.8,5387.25,8023.06,656.2,3730.18,166.81,-475.82,303.41,72.0,9.2575,2.41,2.15,0.37,0.5,1.35,7.08,14.28,25.4,26.84,16.48,16.38,15.71,1.68,0.79,3,2006,320.2027027027027,640.4054054054054,236.95
2006-06-30,1688.3100000000002,343.99000000000007,0.5269926326298757,0.00944950355388615,466.09999999999997,510.07,584.1499999999999,11.4,0.0,1178.25,367.65000000000003,148.9,1658.46,2167.93,4631.87,7080.98,13900.29,24.12,472.97,942.7,2638.12,5860.08,8498.2,669.74,3785.62,-8.780000000000001,-195.65000000000003,81.0,74.08000000000001,5.408472193959127,2.02,2.24,0.89,0.5,0.56,9.900355974799464,17.4085206733914,36.35657038592626,38.985612283540476,20.013877508864944,19.39,18.17,1.76,0.93,6,2006,6.1680838141512595,652.7415730337079,580.94
2006-09-30,1599.8899999999994,204.26999999999998,0.31217636046407965,0.40122267441802223,448.29999999999995,375.5799999999999,448.01,12.6,0.0,1224.3000000000002,355.47,117.31,1927.65,2006.03,4919.96,7157.34,14434.87,0.21,539.21,947.2,3232.95,5781.85,9014.8,673.96,3732.34,5.349999999999994,-50.039999999999964,13.649999999999977,72.42999999999998,10.090450139521224,2.28,2.42,1.2,0.9,0.75,5.660798003081978,10.447502196864532,21.893968747214117,23.36119764139529,12.330966238331145,17.17,16.37,1.52,0.9,9,2006,262.53671348314606,654.3416666666667,785.21
2006-12-31,1761.6200000000008,108.14999999999998,0.16343075579833435,0.010073066848750643,589.1500000000001,283.77,361.75,14.1,0.0,1477.8499999999995,512.3899999999999,126.62,2056.96,1835.04,4858.65,7440.88,15176.26,1.98,777.88,1015.06,3436.31,6439.38,9875.69,676.64,3844.22,-128.34,-441.96000000000004,582.0899999999999,77.98000000000002,21.559589459084606,2.48,2.57,1.35,0.9,0.67,2.8521693382287086,5.53485492970359,11.253720784454192,11.912286200411925,6.648605265514461,14.01,13.62,1.41,0.88,12,2006,6.665833333333239,661.7481481481481,893.36
2007-03-31,1814.41,293.87,0.43,0.6,591.28,495.08,582.95,11.8,0.0,1319.32,495.96,93.12,2730.84,2410.48,5729.88,7857.8,15684.32,7.48,416.74,1114.92,3300.56,6732.4,10032.96,677.91,4139.7,4.66,-473.06,434.96,87.87,6.86,1.93,2.42,0.43,0.6,1.4,7.48,13.64,28.4,29.88,16.0,16.29,16.2,1.74,1.01,3,2007,410.0511627906977,683.4186046511628,293.87
2007-06-30,1674.3799999999999,334.78,0.4952603197327607,-0.006613507349636373,310.01,449.31,538.3899999999999,14.8,0.0,1225.0800000000002,224.25000000000006,136.16,2684.08,2252.54,5823.03,8055.17,16857.46,8.08,456.82,1865.75,4499.84,6766.52,11266.36,678.2,4069.04,172.65,-822.02,692.4099999999999,89.07999999999998,7.468950878188662,2.47,2.77,0.93,0.6,0.65,7.945466634852461,13.079132744770538,32.91084705320925,34.103732124393545,16.274360614014157,19.28,18.02,1.29,0.79,6,2007,-4.470517629407425,675.9677419354838,628.65
2007-09-30,1711.6899999999996,227.60000000000002,0.3296046715328468,0.4126481751824818,525.24,435.4900000000001,551.53,16.9,0.0,1276.1999999999998,419.01,675.91,2784.4,2483.66,6743.49,8315.07,18361.38,2.87,507.07,2032.67,6010.07,6538.06,12548.14,762.96,4229.42,745.72,-821.71,432.9100000000001,116.04000000000002,12.819296463093144,3.05,2.97,1.24,1.0,0.81,4.954702481751825,8.941855766423359,21.53062773722628,22.870311240875917,11.876400583941606,17.34,16.46,1.12,0.71,9,2007,284.9435483870968,690.5241935483871,856.25
2007-12-31,1369.9300000000003,67.79999999999995,0.09538444889345808,0.028535845881821058,297.6500000000001,269.05999999999995,380.8499999999999,17.3,0.0,1100.8700000000003,162.72000000000003,662.31,2441.75,2499.37,6720.56,8927.49,19717.77,0.13,474.41,1846.4,6756.47,6966.32,13722.78,763.59,4495.36,232.56999999999994,-289.15999999999985,221.80999999999995,111.78999999999996,45.350683997050176,2.94,3.05,1.3,1.0,0.77,1.3764709701855953,2.773486283209781,6.034166982306148,6.503751961473942,3.7332005843839595,14.95,14.06,0.99,0.62,12,2007,20.28349875930519,710.8076923076923,924.05
2008-03-31,1597.7,199.9,0.25,0.0,476.95,448.36,544.01,16.1,0.0,1149.34,373.51,267.81,2095.84,2444.3,6323.07,9312.4,19837.69,0.63,278.86,1361.42,5677.79,7610.04,13287.83,832.6,4940.64,-835.58,-223.76,662.0,95.65,16.1,2.71,2.69,0.25,0.0,0.0,4.04,10.08,16.2,17.6,12.68,12.78,12.51,1.11,0.68,3,2008,0.0,799.6,199.9
2008-06-30,1590.84,99.15,0.12267346597558938,0.6,413.17,336.27,432.62,14.5,0.0,1254.57,312.45000000000005,316.64,1921.68,2345.45,6329.04,9606.8,20206.58,9.69,303.67,1322.86,5685.04,8185.52,13870.56,832.64,4665.21,316.58000000000004,-149.36,-137.01999999999998,96.35,29.550603883005547,2.59,2.97,0.37,0.6,1.62,1.96277545560943,5.609824444072898,8.5009396422003,9.084467480354457,7.161478013710083,9.69,9.38,1.11,0.7,6,2008,484.94594594594594,808.2432432432432,299.05
2008-09-30,1744.63,156.08999999999997,0.19205167640725931,0.0033270428225825703,455.89,383.62,485.63,10.5,0.0,1361.0100000000002,372.06999999999994,297.26,1703.66,3157.7,6836.75,9847.78,20301.17,32.4,628.02,1446.14,5176.33,8559.03,13735.36,833.31,4845.68,472.36,-371.37,-119.83000000000004,102.00999999999999,13.668196232942535,1.81,2.83,0.56,0.6,1.07,3.0728268225161486,8.285658039284614,12.881180296172607,13.759130816891503,10.590278156171726,9.36,9.23,1.32,0.71,9,2008,2.7040540540539837,812.7499999999999,455.14
2008-12-31,1746.8099999999995,146.69000000000005,0.17793014638685348,0.00849658541448594,245.72000000000003,259.1099999999999,366.51,3.88,0.0,1487.6999999999998,180.27999999999997,520.27,1509.37,4572.34,7224.05,9969.4,20906.35,1731.4,677.02,1343.64,5509.99,8517.02,14027.01,833.32,5201.63,72.35,-178.34000000000003,333.99,107.40000000000003,5.456635762492329,0.62,2.7,0.73,0.6,0.82,2.8078839539404825,6.853966734792219,11.280283801073397,12.099249954306037,9.037876476745927,9.25,9.01,1.31,0.48,12,2008,7.004794520548046,824.4246575342466,601.83
2009-03-31,1364.35,73.82,0.08,0.25,306.08,240.98,357.4,2.9,0.0,1123.37,223.38,406.77,1568.06,4752.97,7358.78,9981.08,21067.99,1706.55,529.11,1689.33,5991.56,8100.21,14091.78,897.16,5281.35,139.96,-163.76,-90.52,116.42,9.0625,0.49,2.67,0.08,0.25,3.13,1.4,4.72,5.6,5.76,6.4,5.49,5.41,1.23,0.43,3,2009,230.68749999999997,922.7499999999999,73.82
2009-06-30,1510.08,112.06,0.1266010329244674,-0.010621772111039358,332.68,297.01,416.37,5.95,0.0,1213.08,243.86,315.36,1215.83,4868.05,6938.56,9895.18,20486.84,1732.27,403.52,1724.16,5667.06,7835.42,13502.48,897.16,5119.47,347.86,48.66,-471.9,119.36,11.74812689630555,1.04,2.64,0.21,0.25,1.19,2.194417904024102,6.366223369916075,8.753557133634603,9.16350333548526,8.753557133634603,6.58,6.47,1.22,0.37,6,2009,-9.401785714285694,885.1428571428571,185.88
2009-09-30,2363.0499999999997,471.83000000000004,0.5236896200453087,0.25439240481584374,784.8,702.8799999999999,840.0999999999999,8.6,0.0,1660.1600000000003,681.3399999999999,698.36,862.29,4759.34,6707.98,9814.88,20193.34,1816.34,349.17,1748.49,5499.68,7454.04,12953.72,897.16,5310.39,1146.78,-54.20000000000002,-715.2200000000001,137.22,4.105198800415404,1.45,2.44,0.73,0.5,0.68,9.354674856699761,17.59023216919311,35.55350351978836,37.16044153198218,24.218851469492634,12.74,12.56,1.22,0.35,9,2009,229.20058708414876,900.9726027397261,657.71
2009-12-31,1828.8700000000008,99.65999999999997,0.11184889816074042,-0.005582946465246307,334.97,245.56000000000017,379.72,10.4,0.0,1583.31,70.95000000000005,0.0,779.52,5038.08,7248.6,9853.09,20739.18,1944.22,407.43,2048.55,5995.86,7222.46,13218.31,899.36,5421.65,338.1300000000001,-162.53999999999996,43.340000000000146,134.16000000000003,23.25458759783264,1.73,2.44,0.85,0.5,0.59,1.9211693095844824,3.7581229782008783,7.353078152026089,7.505719001280745,5.305585380989475,11.11,10.72,1.21,0.37,12,2009,-4.9745366639807,891.0235294117647,757.37
2010-03-31,1944.87,138.02,0.15,0.3,443.94,325.61,455.89,9.65,0.0,1619.27,296.14,697.33,680.47,4952.98,6918.08,9777.03,20331.78,1573.59,387.38,1722.45,5548.3,6950.09,12498.39,949.44,5686.6,464.79,119.8,-773.37,130.28,16.0825,1.61,2.2,0.15,0.3,2.0,2.72,6.28,9.72,10.08,8.8,7.19,7.1,1.25,0.35,3,2010,276.04,920.1333333333334,138.02
2010-06-30,1952.79,208.62999999999997,0.2226831097648925,0.005366219529785046,471.59999999999997,370.92999999999995,510.62,9.45,0.0,1581.85,342.1,385.7,863.03,5325.91,7230.66,9735.82,20660.85,1690.08,522.15,1695.05,5875.05,7056.69,12931.74,949.45,5549.33,-181.47000000000003,-74.69,-59.90999999999997,139.69000000000003,10.6090219527393,1.62,2.33,0.37,0.3,0.81,4.0444067503245344,8.161035049762008,15.04615606519544,15.648002307803257,11.338783210731284,9.08,8.89,1.23,0.32,6,2010,5.02756756756753,936.8918918918919,346.65
2010-09-30,2024.58,66.89000000000004,0.07116989892150703,0.30094856669311376,276.18000000000006,226.05000000000007,366.4200000000001,12.5,0.0,1798.5200000000004,116.36000000000001,283.15,867.16,5060.13,6861.4,9763.68,20466.55,2433.45,474.6,1620.7,6271.63,6659.25,12930.88,956.65,5304.67,-72.13,-50.0,38.379999999999995,140.36999999999995,43.9104178502018,2.25,2.44,0.44,0.6,1.36,1.3069381438313108,2.9373758282149263,5.046592832615953,5.040122841804907,4.205494027179961,7.19,6.98,1.09,0.29,9,2010,282.8506142506142,939.8636363636364,413.54
2010-12-31,2992.630000000001,516.03,0.5440250868681217,0.005488754820166201,911.9399999999998,705.82,853.8399999999999,10.7,0.0,2286.8199999999997,639.6899999999999,253.04,877.4,4966.27,7265.7,10254.21,22046.55,3091.0,377.79,1145.86,6523.48,7301.07,13824.56,968.74,5872.21,-195.51,-756.66,913.04,148.02000000000004,4.917787919307018,1.77,2.35,0.98,0.6,0.61,9.370554557483567,16.898085351291453,35.150682143356605,36.549603795303206,23.293155760190192,10.71,10.43,1.11,0.35,12,2010,5.206307977736628,948.5408163265307,929.57
2011-03-31,2166.56,230.2,0.23,0.4,588.48,424.97,565.33,11.0,0.0,1741.59,385.48,82.58,661.1,6275.67,8146.84,10499.18,23704.93,2687.32,368.72,1103.16,8160.72,7180.34,15341.06,1138.03,5958.92,92.63,-352.99,88.08,140.36,11.9575,2.1,2.57,0.23,0.4,1.74,3.8800000000000003,7.72,15.44,15.8,10.92,10.83,10.63,1.0,0.23,3,2011,400.3478260869565,1000.8695652173913,230.2
2011-06-30,2152.03,177.28000000000003,0.16532443310101114,0.026651188001758433,620.72,359.28999999999996,513.1899999999999,9.8,0.0,1792.74,338.39,313.49,804.81,5784.78,8056.6,12100.13,24558.78,1881.61,772.68,1487.7,8627.13,7640.28,16267.41,1159.11,5838.56,1022.4499999999999,-615.39,-175.69,153.89999999999998,14.819648578519853,1.95,2.79,0.38,0.4,1.05,2.8888269362913523,6.038692451163248,12.146995189947974,12.460241484244627,8.562065377441838,9.58,9.44,0.93,0.26,6,2011,28.578489702517174,1072.3157894736842,407.48
2011-09-30,1829.13,1.6899999999999977,0.001528215656084266,0.2121349638485098,315.49,177.90999999999997,345.31999999999994,7.25,0.0,1651.2300000000005,142.70000000000005,173.71,803.59,6003.3,8508.61,12427.75,25366.59,2299.94,546.67,1466.58,9208.82,7943.9,17152.72,1159.73,5596.43,-189.82999999999993,-515.17,563.12,167.41000000000003,1185.7456065088772,1.5,3.06,0.37,0.6,1.62,0.026599213041034256,0.06938925141139371,0.12077033995649712,0.12407459002370635,0.09830143949947442,6.8,6.66,0.92,0.27,9,2011,234.5926031294453,1105.864864864865,409.17
2011-12-31,313.0599999999995,-1247.03,-1.1162634569021077,0.006059259077663057,-107.28999999999996,-1817.55,-1649.76,5.55,142.99,2130.5999999999995,-294.38,272.01,175.77,6025.81,9472.24,12089.05,25951.68,2426.42,614.08,1086.48,11402.49,8235.62,19638.12,1159.83,4272.79,781.5799999999999,-1371.7300000000002,686.5699999999999,167.79000000000002,-1.2429861350568954,1.51,4.6,-0.75,0.6,-0.8,-19.22949848423364,-21.19412216838135,-116.74627407920177,-98.35025230945503,-35.006022008450095,-13.24,-12.97,0.83,0.3,12,2011,6.769081081081026,1117.1466666666668,-837.86
2012-03-31,1592.43,338.26,0.3,0.0,42.88,579.96,727.22,6.25,0.0,1012.46,-148.82,861.75,171.96,5707.27,9952.67,12203.54,26592.64,2642.5,979.92,370.82,10514.74,9360.35,19875.09,1160.76,4615.8,-264.41,-580.32,1458.53,147.26,5.2075,1.57,4.31,0.3,0.0,0.0,5.08,9.24,29.32,25.6,14.44,47.58,21.24,0.95,0.4,3,2012,0.0,1127.5333333333333,338.26
2012-06-30,2366.3099999999995,703.96,0.6078985243038899,0.0,876.59,883.4099999999999,1021.19,8.2,-142.99,1482.9099999999999,543.5899999999999,668.34,272.38,5331.79,10613.92,14338.15,29340.14,3132.79,949.82,512.98,11170.74,10589.66,21760.4,1171.05,5381.42,231.51000000000002,-1855.29,1403.2700000000002,137.78000000000003,3.3718621086425364,1.78,4.04,0.9,0.0,0.0,9.591287827905816,14.670617719867206,52.33330851451709,50.19890925140565,21.749258313983614,36.23,26.33,0.95,0.47,6,2012,0.0,1158.0222222222221,1042.22
2012-09-30,1696.1800000000003,50.42000000000007,0.043376409430370536,0.0,393.28999999999996,214.19000000000005,399.95000000000005,9.9,0.0,1481.9900000000002,211.48000000000002,250.1,317.87,6984.32,11077.85,16762.96,32483.52,4502.51,736.32,806.64,11362.41,12430.28,23792.7,1186.56,6476.93,-3040.47,-1783.1199999999994,4396.4,185.76,57.04829036096779,1.81,3.67,0.94,0.0,0.0,0.620190364621468,1.070566700834677,3.1138724557036213,3.3409064284668375,1.4655688973495409,23.97,19.32,0.97,0.36,9,2012,0.0,1162.3829787234044,1092.64
2012-12-31,2085.3099999999995,101.20999999999981,0.0830806215186161,0.0,132.22000000000003,290.3800000000001,408.1700000000001,10.5,0.0,1794.9299999999998,-171.81,250.62,337.37,7060.8,10862.32,17908.37,33812.92,4917.15,623.52,869.04,11302.85,13233.36,24536.21,1369.95,6644.5,-441.59000000000015,-759.4400000000005,1206.2699999999995,117.79000000000002,31.583177304614228,2.16,3.69,0.98,0.0,0.0,1.1970391590233258,2.2346991665619593,6.0937092599572695,7.416217112702588,2.963774008460019,19.34,15.42,0.96,0.34,12,2012,0.0,1218.2142857142856,1193.85
2013-03-31,2889.87,350.47,0.25,0.0,124.52,993.58,1142.04,11.9,0.0,1896.28,-96.59,1094.64,671.33,6292.83,11720.16,18127.78,34936.78,5106.54,935.29,1080.04,11268.37,13275.22,24543.58,1377.67,7224.9,395.26,-259.96,717.31,148.46,11.9,2.27,3.4,0.25,0.0,0.0,4.0,12.92,19.4,23.68,16.8,20.31,12.13,1.04,0.48,3,2013,0.0,1401.88,350.47
2013-06-30,2024.6099999999997,-271.61,-0.2066522952066954,0.3,-89.50999999999999,-145.09000000000003,49.99000000000001,9.35,0.0,2169.71,-309.84000000000003,288.08,965.49,6236.23,11008.61,17291.72,33247.63,3826.13,1015.8,1210.04,10521.4,12981.78,23503.18,1423.14,6612.9,905.3,-1002.4300000000001,-709.91,195.08,-11.31102849674165,2.01,3.55,0.06,0.3,5.0,-3.3064367233071263,-37.33518133400964,-16.39441541973117,-18.047633781384736,-51.38753740806493,2.19,1.6,1.05,0.45,6,2013,394.3,1314.3333333333335,78.86
2013-09-30,2152.4500000000007,-119.97999999999999,-0.08753404669260699,0.3123297665369649,255.39,72.52999999999997,168.08999999999992,7.9,0.0,2079.92,36.389999999999986,149.29,1028.43,6088.12,9168.04,18293.99,32524.46,2463.01,706.31,1819.24,8965.98,14284.96,23250.94,1426.29,6122.81,871.1300000000001,-824.1200000000001,-185.84,95.56,-22.56236372728788,1.84,3.8,-0.03,0.6,-20.0,-1.5172568093385215,33.02951361867704,-7.8197081712062255,-7.586284046692608,45.63441634241245,-0.72,-0.58,1.02,0.34,9,2013,428.09999999999997,1370.6666666666667,-41.12
2013-12-31,3904.2199999999993,621.8100000000001,0.43903304689248995,0.019339062150200693,512.38,678.1200000000001,830.5900000000001,6.9,0.0,3226.1000000000004,233.78000000000003,140.59,1261.09,4866.5,7673.68,18995.94,31894.15,1595.82,1099.5,2086.6,8086.64,14037.82,22124.46,1431.6,6725.9,303.40999999999985,1762.5100000000002,-2072.12,152.47000000000003,3.9292600231581987,1.47,3.29,0.41,0.6,1.46,7.795513613115432,20.85942378894074,36.964440923728674,37.22143587800719,28.78343487919544,6.34,5.29,0.95,0.35,12,2013,27.390243902439124,1416.3170731707319,580.69
2014-03-31,2116.89,-78.52,-0.05,0.0,226.52,142.46,345.54,6.9,0.0,1974.44,105.72,323.2,1322.32,5068.12,7714.74,19636.5,32474.1,2418.29,690.09,2164.05,8418.92,14268.95,22687.87,1433.19,6689.58,-442.02,-557.74,1182.36,203.08,-34.5,1.48,3.39,-0.05,0.0,0.0,-0.96,1.6800000000000002,-4.68,-4.52,2.36,-3.77,-3.71,0.92,0.31,3,2014,0.0,1570.3999999999999,-78.52
2014-06-30,2516.8300000000004,51.67999999999999,0.03850968703427719,0.0,378.24,272.4,502.38999999999993,8.3,0.0,2244.4199999999996,256.9,168.03,1433.73,5158.79,7705.29,19757.01,33548.67,3899.4,900.92,1790.56,9575.4,14120.26,23695.66,1435.22,6750.09,164.69,-720.54,400.69000000000005,229.98999999999998,53.88254643962849,1.76,3.51,-0.02,0.0,0.0,0.6161549925484351,-9.550402384500744,3.0807749627421757,3.0807749627421757,-13.324351713859908,-0.59,-0.58,0.8,0.27,6,2014,0.0,1342.0,-26.84
2014-09-30,4138.12,370.46,0.2587462895058495,0.0,766.4100000000001,714.64,951.6899999999999,8.0,0.0,3423.4900000000007,604.46,304.53,1489.63,4066.83,7220.64,19722.26,33107.02,4956.36,596.22,1832.03,9376.77,12929.19,22305.96,1443.26,7237.41,95.73999999999998,-786.03,826.78,237.05,7.728806483830913,1.6,3.08,0.24,0.0,0.0,4.4849356847680575,14.834787265002035,20.484081252546417,22.165932134334437,20.527205634130723,3.99,3.92,0.77,0.34,9,2014,0.0,1431.75,343.62
2014-12-31,3071.6499999999996,395.68999999999994,0.2729597868282588,0.0,754.52,699.44,936.3200000000002,7.35,0.0,2372.209999999999,615.5399999999998,541.19,1326.93,3682.42,6737.52,19511.04,38779.13,5872.81,520.28,1963.42,9705.85,15545.24,25251.09,1755.09,9935.14,1204.55,-6820.82,5852.9400000000005,236.88,6.730936528595619,1.3,2.54,0.51,0.0,0.0,4.089044649740974,11.089660358983375,15.928006384331335,18.989437718954157,13.466016150194099,6.37,6.24,0.69,0.31,12,2014,0.0,1449.627450980392,739.31
2015-03-31,3990.28,448.38,0.25,0.0,1215.15,1018.27,1384.35,8.45,0.0,2972.02,845.99,980.78,1685.27,3469.68,10295.43,21052.12,69959.92,6305.96,1433.9,4160.34,14381.46,32282.13,46663.59,1843.66,13161.6,30.06,-2187.01,2397.02,366.08,8.45,1.18,3.55,0.25,0.0,0.0,2.56,7.96,13.64,18.08,7.32,11.74,11.24,0.72,0.47,3,2015,0.0,1793.52,448.38
2015-06-30,3846.0799999999995,381.98,0.20240763042535767,0.019999999999999997,1161.9,906.76,1269.5300000000002,7.4,0.0,2939.31,814.3299999999999,947.0,1621.47,3433.94,10391.66,21157.76,70477.2,6613.82,1408.33,5119.9,14479.93,33723.34,48203.27,1966.48,12392.06,151.35,-1741.3799999999997,1561.12,362.77000000000004,9.140959736111839,1.17,3.89,0.44,0.02,0.05,2.171281853653837,6.808256659762031,12.328464762271787,15.971802109928223,6.329838624211186,10.97,10.6,0.72,0.48,6,2015,37.74363636363636,1887.1818181818182,830.36
2015-09-30,2990.55,-153.69000000000005,-0.07949443598800009,0.20047752563690907,532.96,363.6899999999998,732.21,5.8,0.0,2626.8600000000006,222.51999999999998,225.06,1602.06,3470.49,9355.72,21237.27,76320.34,8564.15,1357.6,4833.44,16163.18,34490.09,50653.27,1967.26,11865.3,422.57000000000005,-3192.0899999999997,2040.2000000000003,368.51999999999987,-18.238697865833814,0.96,4.27,0.35,0.22,0.63,-0.8085719774779438,-3.797562770626747,-5.178494687218292,-6.432235506229036,-3.4523297914788613,6.5,6.25,0.58,0.36,9,2015,387.5917922077922,1933.3428571428572,676.67
2015-12-31,6057.610000000001,20.870000000000005,0.011369383834618807,-0.011710673018239618,924.5299999999997,526.0400000000004,1747.1599999999999,5.2,0.0,5531.57,442.74,1438.6,1400.97,7590.18,12307.59,20092.96,76023.28,7540.82,1092.5,6051.84,16174.16,34491.12,50665.28,1967.26,11905.33,2129.3,-314.7600000000002,-594.4800000000005,1221.12,114.30698610445613,0.86,4.26,0.38,0.22,0.58,0.11010350660894003,0.5864208504171806,0.701311466009118,0.7647406600338333,0.5624853055021936,4.27,4.13,0.76,0.29,12,2015,-21.496481203007534,1835.6315789473683,697.54
2016-03-31,3165.09,111.63,0.06,0.0,689.48,832.86,1208.47,5.45,0.0,2332.23,380.42,1092.1,1462.61,7619.46,13257.6,20160.69,75084.4,7517.02,1065.21,6532.97,16461.88,32938.32,49400.2,1968.43,12045.2,185.6,494.97,-1026.6,375.61,22.7075,0.89,4.1,0.06,0.0,0.0,0.6,4.6,3.72,3.5600000000000005,5.68,4.12,3.53,0.81,0.34,3,2016,0.0,1860.5,111.63
2016-06-30,2600.24,-140.67,-0.048440082644628096,0.25,721.74,360.18999999999994,736.7,5.2,0.0,2240.0499999999997,439.34,928.46,1422.69,7756.11,13268.95,21388.11,76323.71,7546.78,1174.29,4831.77,15542.76,35890.35,51433.1,1975.07,11412.27,399.53,-1354.99,791.2199999999999,376.51,-26.837278737470676,0.9,4.51,-0.01,0.25,-25.0,-0.7750413223140495,31.582933884297518,-4.8440082644628095,-4.650247933884297,37.97702479338843,-0.54,-0.5,0.85,0.35,6,2016,726.0,2904.0,-29.04
2016-09-30,3295.6800000000003,39.3,0.03830409356725146,-0.45760233918128657,661.5199999999998,507.4100000000001,924.54,4.98,0.0,2788.2700000000004,334.6700000000001,816.55,1407.71,7450.17,10749.74,22109.2,76005.73,7689.77,988.44,7351.1,17117.9,33781.99,50899.89,2020.46,11621.87,827.4499999999999,-1453.1799999999998,517.2,417.13,32.5030534351145,0.87,4.38,0.01,0.25,25.0,0.15321637426900583,34.16725146198831,1.3789473684210525,1.3789473684210525,44.27953216374269,0.12,0.11,0.63,0.19,9,2016,-469.5,1026.0,10.26
2016-12-31,787.1100000000006,105.99,0.05470451612903226,0.11761290322580645,-87.50999999999976,-72.31999999999994,317.28999999999996,4.54,0.0,859.4299999999994,385.79999999999995,410.5,1207.6,7567.21,52593.1,22173.82,77007.29,6157.72,512.28,1695.04,34773.12,17058.85,51831.97,2020.46,11729.11,764.0500000000002,-1581.25,699.5899999999999,389.6099999999999,20.74874398528163,0.78,4.42,0.06,0.25,4.17,0.5470451612903225,7.76804129032258,3.610498064516129,3.5740283870967735,14.077295483870968,1.19,1.18,1.51,1.29,12,2016,227.875,1937.5,116.25
2017-03-31,2837.07,772.7,0.38,0.0,393.02,1093.91,1355.63,5.2,0.0,1743.16,274.09,361.51,1047.85,7647.26,10139.7,22363.4,43313.98,6291.63,616.55,1954.11,9690.59,16773.1,26463.69,2020.46,12480.31,553.01,-354.05,-247.95,261.72,3.42,0.84,2.12,0.38,0.0,0.0,7.12,7.3999999999999995,24.76,25.2,13.0,38.3,27.24,1.05,0.26,3,2017,0.0,2033.421052631579,772.7
2017-06-30,2349.07,90.59999999999991,0.04512683887408776,0.0,390.88,416.4499999999998,683.3599999999999,5.5,0.0,1932.6200000000001,247.36000000000007,353.25,1428.67,7754.15,10638.98,22515.03,44305.37,4874.82,671.5,2353.92,8831.03,18112.16,26943.19,2020.46,12797.82,-70.06,-337.16,398.96,266.90999999999997,30.468010485651238,0.87,2.11,0.43,0.0,0.0,0.8185798679485686,1.0494613691648316,2.8335456967450456,2.9930638248580994,1.788282173056873,20.57,16.65,1.2,0.33,6,2017,0.0,2007.674418604651,863.3
2017-09-30,2637.4699999999993,11.980000000000018,0.005885430947810995,0.1,519.66,422.1200000000001,735.1299999999999,6.1,0.0,2215.35,415.8499999999999,437.53,1630.56,7806.02,11682.23,22374.54,45241.74,3576.62,1167.55,2602.1,8549.64,19388.12,27937.75,2020.46,12602.75,838.8399999999999,-856.29,101.73000000000002,313.01,259.1866277128543,0.98,2.22,0.43,0.1,0.23,0.10566401608628112,0.1746467416141123,0.38049995430033884,0.3958294488620791,0.28852298692989714,12.82,11.19,1.37,0.45,9,2017,203.55348837209303,2035.53488372093,875.28
