,revenue,net_profit,eps,dps,gross_profit,ebit,ebitda,close_price,expense,operating_profit,cash,account_receivable,inventory,current_asset,property_plant_equipment,total_asset,short_term_loan,account_payable,current_portion_long_term_debt,current_liability,non_current_liability,total_liability,paid_in_capital,total_equity,cash_flow_operation,cash_flow_investment,cash_flow_financing,depreciation,P/E,P/BV,D/E,EPS,DPS,DPR%,ROA%,ROAA%,ROE%,ROAE%,ROCE%,NPM%,NPMA%,CurrentRatio,QuickRatio,month,year,dividend,number_of_shares,return_old
2000-03-31,122.69,31.06,0.69,0.0,65.73,54.58,55.89,0.93,68.12,47.47,3.6,6.51,1619.54,1641.18,142.59,1824.91,1.43,2.35,40.0,107.05,354.82,461.87,450.0,1363.04,47.23,-0.8,-43.29,1.31,0.3375000000000001,0.31,0.34,0.69,0.0,0.0,6.8,0.0,9.12,0.0,12.72,26.87,25.32,15.33,0.2,3,2000,0.0,45.01449275362319,31.06
2000-06-30,73.19999999999999,18.330000000000002,0.40824053452115816,0.0,23.00999999999999,12.129999999999995,13.030000000000001,0.97,61.06,4.030000000000001,8.37,1.72,874.39,900.22,142.48,1809.46,1.07,2.38,42.5,101.27,326.82,428.09,450.0,1381.37,31.410000000000004,-1.2899999999999998,-25.360000000000007,0.8999999999999999,0.5927877795962901,0.32,0.31,1.1,0.0,0.0,4.052715124519134,0.0,5.314549503948168,0.0,5.804438145373558,27.34,25.21,8.89,0.26,6,2000,0.0,44.9,49.39
2000-09-30,95.75,21.290000000000006,0.47291029994340705,0.0,40.39999999999999,29.52000000000001,30.679999999999993,0.95,66.22,18.430000000000007,0.79,0.25,838.57,854.61,141.25,1771.91,1.71,2.1,45.0,100.18,269.07,369.25,450.0,1402.66,46.95,-0.48,-54.36,1.1600000000000001,0.5062799436355095,0.3,0.26,1.57,0.0,0.0,4.807419354838711,0.0,6.072529711375213,0.0,6.940033955857387,26.64,24.24,8.53,0.16,9,2000,0.0,45.01910828025478,70.68
2000-12-31,82.72000000000003,4.22999999999999,0.09373648378053642,0.0,26.190000000000026,13.769999999999996,15.960000000000008,0.99,68.96000000000001,5.97999999999999,31.84,0.07,805.76,852.32,148.65,1776.31,0.0,2.08,30.0,95.6,273.82,369.42,450.0,1406.89,42.900000000000006,0.1499999999999999,-11.709999999999994,2.1899999999999995,2.6563829787234106,0.32,0.26,1.66,0.0,0.0,0.9531758109731655,0.0,1.2016339607529007,0.0,1.4771966359631523,21.91,20.01,8.92,0.49,12,2000,0.0,45.126506024096386,74.91
2001-03-31,84.04,13.85,0.31,1.0,41.06,27.34,28.48,0.99,56.7,19.44,60.59,1.1,806.6,883.86,147.87,1795.05,0.0,3.22,55.0,133.59,267.57,401.16,450.0,1393.89,39.12,-0.36,-10.0,1.14,0.7975,0.32,0.29,0.31,1.0,3.23,3.08,6.04,3.96,4.0,6.6,18.19,16.48,6.62,0.58,3,2001,44.67741935483871,44.67741935483871,13.85
2001-06-30,108.46999999999998,25.229999999999997,0.5616709314227225,0.0053901013636213245,51.06999999999999,40.31999999999999,40.959999999999994,1.83,68.14999999999999,31.98,51.7,1.97,783.7,853.54,148.85,1765.72,0.0,2.33,45.0,129.63,261.97,391.6,450.0,1374.12,53.28000000000001,-2.12,-60.05,0.6400000000000001,0.8131985731272295,0.6,0.28,0.87,1.0,1.15,5.707093142272262,9.761453428863868,7.3340020470829055,7.3340020470829055,10.691115660184236,22.17,20.3,6.58,0.54,6,2001,0.24212087504634638,44.91954022988506,39.08
2001-09-30,104.32999999999998,14.43,0.32090637264062793,0.0010418076329056433,47.66,38.78,39.7,2.0,65.55000000000001,27.429999999999993,37.66,2.66,815.35,868.81,146.2,1773.67,0.0,2.79,45.0,149.27,235.85,385.12,450.0,1388.55,9.469999999999999,1.7999999999999998,-25.0,0.9200000000000002,1.5574636174636174,0.65,0.28,1.19,1.0,0.84,3.257604186133433,6.472061296953841,4.1529059988787145,4.131332461222201,7.065333582507942,19.87,18.03,5.82,0.36,9,2001,0.046846324736790734,44.96638655462185,53.51
2001-12-31,102.33000000000004,19.78000000000001,0.43991540455723843,-7.108860736249649e-05,43.91,30.25999999999999,32.2,2.12,72.07000000000002,21.700000000000003,60.06,5.49,976.05,1056.13,146.29,1786.32,0.0,2.61,45.0,161.5,216.49,377.99,450.0,1408.33,42.68000000000001,-0.59,-20.0,1.9399999999999995,1.2042087967644082,0.68,0.27,1.63,1.0,0.61,4.4261427206985955,8.28012552872152,5.613644426251878,5.624439896302362,9.078990312457364,20.19,18.36,6.54,0.5,12,2001,-0.003196370572759122,44.96319018404909,73.29
2002-03-31,64.78,3.07,0.07,1.0,23.17,9.35,10.31,1.98,55.43,-0.77,20.46,1.75,980.43,1016.56,146.13,1746.91,0.66,3.76,30.0,134.56,200.95,335.51,450.0,1411.4,-9.14,-0.81,-29.34,0.96,7.0725,0.63,0.24,0.07,1.0,14.29,0.72,2.12,0.88,0.88,2.32,5.62,4.74,7.55,0.27,3,2002,43.857142857142854,43.857142857142854,3.07
2002-06-30,96.65,-0.94,-0.022065727699530517,-0.029510395707578872,56.849999999999994,43.36,44.36,2.55,53.29,35.09,2.81,2.96,1026.83,1046.26,146.09,1776.57,47.99,4.29,153.77,331.56,79.55,411.11,450.0,1365.46,-19.53,-0.43999999999999995,2.3299999999999983,1.0,-28.89095744680851,0.84,0.3,0.05,1.0,20.0,-0.21183098591549296,-5.260469483568075,-0.2824413145539906,-0.2824413145539906,-6.443192488262911,1.49,1.32,3.16,0.06,6,2002,-1.2571428571428598,42.599999999999994,2.13
2002-09-30,113.19,35.629999999999995,0.7926165254237287,0.05233050847457633,58.08,47.6,49.099999999999994,1.89,65.58000000000001,38.52,0.31,3.09,1021.33,1038.06,144.65,1762.16,34.88,7.93,30.0,158.1,203.07,361.17,450.0,1400.99,10.670000000000002,-0.06000000000000005,-13.109999999999996,1.5,0.5961268593881561,0.61,0.26,0.84,1.0,1.19,8.077139830508475,21.400646186440675,10.190783898305083,10.22852754237288,23.589777542372882,15.28,13.75,6.57,0.11,9,2002,2.3523809523809547,44.95238095238095,37.76
2002-12-31,150.32,63.48,1.4108060055314104,0.0009595303945363808,74.48000000000002,62.849999999999994,63.84000000000002,2.13,87.47999999999996,52.86999999999999,16.97,1.72,994.41,1025.58,144.22,1980.26,54.0,4.56,30.0,166.3,349.39,515.69,450.0,1464.57,-148.46,-0.5699999999999998,165.68,0.9900000000000002,0.3787728418399496,0.65,0.35,2.25,1.0,0.44,12.816388779138682,21.720142236270252,17.330967996839195,17.68210193599368,22.547815092848676,26.13,23.82,6.17,0.19,12,2002,0.04317460317460586,44.995555555555555,101.24
2003-03-31,122.73,38.31,0.8499999999999999,1.2,60.62,50.07,50.96,1.99,72.66,43.64,27.73,10.0,1213.64,1261.21,175.25,1984.15,20.0,8.1,30.0,137.29,343.98,481.27,450.0,1502.88,46.55,-1.8,-34.0,0.89,0.585,0.6,0.32,0.85,1.2,1.41,7.72,10.72,10.2,10.52,10.840000000000002,32.94,31.21,9.19,0.35,3,2003,54.08470588235295,45.070588235294125,38.31
2003-06-30,120.86,9.46,0.20991417207452379,-0.00012116883596657578,38.14000000000001,20.809999999999995,23.160000000000004,2.55,100.05000000000001,23.08,11.58,5.74,1222.33,1248.44,174.78,1970.88,38.0,15.13,30.0,175.81,336.72,512.53,450.0,1458.34,33.35000000000001,-1.8800000000000001,-47.61,2.35,3.042433932346723,0.79,0.35,1.06,1.2,1.13,1.9169520619635754,2.994247435629056,2.5981829600167465,2.6773958551392085,3.128909357337241,19.95,19.61,7.1,0.15,6,2003,-0.0054605993340786085,45.06603773584906,47.77
2003-09-30,138.79,24.859999999999992,0.551075313231447,0.0012173357337133533,43.90999999999998,34.57000000000001,35.50999999999999,3.43,104.22,31.239999999999995,19.64,6.1,1211.24,1273.57,176.0,1992.56,38.0,18.85,30.0,172.88,336.47,509.36,450.0,1483.2,10.219999999999999,-2.1599999999999997,0.0,0.9399999999999995,1.5557310941271123,1.04,0.34,1.61,1.2,0.75,4.99732892744045,7.694517417045296,6.708742943687181,6.900421313506814,7.9272697232548515,19.37,18.99,7.37,0.36,9,2003,0.05491620766434835,45.11180124223602,72.63
2003-12-31,339.69000000000005,82.15,0.18045613128311155,1.0810853152420707,134.04,107.42,104.03,4.05,232.26,105.84000000000002,106.95,4.33,1154.9,1293.26,172.47,2189.51,60.0,92.62,50.0,275.81,348.34,624.15,450.0,1565.35,33.349999999999994,-2.4700000000000006,56.43,-3.3899999999999997,5.6099506999391355,1.16,0.4,0.34,1.2,3.53,15.009704096136453,21.675965887065516,20.996601628117332,21.697196020157648,23.607907998449413,21.75,21.44,4.69,0.5,12,2003,492.14819145049324,455.235294117647,154.78
2004-03-31,77.21,-4.26,-0.01,0.15,20.44,0.97,1.74,3.1,76.24,-2.44,8.91,26.1,1243.82,1304.3,176.18,2219.91,26.94,109.01,50.59,283.69,375.12,658.81,450.0,1561.09,-92.49,-1.58,-3.98,0.77,-77.5,0.89,0.42,-0.01,0.15,-15.0,-0.76,0.2,-1.08,-1.12,0.2,-5.77,-5.52,4.6,0.21,3,2004,63.89999999999999,425.99999999999994,-4.26
2004-06-30,124.63000000000001,3.75,0.07352941176470588,-1.102941176470588,38.59,11.399999999999999,13.32,2.6,113.22000000000001,-0.16999999999999993,19.55,1.01,1284.92,1333.27,180.26,2297.4,118.97,54.94,35.6,328.78,471.29,800.06,450.0,1497.34,-135.43,-5.64,151.72,1.92,8.84,0.78,0.53,-0.01,0.15,-15.0,0.5882352941176471,-17.058823529411764,0.8823529411764706,0.8823529411764706,-18.529411764705884,-0.27,-0.25,4.06,0.15,6,2004,-56.24999999999999,51.0,-0.51
2004-09-30,119.18999999999997,4.91,0.01115909090909091,0.13261363636363638,37.58,16.57,17.82,2.12,102.62999999999997,23.04,3.34,0.5,1346.48,1366.69,190.56,2377.68,113.57,39.02,35.61,318.91,556.5,875.42,450.0,1502.26,-85.58000000000001,-8.740000000000002,78.10999999999999,1.25,47.4949083503055,0.64,0.58,0.01,0.15,15.0,0.848090909090909,5.892,1.2944545454545453,1.2944545454545453,6.293727272727272,1.42,1.37,4.29,0.06,9,2004,58.35,440.0,4.4
2004-12-31,301.03,61.550000000000004,0.1399924184988628,-0.00011372251705837109,138.82999999999998,88.06,86.69999999999999,2.02,212.97000000000003,81.81,48.35,8.24,1260.1,1327.0,190.91,2344.55,65.0,14.62,20.62,188.45,592.29,780.75,450.0,1563.81,128.89,-1.759999999999998,-82.13,-1.3599999999999999,3.6082311129163283,0.58,0.5,0.15,0.15,1.0,10.490098559514784,19.262956785443517,15.753813495072025,15.753813495072025,20.270902198635326,10.86,10.6,7.04,0.36,12,2004,-0.04999999999999716,439.6666666666667,65.95
2005-03-31,191.59,27.96,0.06,0.09,75.21,44.44,45.96,2.18,147.15,39.56,35.91,7.05,1217.0,1275.99,200.93,2324.94,20.0,26.17,10.63,144.63,588.55,733.18,450.0,1591.77,69.05,-12.4,-69.09,1.52,9.0825,0.62,0.46,0.06,0.09,1.5,4.8,7.84,7.04,7.08,8.16,14.98,14.59,8.82,0.41,3,2005,41.940000000000005,466.00000000000006,27.96
2005-06-30,159.30999999999997,10.689999999999998,0.02489262613195342,-0.007661060802069872,48.97000000000001,22.14,25.6,2.24,137.17,15.719999999999999,9.68,6.18,1207.7,1235.61,205.97,2303.81,64.22,21.6,10.64,168.18,573.67,741.86,450.0,1561.95,-5.82,-7.639999999999999,-12.769999999999996,3.4600000000000004,22.497626286248835,0.65,0.47,0.09,0.09,1.0,1.8586494178525224,3.1973195342820175,2.732657179818887,2.7990375161707624,3.4517774902975416,11.38,11.01,7.35,0.17,6,2005,-3.2900000000000063,429.44444444444446,38.65
2005-09-30,166.51,26.46,0.05689448625403165,0.006894486254031631,64.94999999999999,41.2,37.2,2.22,125.31,33.09,23.26,5.84,1179.79,1218.51,207.26,2293.97,60.76,24.67,10.64,153.37,552.18,705.55,450.0,1588.42,41.79,-3.650000000000002,-24.549999999999997,-4.0,9.756657218442932,0.63,0.44,0.14,0.09,0.64,4.616581170327139,7.493816618031025,6.664782675472278,6.843593917984949,8.192806020580555,13.07,12.58,7.94,0.25,9,2005,3.2064285714285674,465.0714285714285,65.11
2005-12-31,215.29000000000008,12.379999999999995,0.02715963350109691,-0.001825949892151988,65.42000000000002,26.419999999999987,28.12999999999998,2.7,188.86,19.519999999999996,44.92,5.8,1099.63,1160.31,206.86,2246.82,60.0,19.38,14.87,162.76,483.27,646.03,450.0,1600.8,89.09000000000002,-2.4899999999999984,-64.95000000000002,1.71,24.849378029079165,0.76,0.4,0.17,0.09,0.53,2.204723190089043,3.738443670150986,3.0930029681249183,3.131345980126467,4.115483288166214,10.97,10.58,7.13,0.37,12,2005,-0.8323109243697502,455.82352941176464,77.49
2006-03-31,101.28,-4.43,-0.01,0.1,31.23,3.55,6.52,2.76,97.73,-3.5,9.73,0.16,1084.27,1110.52,204.27,2288.19,60.0,25.2,5.27,210.22,481.6,691.82,450.0,1596.37,23.87,-48.53,-10.53,2.97,-69.0,0.78,0.43,-0.01,0.1,-10.0,-0.76,0.6,-1.1199999999999999,-1.1199999999999999,0.68,-4.7,-4.37,5.28,0.12,3,2006,44.3,442.99999999999994,-4.43
2006-06-30,107.12,-1.8100000000000005,-0.0029006410256410264,0.02900641025641027,35.22,6.680000000000001,9.1,2.84,100.43999999999998,-0.3700000000000001,5.12,4.82,1061.1,1084.85,202.84,2273.63,65.32,66.09,38.94,243.49,480.58,724.07,450.0,1549.56,15.02,-14.699999999999996,-4.92,2.4199999999999995,-244.77348066298336,0.82,0.47,-0.01,0.1,-10.0,-0.31326923076923086,0.5221153846153848,-0.4641025641025643,-0.4641025641025643,0.5801282051282053,-3.23,-2.99,4.46,0.1,6,2006,18.10000000000001,624.0,-6.24
2006-09-30,78.35,-10.38,-0.024981949458483758,-0.05018050541516246,26.00999999999999,-0.40000000000000036,-2.289999999999999,2.98,78.75000000000003,-8.079999999999998,7.84,4.82,1300.61,1327.38,297.51,2310.55,100.0,50.93,35.35,279.43,491.94,771.37,450.0,1539.18,-94.83,56.23,41.32,-1.8899999999999997,-29.821531791907514,0.87,0.5,-0.04,0.1,-2.5,-1.7987003610108303,1.0742238267148014,-2.6980505415162455,-2.648086642599278,1.1991335740072202,-6.31,-5.8,4.75,0.1,9,2006,-20.85,415.5,-16.62
2006-12-31,337.27,53.540000000000006,0.11601300108342363,0.009967497291440957,108.7,74.8,76.89,2.96,262.46,67.34,19.28,4.8,1152.99,1188.0,296.58,2176.7,41.3,12.22,162.14,290.61,293.37,583.98,450.0,1592.72,145.76,-7.119999999999999,-127.21000000000001,2.09,6.378595442659693,0.84,0.37,0.08,0.1,1.25,9.861105092091009,22.216489707475624,13.45750812567714,13.399501625135429,26.044918743228607,6.23,5.92,4.09,0.12,12,2006,4.600000000000001,461.5,36.92
2007-03-31,162.21,7.34,0.02,0.05,56.53,18.29,21.37,2.38,143.92,18.17,4.78,0.84,1107.39,1129.71,298.66,2132.19,23.78,17.86,55.48,181.1,351.03,532.13,450.0,1600.06,65.68,-13.4,-66.78,3.08,29.750000000000004,0.67,0.33,0.02,0.05,2.5,1.36,3.32,1.8400000000000003,1.8400000000000003,3.7600000000000002,4.55,4.52,6.24,0.12,3,2007,18.35,367.0,7.34
2007-06-30,126.4,2.6999999999999993,0.005378486055776892,0.013446215139442226,44.900000000000006,10.8,13.819999999999997,2.68,115.60999999999999,11.469999999999999,9.94,0.0,1154.5,1179.01,298.43,2106.7,62.01,21.0,28.86,191.43,335.0,526.43,450.0,1580.26,33.61,-2.6599999999999984,-25.789999999999992,3.0199999999999996,124.5703703703704,0.76,0.33,0.02,0.05,2.5,0.5163346613545815,1.4306772908366532,0.6884462151394422,0.6884462151394422,1.635059760956175,3.5,3.48,6.16,0.13,6,2007,6.7499999999999964,501.99999999999994,10.04
2007-09-30,159.0,20.18,0.04674387822634018,-0.008140304434149566,65.22,34.480000000000004,37.72,2.26,124.5,31.549999999999997,12.49,0.0,1323.1,1359.08,296.01,2278.58,106.08,22.58,0.92,356.38,321.76,678.14,450.0,1600.44,-13.870000000000005,12.239999999999998,4.189999999999998,3.24,12.088748761149652,0.64,0.42,0.07,0.05,0.71,3.5525347452018536,7.398888153540701,5.048338848444739,5.155181998676373,8.84127068166777,6.84,6.75,3.81,0.1,9,2007,-3.5142857142857125,431.71428571428567,30.22
2007-12-31,199.15999999999997,18.630000000000003,0.04195087001023542,0.0013934785787395876,76.9,33.77,37.040000000000006,2.3,165.41000000000008,35.019999999999996,28.38,0.86,1717.13,1768.77,293.41,2244.57,80.0,12.19,0.75,260.1,365.4,625.51,450.0,1619.07,-1.1400000000000006,-1.2100000000000004,18.239999999999995,3.2699999999999996,13.707105475040256,0.64,0.39,0.11,0.05,0.45,3.325559877175026,6.712139201637667,4.606968270214944,4.637477993858752,7.49013715455476,7.65,7.55,6.8,0.2,12,2007,0.6188311688311714,444.0909090909091,48.85
2008-03-31,74.78,-7.9,-0.02,0.06,32.69,-4.45,-1.25,2.16,79.23,-3.98,11.21,0.86,1798.66,1821.71,292.88,2327.78,101.67,18.29,149.86,418.03,269.28,687.31,450.0,1640.47,-92.87,-2.68,78.38,3.2,-27.0,0.59,0.42,-0.02,0.06,-3.0,-1.36,-0.8,-1.92,-1.96,-0.92,-10.72,-10.56,4.36,0.06,3,2008,23.7,395.0,-7.9
2008-06-30,169.9,19.59,0.05027373823781009,-0.000821214713430283,68.11,35.76,38.95,2.06,134.14,37.459999999999994,24.58,0.86,1774.05,1864.67,293.26,2369.35,138.39,17.73,226.06,491.57,244.72,736.29,450.0,1633.06,-45.01999999999998,-3.57,61.96000000000001,3.1899999999999995,10.244414241960184,0.57,0.45,0.03,0.06,2.0,3.284550898203593,9.384431137724551,4.826278870829769,4.893310521813516,11.194285714285714,4.81,4.78,3.79,0.18,6,2008,-0.3200000000000003,389.6666666666667,11.69
2008-09-30,211.46999999999997,25.21,0.054655826558265584,0.00931165311653117,58.480000000000004,47.879999999999995,51.11999999999999,1.66,163.58999999999997,125.80000000000001,7.73,1.78,1742.74,1764.43,295.46,2359.8,146.98,22.12,243.31,526.12,175.42,701.54,450.0,1658.27,29.569999999999993,-5.5600000000000005,-40.86,3.240000000000001,7.592969059896865,0.45,0.42,0.08,0.06,0.75,4.263154471544716,9.318818428184283,6.094124661246613,6.176108401084011,11.805658536585367,8.55,8.09,3.35,0.04,9,2008,4.295000000000002,461.25,36.9
2008-12-31,208.76999999999998,33.330000000000005,0.07593336181119181,-0.0030499786416061537,77.80000000000001,49.650000000000006,53.97,1.28,159.12000000000006,-57.34,18.8,0.0,1714.34,1749.99,295.13,2345.14,162.03,13.92,220.28,513.33,140.22,653.55,450.0,1691.6,56.769999999999996,-3.5199999999999996,-42.190000000000005,4.3199999999999985,4.214221422142214,0.34,0.39,0.16,0.06,0.38,5.676018795386588,10.649653994019651,7.87808628791115,8.048936351986331,13.34528833831696,11.11,10.56,3.41,0.07,12,2008,-1.338750000000001,438.9375,70.23
2009-03-31,217.42,26.03,0.06,0.0,76.89,40.72,44.26,1.45,176.69,43.51,3.97,0.0,1670.81,1690.52,294.76,2528.69,166.79,19.82,166.61,643.87,167.2,811.07,450.0,1717.62,22.34,-24.62,-12.56,3.54,6.0425,0.38,0.47,0.06,0.0,0.0,4.12,6.720000000000001,6.08,6.2,8.64,12.04,11.97,2.63,0.03,3,2009,0.0,433.83333333333337,26.03
2009-06-30,175.29,22.439999999999998,0.050926346193521765,0.07,49.230000000000004,35.44,38.76,1.45,139.85000000000002,19.370000000000005,13.81,0.0,1620.14,1649.61,293.18,2589.94,171.56,13.12,160.67,489.61,391.76,881.37,450.0,1708.57,-173.13,-0.6400000000000006,183.62,3.3200000000000003,7.117141265597149,0.38,0.52,0.11,0.07,0.64,3.46299154115948,5.685232102331339,5.259302661440065,5.370414689498658,6.722277697544873,13.02,12.34,3.37,0.06,6,2009,30.844545454545457,440.6363636363636,48.47
2009-09-30,224.61000000000007,37.89,0.08336150995831404,0.002139142700745299,80.79999999999998,55.02000000000001,58.32000000000001,1.79,169.59999999999997,50.43,6.29,0.0,1544.4,1577.88,293.53,2542.48,151.18,12.85,73.26,375.26,420.76,796.02,450.0,1746.46,78.78999999999999,-3.639999999999997,-82.66,3.3,5.367585114806017,0.46,0.46,0.19,0.07,0.37,5.966929133858268,9.389138490041686,8.66959703566466,8.897744326076888,10.617623899953681,14.65,13.99,4.2,0.09,9,2009,0.9722966507177055,454.5263157894737,86.36
2009-12-31,268.63,20.349999999999994,0.04576890638178239,-0.0015588239646064847,84.84,32.870000000000005,36.21000000000001,2.08,235.76,27.590000000000003,26.26,0.0,1864.38,1901.78,289.51,2686.65,150.0,20.98,66.44,526.33,393.51,919.84,450.0,1766.8,75.38,-4.130000000000003,-51.290000000000006,3.34,11.365794840294843,0.53,0.52,0.24,0.07,0.29,3.0283759722612684,4.973554493487019,4.607403242432761,4.706569206259956,5.7897666572954725,12.56,12.04,3.61,0.07,12,2009,-0.6930921052631582,444.625,106.71
2010-03-31,258.2,41.32,0.09,0.0,87.3,58.3,61.45,2.04,199.9,52.3,76.77,0.0,1803.82,1895.12,289.45,2724.22,160.89,15.63,59.16,552.74,363.36,916.1,450.0,1808.13,89.94,-11.69,-27.74,3.15,5.6675,0.51,0.51,0.09,0.0,0.0,6.08,8.88,9.16,9.36,10.72,16.63,16.0,3.43,0.17,3,2010,0.0,459.11111111111114,41.32
2010-06-30,221.79000000000002,29.18,0.0662241134751773,0.1,76.94000000000001,44.93000000000001,47.25,2.0,176.85999999999999,37.38000000000001,46.62,0.0,2078.97,2138.31,291.1,2708.97,140.04,42.35,56.0,467.44,449.23,916.66,450.0,1792.31,-11.709999999999994,-35.63,17.18,2.32,7.550119945167923,0.5,0.51,0.16,0.1,0.63,4.304567375886525,6.456851063829787,6.506519148936171,6.6720794326241135,7.632329078014184,15.34,14.69,4.57,0.13,6,2010,44.0625,440.625,70.5
2010-09-30,105.51999999999998,-1.6400000000000006,-0.003572465872785363,0.004017208829509148,32.70999999999998,3.469999999999999,5.819999999999993,2.44,102.05000000000001,-4.090000000000003,6.47,0.0,2126.18,2149.44,293.14,2722.48,121.08,25.24,150.76,521.04,410.78,931.82,450.0,1790.66,-74.22,-4.189999999999998,38.28,2.3500000000000005,-170.78539634146335,0.61,0.52,0.15,0.1,0.67,-0.24102236421725248,-0.38582631426081915,-0.3667731629392973,-0.37058379320360163,-0.4620389195469069,12.43,11.76,4.13,0.04,9,2010,1.8441666666666663,459.06666666666666,68.86
2010-12-31,218.56000000000006,20.340000000000003,0.04560538116591929,-0.002929745889387141,73.90000000000003,31.980000000000004,34.56000000000002,2.2,186.57999999999998,17.92,1.14,0.0,2134.27,2151.73,298.85,2758.63,134.33,29.74,154.34,426.97,520.65,947.62,450.0,1811.01,-92.31,-28.890000000000008,115.85,2.58,12.059980334316617,0.55,0.52,0.2,0.1,0.5,2.9461076233183863,4.642627802690583,4.4966905829596415,4.551417040358745,5.427040358744395,11.81,11.09,5.04,0.04,12,2010,-1.3066666666666649,446.0,89.2
2011-03-31,171.57,8.74,0.02,0.0,54.77,20.94,23.5,2.28,150.63,8.91,21.24,0.0,2131.32,2169.86,69.54,2831.24,174.66,0.0,185.46,521.39,490.1,1011.49,450.0,1819.75,-23.83,-4.92,48.86,2.56,28.5,0.56,0.56,0.02,0.0,0.0,1.24,3.0,1.92,1.92,3.64,5.51,5.09,4.16,0.07,3,2011,0.0,437.0,8.74
2011-06-30,182.40000000000003,8.409999999999998,0.019615160349854225,0.10000000000000002,36.24999999999999,21.05,23.759999999999998,1.98,161.35000000000002,-8.21,34.69,0.0,2031.79,2083.08,74.38,2857.18,204.71,0.0,213.43,595.02,479.0,1074.02,450.0,1783.16,20.409999999999997,-7.73,0.759999999999998,2.7099999999999995,25.23558263971463,0.5,0.6,0.04,0.1,2.5,1.1769096209912535,2.9618892128279883,1.8830553935860055,1.8830553935860055,3.6484198250728856,5.51,4.85,3.5,0.09,6,2011,42.875,428.74999999999994,17.15
2011-09-30,226.48000000000002,14.600000000000001,0.03218897637795276,0.005472440944881899,96.75000000000001,35.669999999999995,40.48,1.91,190.81,46.809999999999995,17.76,13.47,2043.03,2113.96,157.18,3194.06,174.38,24.74,235.02,561.07,739.78,1300.85,450.0,1797.76,-19.75,-19.72,22.54,4.8100000000000005,14.836601027397258,0.48,0.72,0.07,0.1,1.43,1.820976377952756,4.837543307086614,3.255685039370079,3.255685039370079,5.426141732283465,5.8,5.47,3.77,0.13,9,2011,2.482142857142861,453.57142857142856,31.75
2011-12-31,128.07999999999993,-25.55,-0.04120967741935484,0.026843317972350223,-27.02000000000001,-9.030000000000001,-2.1400000000000006,1.96,137.10999999999996,-83.44,18.28,31.98,2047.45,2117.27,115.95,3216.42,208.7,77.44,193.4,560.38,791.5,1351.88,450.0,1772.22,-2.479999999999997,-38.29,41.290000000000006,6.889999999999999,-11.89041095890411,0.5,0.76,0.01,0.1,10.0,-3.1319354838709677,-37.912903225806446,-5.769354838709677,-5.769354838709677,-42.528387096774196,1.04,0.88,3.78,0.12,12,2011,16.64285714285714,620.0,6.2
2012-03-31,160.06,-4.39,-0.01,0.0,20.49,10.19,18.7,1.99,149.87,-30.56,43.7,28.82,2027.84,2123.36,112.15,3258.18,242.92,95.15,208.66,627.83,771.09,1398.92,450.0,1767.83,39.47,-43.34,29.29,8.51,-49.75,0.51,0.79,-0.01,0.0,0.0,-0.52,1.32,-1.0,-0.96,1.56,-3.68,-2.74,3.38,0.15,3,2012,0.0,438.99999999999994,-4.39
2012-06-30,211.71999999999997,3.76,-0.0,,24.66,20.67,30.669999999999998,1.97,191.05,-32.47,36.6,35.21,1977.67,2074.57,120.92,3238.54,252.02,95.71,183.95,607.23,778.53,1385.76,450.0,1762.59,49.94,-37.19,-19.86,10.000000000000002,-0.0,0.5,0.79,0.0,0.02,0.0,0.4774603174603174,-24.11174603174603,0.9549206349206348,0.9549206349206348,-27.93142857142857,-0.23,-0.17,3.42,0.16,6,2012,-inf,-inf,-0.63
2012-09-30,302.28,34.21,0.07131328171530674,inf,66.9,62.84,72.72,2.22,239.44,7.289999999999999,8.31,44.93,1904.93,2013.48,115.58,3172.36,222.57,93.39,113.96,497.14,787.11,1284.25,450.0,1796.8,69.72999999999999,-6.219999999999999,-91.78999999999999,9.879999999999999,7.781509792458345,0.56,0.71,0.07,0.02,0.29,4.319547349612865,11.980631328171532,7.6203335318642065,7.6203335318642065,14.262656343061346,6.4,4.98,4.05,0.22,9,2012,inf,479.71428571428567,33.58
2012-12-31,268.1700000000001,10.950000000000003,0.024590163934426236,-0.0015456674473067903,-5.849999999999994,30.25999999999999,40.139999999999986,2.46,237.90999999999997,-18.130000000000003,57.54,32.19,1860.78,2002.07,112.79,3147.84,151.2,98.63,118.36,494.11,757.95,1252.06,450.0,1807.75,90.91000000000003,47.91,-89.58999999999999,9.880000000000003,25.009999999999994,0.61,0.69,0.1,0.02,0.2,1.3868852459016396,3.8360655737704925,2.4196721311475415,2.449180327868853,4.593442622950821,5.98,4.73,4.05,0.29,12,2012,-0.6882857142857137,445.3,44.53
2013-03-31,246.21,46.81,0.08,0.0,106.05,76.07,85.84,2.52,170.14,55.33,179.35,34.12,2036.13,2271.59,110.04,3403.2,20.0,111.04,151.88,458.89,697.93,1156.82,589.41,2161.26,-23.34,-2.75,147.9,9.77,7.875,0.69,0.54,0.08,0.0,0.0,5.52,9.12,8.68,9.52,10.32,20.76,19.01,4.95,0.51,3,2013,0.0,585.125,46.81
2013-06-30,371.25,18.58,0.034096956721211186,0.04,110.06000000000002,36.25,46.150000000000006,2.8,335.0,51.32000000000001,218.67,31.68,2099.97,2372.17,108.86,3331.89,21.59,108.35,127.85,315.74,775.72,1091.46,589.41,2156.26,18.13,-5.41,26.599999999999994,9.900000000000002,20.526758611410116,0.77,0.51,0.12,0.04,0.33,2.227667839119131,3.887053066218076,3.44379262884233,3.796127848294846,4.228022633430188,10.69,10.59,7.51,0.86,6,2013,21.79666666666667,544.9166666666667,65.39
2013-09-30,287.4699999999999,38.849999999999994,0.06708557175748273,0.0023618572524942393,101.56,59.76000000000002,69.78999999999999,2.38,227.71000000000004,56.47,90.24,26.81,2147.06,2287.99,117.51,3253.49,20.18,117.5,67.5,243.72,730.28,974.0,589.41,2195.12,5.45,-23.8,-110.07,10.029999999999998,8.867778635778636,0.64,0.44,0.18,0.04,0.22,4.770529547198771,7.990636991557944,7.081254796623177,7.781926323867995,8.527321565617804,11.63,11.52,9.39,0.58,9,2013,1.3677777777777749,579.1111111111111,104.24
2013-12-31,276.42999999999995,-0.6199999999999903,-0.0010770121598146906,-0.00023933603551437366,79.58999999999997,8.149999999999977,18.609999999999985,2.64,268.28,2.6500000000000057,93.32,24.46,2181.81,2350.67,101.53,3331.07,20.0,126.63,109.43,317.24,735.39,1052.63,589.41,2194.49,20.76,-61.51,43.83,10.459999999999997,-612.9457258064613,0.71,0.48,0.18,0.04,0.22,-0.07443350704497084,-0.1330708357459929,-0.11296660876278533,-0.12397606639644662,-0.1431229492375967,8.88,8.77,7.41,0.53,12,2013,-0.13777777777777445,575.6666666666667,103.62
2014-03-31,246.0,13.72,0.02,0.0,71.17,27.64,38.99,2.52,218.36,25.18,51.49,27.63,1595.97,1728.2,99.03,3408.98,20.0,109.63,101.26,406.21,710.76,1116.97,589.41,2208.21,-30.19,2.84,-14.48,11.35,31.5,0.67,0.51,0.02,0.0,0.0,1.6,3.24,2.48,2.52,3.68,5.63,5.58,4.25,0.33,3,2014,0.0,686.0,13.72
2014-06-30,206.26,19.57,0.03527185340943226,0.07,78.73,35.78,47.27,2.58,170.47999999999996,34.19,27.74,30.02,1639.79,1766.63,97.94,3428.8,194.93,101.8,132.82,506.21,650.31,1156.52,589.41,2186.52,-79.57000000000001,25.75,30.07,11.49,18.286535513541136,0.7,0.53,0.06,0.07,1.17,2.2809131871432866,4.420738960648843,3.5742144788224692,3.597729047762091,5.102661459897868,7.43,7.36,3.49,0.25,6,2014,38.83833333333334,554.8333333333334,33.29
2014-09-30,284.85,22.200000000000003,0.03600648765543341,0.007007568931338994,90.31,40.230000000000004,52.08,3.38,244.62000000000006,35.48,56.15,30.61,1501.1,1680.3,93.53,3561.08,202.76,114.13,132.91,620.9,642.35,1263.26,589.41,2208.72,84.47,-39.51,-16.55,11.849999999999998,23.47077027027027,0.9,0.57,0.09,0.07,0.78,2.4964498107767166,4.864876554334114,4.016723734006128,4.032726617408542,5.649017841052442,7.62,7.53,2.71,0.29,9,2014,4.320555555555565,616.5555555555557,55.49
2014-12-31,412.93999999999994,44.410000000000004,0.07557257257257258,-0.003443554665776904,136.24999999999997,65.48999999999998,77.38999999999999,2.9,347.44999999999993,56.76000000000002,20.23,30.04,1521.32,1678.37,89.29,3552.11,203.35,198.39,92.24,576.92,634.76,1211.68,589.41,2253.13,79.50999999999999,11.7,-127.13000000000001,11.900000000000006,9.594089169106056,0.76,0.54,0.17,0.07,0.41,4.996680680680681,8.730854854854856,7.877329329329329,7.98402002002002,10.117833833833835,8.82,8.69,2.91,0.27,12,2014,-2.0235947712418394,587.6470588235294,99.9
2015-03-31,221.19,5.92,0.01,0.15,72.65,16.05,27.84,4.46,205.15,14.19,15.82,34.26,1569.56,1704.57,87.92,3857.81,326.42,172.55,342.27,933.59,578.12,1511.71,589.41,2259.06,-290.49,-36.72,322.8,11.79,111.50000000000001,1.16,0.67,0.01,0.15,15.0,0.6,1.76,1.04,1.08,2.2,2.7,2.68,1.83,0.14,3,2015,88.8,592.0,5.92
2015-06-30,211.03000000000003,-0.8799999999999999,-0.0017460317460317458,-0.026190476190476195,57.06,9.879999999999999,21.650000000000002,4.56,201.12999999999997,3.049999999999999,18.43,32.16,1684.24,1756.88,87.25,3957.04,4.13,119.74,512.77,1127.24,572.34,1699.58,589.41,2169.78,-180.01,40.1,142.51999999999998,11.77,-652.9090909090911,1.24,0.78,0.01,0.15,15.0,-0.09079365079365079,-0.48888888888888876,-0.16063492063492063,-0.16063492063492063,-0.6425396825396825,1.19,1.17,1.56,0.06,6,2015,-13.200000000000003,504.0,5.04
2015-09-30,474.56999999999994,48.47,0.08152307979816857,0.02284619697252849,141.04999999999998,69.93,81.82,4.3,404.65,67.29,84.06,33.7,1513.92,1681.06,83.25,3911.36,5.56,124.73,460.8,1103.63,502.23,1605.86,589.41,2218.24,210.18,-37.160000000000004,-107.38,11.890000000000004,13.187063131834126,1.14,0.72,0.09,0.15,1.67,4.963849747710708,9.311747336946365,8.732027658381613,8.768260138291907,12.355275649411324,5.98,5.9,1.52,0.15,9,2015,13.583333333333329,594.5555555555555,53.51
2015-12-31,602.19,68.15,0.11763521288837744,-0.00394131185270423,-46.98999999999998,96.38000000000001,107.47,3.58,505.81000000000006,-148.5,22.87,29.36,1214.72,1476.24,73.99,3748.69,2.47,153.1,261.62,915.36,458.79,1374.15,589.41,2286.39,355.23,-162.21,-254.22,11.089999999999996,7.609328686720469,0.92,0.6,0.21,0.15,0.71,7.282179845470986,11.808334703271411,11.920368239355584,12.009995068222919,15.191747493013319,9.71,8.06,1.61,0.29,12,2015,-2.2833333333333172,579.3333333333334,121.66
2016-03-31,480.91,105.22,0.18,0.0,130.91,142.26,153.69,3.58,338.65,60.38,146.4,39.84,1034.17,1418.88,73.45,3830.45,0.0,167.79,197.93,895.19,450.08,1345.27,589.41,2394.52,194.21,4.43,-75.12,11.43,4.9725,0.88,0.56,0.18,0.0,0.0,11.0,14.800000000000002,17.56,18.08,19.4,26.37,21.88,1.59,0.43,3,2016,0.0,584.5555555555555,105.22
2016-06-30,329.84,18.33,0.03115580736543909,0.12000000000000001,77.81,32.360000000000014,43.75,3.74,297.48,23.660000000000004,45.73,38.73,2094.99,2316.26,77.39,3557.29,0.38,181.02,35.74,712.95,411.48,1124.43,589.41,2342.13,-11.77000000000001,153.04,-241.93,11.39,30.011258865248227,0.94,0.48,0.21,0.12,0.57,2.0592505058680697,2.759514366653177,3.1333840550384457,3.2520728450020235,3.6437458518818286,17.16,15.24,3.25,0.31,6,2016,70.60000000000001,588.3333333333334,123.55
2016-09-30,195.14,-13.409999999999997,-0.02313328491011439,-0.001790448520065371,51.309999999999974,-4.700000000000017,7.0800000000000125,3.5,199.84000000000003,-7.950000000000003,19.71,36.1,2158.17,2473.96,77.37,3707.93,0.0,194.22,106.64,764.33,522.59,1286.92,589.41,2328.72,-72.75999999999999,-123.59,170.31,11.780000000000001,-37.82212527964207,0.89,0.55,0.19,0.12,0.63,-1.446439077537679,-2.1720936989286357,-2.30358816052297,-2.357159978209551,-2.8100853459233694,12.08,10.95,3.24,0.41,9,2016,-1.0378947368421052,579.6842105263158,110.14
2016-12-31,240.9699999999999,-7.310000000000002,-0.012084994651366336,0.004998950746505448,63.68000000000001,4.810000000000002,16.560000000000002,3.36,236.16000000000008,-6.030000000000001,27.11,33.43,2115.78,2234.58,73.12,3847.56,236.23,156.29,156.59,1084.47,508.71,1593.17,589.41,2254.39,-263.61,-60.24,331.27,11.75,-69.49113543091653,0.88,0.71,0.17,0.12,0.71,-0.7592220169211322,-1.308022950500827,-1.2966488378877763,-1.2881182534279882,-1.797109792862006,9.0,8.25,2.06,0.11,12,2016,3.023777089783266,604.8823529411765,102.83
2017-03-31,225.49,-2.78,0.0,,69.65,11.87,23.31,3.48,213.62,5.91,34.83,36.98,2128.46,2268.12,71.41,3903.48,316.17,158.26,133.63,1117.45,534.42,1651.87,589.41,2251.61,-11.16,-15.09,33.97,11.44,0.0,0.91,0.73,0.0,0.0,0.0,-0.28,1.24,-0.48,-0.48,1.72,-1.27,-1.23,2.03,0.12,3,2017,,-inf,-2.78
2017-06-30,291.74,9.97,0.013866481223922115,,-55.84,27.36,38.519999999999996,3.28,264.38,-105.74,32.53,32.97,2074.25,2169.26,69.45,3854.59,216.09,129.31,119.16,835.09,764.47,1599.57,641.8,2255.03,-14.579999999999998,36.71,-24.43,11.160000000000002,59.135406218655966,0.93,0.71,0.01,0.01,1.11,1.0538525730180808,5.8793880389429765,1.7749095966620305,1.7194436717663422,7.2105702364395,1.9,1.39,2.6,0.11,6,2017,,719.0,7.19
2017-09-30,283.26,-1.7700000000000005,-0.003265682656826569,-0.003265682656826569,207.21,12.480000000000004,23.870000000000005,3.1,270.78,147.32999999999998,32.63,33.34,1978.81,2078.43,69.84,3828.94,142.72,135.75,84.69,813.19,762.49,1575.68,641.8,2253.26,35.089999999999996,-2.3000000000000007,-32.69,11.39,-237.3163841807909,0.88,0.7,0.01,0.01,1.11,-0.1828782287822879,-1.78959409594096,-0.3135055350553506,-0.3135055350553506,-2.233726937269373,0.68,0.68,2.56,0.12,9,2017,-1.7700000000000005,542.0,5.42
