,revenue,net_profit,eps,dps,gross_profit,ebit,ebitda,close_price,expense,operating_profit,cash,account_receivable,inventory,current_asset,property_plant_equipment,total_asset,short_term_loan,account_payable,current_portion_long_term_debt,current_liability,non_current_liability,total_liability,paid_in_capital,total_equity,cash_flow_operation,cash_flow_investment,cash_flow_financing,depreciation,P/E,P/BV,D/E,EPS,DPS,DPR%,ROA%,ROAA%,ROE%,ROAE%,ROCE%,NPM%,NPMA%,TIE,CurrentRatio,QuickRatio,month,year,dividend,number_of_shares,return_old
2012-12-31,,,,,,,,,,,20.46,64.11,42.47,148.4,190.17,347.61,65.44,93.17,18.4,196.81,39.42,236.23,88.0,111.38,,,,,,0.0,2.12,0.11,0.0,0.0,,,,,,4.06,3.96,3.71,0.75,0.54,12,2012,,175.27272727272728,19.28
2013-03-31,106.44,0.43,0.0,,15.54,2.63,8.78,,103.81,0.49,17.79,51.87,43.59,134.35,188.5,332.36,65.92,66.48,22.79,176.82,44.58,221.4,88.0,110.96,-4.13,9.15,-7.69,6.15,0.0,0.0,2.0,0.0,0.0,0.0,0.52,0.0,1.56,0.0,6.76,0.41,0.4,1.26,0.76,0.51,3,2013,,inf,0.43
2013-06-30,102.09,-1.5999999999999999,-0.013675213675213675,,8.280000000000001,-2.65,4.100000000000001,1.47,104.74000000000001,-4.38,41.65,57.08,40.19,156.35,185.19,354.56,59.9,62.99,23.05,163.24,37.78,201.02,110.0,153.53,-1.3100000000000005,-4.99,30.150000000000002,6.75,-26.873437499999998,1.05,1.31,-0.01,0.04,-4.0,-1.8051282051282054,0.0,-4.157264957264957,0.0,-0.0547008547008547,-0.57,-0.56,-0.0,0.96,0.71,6,2013,,116.99999999999999,-1.17
2013-09-30,95.4,-7.949999999999999,-0.04358552631578948,0.014342105263157894,5.149999999999999,-7.140000000000001,-0.40000000000000036,1.37,102.53999999999996,-8.76,34.54,49.07,30.48,132.06,189.52,336.52,56.53,64.27,23.36,159.39,31.05,190.44,110.0,146.08,15.36,-11.18,-11.280000000000001,6.74,-7.85811320754717,1.03,1.3,-0.05,0.04,-0.8,-9.449342105263158,0.0,-21.757894736842108,0.0,-14.086842105263159,-3.06,-3.0,-1.12,0.83,0.64,9,2013,2.6159999999999997,182.39999999999998,-9.12
2013-12-31,113.54000000000002,-5.460000000000001,-0.02621399176954733,0.004971193415637861,6.350000000000001,0.7400000000000002,7.469999999999999,1.05,112.80000000000001,-7.799999999999999,20.88,51.6,41.16,123.99,194.83,341.41,31.87,80.36,23.49,173.11,27.32,200.44,110.36,140.97,0.8100000000000005,-12.11,-2.3499999999999996,6.73,-10.013736263736261,0.82,1.42,-0.07,0.04,-0.57,-6.396213991769548,-2.786172839506173,-15.488724279835392,-17.31621399176955,-5.7071604938271605,-3.61,-3.49,-0.79,0.72,0.48,12,2013,1.0354285714285716,208.28571428571428,-14.58
2014-03-31,80.3,-3.31,-0.01,0.0,8.84,-3.04,2.59,1.0,83.34,-4.99,9.99,41.87,35.38,100.47,193.52,323.78,69.61,44.5,24.94,160.95,25.18,186.12,110.36,137.66,-17.69,0.29,6.5,5.63,-25.0,0.8,1.35,-0.01,0.0,0.0,-4.08,-3.7199999999999998,-9.6,-10.64,-7.480000000000001,-4.22,-4.12,-1.56,0.62,0.4,3,2014,0.0,331.0,-3.31
2014-06-30,95.36999999999999,-3.73,-0.01589488636363636,0.0,8.93,-0.10999999999999988,6.699999999999999,1.27,95.47999999999999,-4.869999999999999,8.57,50.01,34.34,107.09,200.24,329.14,42.87,58.62,24.17,174.73,19.9,194.63,110.45,134.51,18.09,-12.77,-6.74,6.81,-19.973404825737266,1.04,1.45,-0.03,0.0,0.0,-4.53534090909091,-1.9497727272727272,-11.08403409090909,-10.363465909090909,-4.323409090909091,-4.17,-4.01,-0.79,0.61,0.42,6,2014,0.0,234.66666666666669,-7.04
2014-09-30,95.72,-4.79,-0.020245139475908707,0.0,7.760000000000002,-2.61,4.110000000000001,1.67,98.32999999999998,-7.080000000000002,5.82,50.57,44.91,114.5,197.07,335.77,40.86,70.98,22.61,189.72,15.19,204.91,110.45,130.86,5.21,-3.0199999999999996,-4.93,6.720000000000001,-20.62223382045929,1.41,1.57,-0.05,0.0,0.0,-5.7010312764158915,-2.769535080304311,-14.641284868977175,-13.831479289940827,-6.381267962806424,-4.55,-4.36,-0.94,0.6,0.37,9,2014,0.0,236.6,-11.83
2014-12-31,93.10000000000002,-4.58,-0.019536867763558806,0.0,9.86,-8.11,-1.120000000000001,1.24,101.22000000000003,-4.539999999999999,7.03,49.99,47.2,116.93,193.43,335.0,56.7,77.86,21.11,197.47,10.1,207.56,111.14,127.43,8.190000000000001,-3.289999999999999,-3.6999999999999993,6.989999999999998,-15.863597161572052,1.08,1.63,-0.07,0.0,0.0,-5.470322973796465,-4.57720901889092,-14.379134673979282,-13.653479585618527,-11.26439975624619,-4.6,-4.5,-1.92,0.59,0.35,12,2014,0.0,234.42857142857142,-16.41
2015-03-31,110.22,1.32,0.01,0.0,18.24,3.35,10.12,1.48,106.87,1.88,6.88,54.36,45.51,119.24,188.78,332.97,65.55,67.55,20.23,188.87,15.05,203.92,111.14,129.05,-8.01,-2.16,10.02,6.77,37.0,1.27,1.58,0.01,0.0,0.0,1.6,4.08,4.08,3.96,9.28,1.21,1.2,1.75,0.63,0.39,3,2015,0.0,132.0,1.32
2015-06-30,107.75,-4.79,-0.027608069164265128,0.0,16.220000000000002,1.44,8.480000000000002,1.77,106.31,1.0500000000000003,6.86,59.66,41.14,119.65,185.31,325.93,67.85,63.46,15.95,187.99,13.42,201.41,111.14,124.52,2.49,-3.4399999999999995,0.9400000000000013,7.040000000000001,-16.02792275574113,1.58,1.62,-0.02,0.0,0.0,-5.852910662824207,8.061556195965418,-15.405302593659943,-14.797925072046109,19.16,-1.61,-1.59,1.19,0.64,0.42,6,2015,0.0,173.5,-3.47
2015-09-30,107.36999999999998,0.3700000000000001,0.0011935483870967746,0.0,17.949999999999996,3.9099999999999993,10.669999999999998,1.5,103.45999999999998,0.7399999999999998,28.07,56.32,45.92,140.04,184.47,343.97,35.83,70.92,12.39,152.44,11.19,163.63,148.18,180.34,18.54,-5.8100000000000005,8.469999999999999,6.76,314.1891891891891,1.23,0.91,-0.01,0.0,0.0,0.4296774193548389,-1.2221935483870972,0.8211612903225809,0.9500645161290325,-2.1674838709677426,-0.97,-0.95,1.4,0.92,0.62,9,2015,0.0,310.0,-3.1
2015-12-31,101.62,-0.029999999999999805,-9.584664536741152e-05,0.0,15.650000000000006,1.1900000000000013,8.98,2.28,100.43,-0.22999999999999998,25.17,46.48,46.84,125.73,187.55,332.82,23.4,63.72,10.92,138.03,13.54,151.57,148.9,181.24,11.850000000000001,-4.550000000000001,-10.19,7.789999999999999,-5947.000000000038,1.87,0.84,-0.01,0.0,0.0,-0.036038338658146735,0.11348242811501524,-0.06632587859424877,-0.07782747603833814,0.1947603833865802,-0.74,-0.73,1.45,0.91,0.57,12,2015,0.0,313.0,-3.13
2016-03-31,103.48,0.39,0.0,,17.27,1.48,8.55,1.88,102.01,0.23,14.06,54.63,47.12,124.47,183.62,328.08,35.74,63.6,9.98,134.9,11.43,146.33,148.9,181.75,-1.66,-3.19,-6.26,7.07,0.0,1.54,0.81,0.0,0.0,0.0,0.48,1.7999999999999998,0.84,1.0,3.08,0.38,0.38,1.36,0.92,0.57,3,2016,,inf,0.39
2016-06-30,98.17999999999999,-6.1899999999999995,-0.021344827586206896,,15.489999999999998,-7.279999999999999,-0.9600000000000009,1.73,105.45,-3.41,11.34,53.77,48.32,122.04,179.88,317.36,30.48,65.55,9.6,132.48,9.43,141.91,148.92,175.45,8.42,-2.4600000000000004,-8.69,6.32,-20.262520193861068,1.47,0.81,-0.02,0.0,0.0,-7.812206896551724,-7.684137931034482,-14.130275862068963,-16.52089655172414,-13.404551724137932,-2.91,-2.88,-2.8,0.92,0.56,6,2016,,290.0,-5.8
2016-09-30,97.52000000000001,-9.32,-0.030820105820105824,0.0,13.89,-0.8500000000000005,6.6899999999999995,1.63,98.36999999999998,-6.030000000000001,14.58,53.81,46.03,122.84,177.38,309.59,37.65,63.35,8.55,135.41,8.5,143.91,148.92,165.67,4.529999999999999,-4.91,3.629999999999999,7.539999999999999,-13.221888412017167,1.47,0.87,-0.05,0.0,0.0,-12.032169312169312,-5.0298412698412704,-22.511005291005297,-21.549417989417993,-9.41862433862434,-5.1,-5.05,-2.2,0.91,0.57,9,2016,0.0,302.4,-15.12
2016-12-31,115.39999999999998,-8.49,-0.028767471410419316,0.0,14.530000000000001,-7.57,-0.9799999999999986,1.7,122.97000000000003,-9.119999999999997,21.68,53.59,39.2,124.3,170.89,304.23,33.94,70.56,7.51,137.96,6.6,144.55,149.49,159.68,16.380000000000003,-3.84,-5.43,6.59,-14.77363074204947,1.59,0.91,-0.08,0.0,0.0,-11.161778907242693,-6.415146124523507,-21.27354510800508,-19.921473951715374,-12.298094027954258,-5.75,-5.69,-3.54,0.9,0.62,12,2016,0.0,295.125,-23.61
2017-03-31,110.17,3.41,0.01,0.0,19.92,4.26,9.84,1.51,105.91,3.18,18.7,59.85,45.83,131.56,168.9,314.44,37.76,75.06,6.06,145.5,5.84,151.34,149.5,163.1,-0.79,-2.83,0.64,5.58,37.74999999999999,1.38,0.93,0.01,0.0,0.0,4.32,5.32,8.36,7.919999999999999,10.08,3.13,3.1,4.95,0.9,0.59,3,2017,0.0,341.0,3.41
2017-06-30,101.07000000000001,-1.3900000000000001,-0.006881188118811882,0.0,15.199999999999996,-0.34999999999999964,5.540000000000001,1.57,101.42000000000002,-1.3800000000000001,19.4,50.11,54.41,131.44,187.14,330.28,39.05,75.75,6.94,152.44,16.11,168.54,149.55,161.74,5.04,-7.35,3.01,5.890000000000001,-57.03956834532374,1.45,1.04,0.01,0.0,0.0,-1.6790099009900992,-3.330495049504951,-3.440594059405941,-3.3029702970297032,-6.055445544554456,0.97,0.96,2.06,0.86,0.51,6,2017,0.0,202.0,2.02
2017-09-30,111.92000000000002,2.1999999999999997,0.005213270142180095,0.0,18.410000000000004,3.25,10.06,1.48,108.66999999999999,13.17,8.72,58.9,51.01,126.47,192.66,331.19,21.89,70.53,9.51,143.96,23.29,167.25,149.55,163.94,-3.58,-9.04,1.94,6.8100000000000005,70.97272727272727,1.35,1.02,0.01,0.0,0.0,2.6483412322274877,4.650236966824645,5.359241706161137,5.338388625592417,7.965876777251184,1.32,1.31,2.44,0.88,0.52,9,2017,0.0,421.99999999999994,4.22
