,revenue,net_profit,eps,dps,gross_profit,ebit,ebitda,close_price,expense,operating_profit,cash,account_receivable,inventory,current_asset,property_plant_equipment,total_asset,short_term_loan,account_payable,current_portion_long_term_debt,current_liability,non_current_liability,total_liability,paid_in_capital,total_equity,cash_flow_operation,cash_flow_investment,cash_flow_financing,depreciation,P/E,P/BV,D/E,EPS,DPS,DPR%,ROA%,ROAA%,ROE%,ROAE%,ROCE%,NPM%,NPMA%,TIE,CurrentRatio,QuickRatio,month,year,dividend,number_of_shares,return_old
2000-03-31,221.9,144.33,0.55,0.0,20.14,162.89,167.52,5.44,59.01,-17.96,375.91,15.1,219.04,688.17,436.99,2921.26,649.78,0.0,280.6,1330.72,1047.21,2377.93,2650.32,543.33,-190.33,18.95,-28.7,4.63,2.47,6.2,4.38,0.55,0.0,0.0,19.76,0.0,106.24,0.0,40.96,352.89,65.04,0.0,0.52,0.35,3,2000,0.0,262.41818181818184,144.33
2000-06-30,-157.72,196.05999999999997,0.7430224154646141,0.0,1.6699999999999982,-400.75,-395.82000000000005,4.0,243.01999999999998,-209.06,340.35,11.5,241.83,643.81,434.49,1934.2,117.24,0.0,227.6,632.96,1042.93,1675.89,2750.32,254.04,-39.75999999999999,59.36999999999999,-59.8,4.930000000000001,1.345517953687647,10.12,6.6,1.29,0.0,0.0,40.54944034783631,0.0,308.705654102647,0.0,-42.116123270366344,460.67,530.37,0.0,1.02,0.64,6,2000,0.0,263.86821705426354,340.39
2000-09-30,73.68,238.61,0.8901512953367876,0.0,12.669999999999998,77.29000000000002,82.94,3.1,-3.599999999999966,37.66,285.57,9.79,333.77,692.97,668.76,1901.82,95.73,0.0,196.05,619.37,785.84,1405.21,2750.32,493.27,-101.85999999999999,73.98000000000002,-39.010000000000005,5.65,0.8674929801768575,4.03,2.85,2.16,0.0,0.0,50.178158203799654,0.0,193.49251675302247,0.0,-20.63832262521589,538.76,419.99,0.0,1.12,0.58,9,2000,0.0,268.05555555555554,579.0
2000-12-31,145.26999999999998,171.14999999999998,0.631987602479504,0.0,10.370000000000005,57.42999999999999,62.84000000000002,2.49,87.83999999999997,-48.869999999999976,238.47,8.45,388.41,667.54,0.0,1937.45,39.76,4.12,174.44,427.32,822.88,1250.2,2800.32,685.06,-88.91000000000003,17.159999999999997,38.11,5.41,0.9861744084136723,2.38,1.82,2.77,0.0,0.0,35.33654869026194,0.0,99.93161367726454,0.0,-6.233177364527094,525.2,264.95,0.0,1.56,0.65,12,2000,0.0,270.81227436823104,750.15
2001-03-31,128.5,-3.2,-0.01,0.0,21.33,-0.35,7.21,3.55,128.85,-21.28,287.86,17.44,351.95,690.1,453.61,1934.87,38.84,4.55,176.0,439.0,814.48,1253.49,2800.32,680.05,25.67,19.08,4.62,7.56,-88.7175,3.41,1.84,-0.01,0.0,0.0,-0.68,-0.04,-1.88,-2.08,-0.08,-2.99,-2.49,0.0,1.57,0.77,3,2001,0.0,320.0,-3.2
2001-06-30,103.31,-22.7,-0.07888030888030888,0.0,13.170000000000002,-18.759999999999998,7.4799999999999995,3.4,122.07,-26.5,224.51,43.41,402.36,687.85,449.14,1913.17,38.5,4.8,176.28,452.73,806.25,1258.98,2800.32,653.72,-87.23,25.0,-1.8600000000000003,26.24,-10.767896475770925,3.4,1.93,-0.09,0.0,0.0,-4.732818532818533,-3.470733590733591,-13.882934362934364,-20.0180694980695,-4.592586872586873,-12.81,-11.17,0.0,1.52,0.63,6,2001,0.0,287.77777777777777,-25.9
2001-09-30,117.56,-45.6,-0.16581818181818184,0.0,20.189999999999998,-6.740000000000002,-16.54,2.49,124.30000000000004,-17.010000000000005,257.2,58.66,399.64,726.4,443.13,1810.49,13.3,4.5,35.07,283.27,919.1,1202.38,2800.32,608.21,1.3300000000000054,-2.989999999999995,34.74,-9.799999999999997,-3.7553179824561402,2.68,1.98,-0.26,0.0,0.0,-10.076643356643357,-3.5459580419580417,-30.000335664335662,-33.11261538461539,-4.311272727272727,-23.14,-20.47,0.0,2.56,1.15,9,2001,0.0,275.0,-71.5
2001-12-31,180.57000000000005,-17.299999999999997,-0.06234234234234233,0.0,70.29,-3.009999999999998,0.14000000000000012,2.97,183.57999999999993,18.940000000000005,190.3,73.81,407.09,686.79,0.0,1772.93,2.95,5.72,17.28,274.32,908.82,1183.14,2800.32,590.52,-38.830000000000005,-5.450000000000003,-29.380000000000003,3.1499999999999986,-11.934104046242776,3.3,2.0,-0.32,0.0,0.0,-3.9041891891891884,-1.2156756756756755,-11.720360360360358,-10.847567567567566,-1.5040090090090088,-17.38,-16.76,0.0,2.5,1.02,12,2001,0.0,277.5,-88.8
2002-03-31,189.49,3.31,0.01,0.0,30.11,6.0,13.69,3.81,183.49,-29.59,249.4,73.68,390.92,736.27,468.23,1805.62,10.34,3.96,7.66,266.65,949.68,1216.33,2800.32,589.29,30.73,-3.25,33.84,7.69,95.32250000000002,4.23,2.06,0.01,0.0,0.0,0.72,1.28,2.24,2.08,1.56,2.16,1.75,0.0,2.76,1.3,3,2002,0.0,331.0,3.31
2002-06-30,159.23000000000002,-9.93,-0.03,0.0,28.410000000000004,-6.52,1.2100000000000009,4.3,165.75,-20.419999999999998,188.62,78.02,443.96,764.18,460.77,1836.55,34.58,4.37,7.66,336.94,918.48,1255.43,2800.32,581.12,-53.56,-14.579999999999998,-5.440000000000005,7.7299999999999995,-35.865,4.85,2.16,-0.02,0.0,0.0,-2.1599999999999997,-0.17999999999999997,-6.839999999999999,-6.420000000000001,-0.17999999999999997,-2.22,-1.9,0.0,2.27,0.95,6,2002,0.0,331.0,-6.62
2002-09-30,371.13,3.68,0.012517006802721088,0.0,70.03,13.879999999999999,80.8,3.41,357.24,-0.8999999999999986,1029.16,138.75,5.53,3626.59,2586.79,6789.3,5.7,28.57,87.73,768.65,2846.91,3615.56,8670.32,3170.74,-1461.0700000000002,-1112.97,3387.74,66.92,68.1632608695652,2.18,1.14,-0.01,0.0,0.0,0.20027210884353744,-1.552108843537415,0.4506122448979592,0.8010884353741498,-1.1014965986394558,-0.45,-0.41,0.0,4.72,4.71,9,2002,0.0,294.0,-2.94
2002-12-31,590.8000000000001,52.19,0.10596954314720812,0.0,182.55,74.36,54.2,3.93,516.45,103.41999999999999,1577.39,213.99,2874.76,5016.73,2576.17,8176.84,428.95,33.7,970.38,1909.15,2979.38,4888.52,8670.32,3224.36,-556.2099999999998,313.28,682.7400000000002,-20.160000000000004,9.262095228971067,2.47,1.52,0.1,0.0,0.0,2.5432690355329948,7.460255837563452,6.485336040609137,10.936056852791879,5.934294416243654,3.87,3.76,0.0,2.63,1.12,12,2002,0.0,492.5,49.25
2003-03-31,474.7,54.41,0.060000000000000005,0.0,129.84,74.36,113.59,5.13,400.34,26.9,631.24,914.74,4274.64,6197.18,2564.51,9343.86,11.13,1856.74,226.85,2761.7,3246.23,6007.93,7413.12,3278.12,-587.52,-739.21,378.27,39.23,21.3925,2.71,1.83,0.06,0.0,0.0,2.32,5.32,6.64,11.24,4.52,12.92,11.46,0.0,2.24,0.7,3,2003,0.0,906.8333333333333,54.41
2003-06-30,606.53,172.43,0.19763621936166462,0.0,202.74999999999997,118.92,154.39000000000001,6.27,487.61000000000007,103.10999999999999,728.24,724.18,4742.6,6785.28,2556.27,9935.62,41.2,2485.94,149.96,3438.31,2963.29,6401.6,7414.64,3452.0,-512.24,254.23000000000002,356.47,35.470000000000006,7.926178739198515,3.15,1.85,0.26,0.0,0.0,6.932470463763004,9.973027684711692,19.976460941632872,34.20626873567272,9.0304549462176,22.55,20.98,0.0,1.97,0.59,6,2003,0.0,872.4615384615385,226.84
2003-09-30,1420.5300000000002,244.02,0.2798513358535446,0.0,412.3,359.46000000000004,410.72,12.16,1061.07,192.34000000000003,622.16,921.27,6188.44,8715.86,2541.83,11798.19,12.03,2836.6,1098.59,4649.5,3226.12,7875.62,7505.93,3765.41,-1750.61,502.40000000000003,1110.98,51.25999999999999,10.858801122858782,5.66,2.09,0.54,0.0,0.0,8.271161704115874,12.334188506137707,25.912160727180055,28.15097141400841,16.024080193688146,20.9,18.82,0.0,1.87,0.54,9,2003,0.0,871.9629629629629,470.86
2003-12-31,1312.1599999999999,108.75,0.12195700557271268,0.0,466.40999999999997,190.62,247.43999999999994,8.83,1121.54,190.79999999999995,599.05,749.63,8731.77,11022.0,2596.64,14233.37,23.93,78.59,3719.6,5755.17,4473.62,10228.79,7556.73,3905.55,-2806.51,115.61999999999999,2809.1899999999996,56.82000000000001,18.107815862068968,3.99,2.62,0.65,0.0,0.0,3.054553924190404,4.975845827366677,11.137489001224962,12.203205603768053,6.5819257776780935,16.19,15.2,0.0,1.92,0.4,12,2003,0.0,891.7076923076924,579.61
2004-03-31,1032.02,77.88,0.08,0.15,351.67,119.99,171.41,8.1,912.04,110.32,2574.37,1179.91,11770.48,16377.62,2587.87,19582.84,26.8,4179.46,1163.9,7055.68,5710.53,12766.21,7365.23,6706.94,-2960.8,-23.42,4964.49,51.42,25.3125,2.08,1.9,0.08,0.15,1.88,1.6,3.32,4.64,6.24,3.84,7.66,7.55,0.0,2.32,0.65,3,2004,146.02499999999998,973.4999999999999,77.88
2004-06-30,1301.48,109.92000000000002,0.08779552715654952,0.033366613418530394,393.75999999999993,131.3,139.59,4.86,1170.17,120.74000000000001,630.89,1449.39,12984.21,16079.01,2619.35,19436.41,19.92,76.38,3480.27,5624.92,6890.96,12515.88,7368.14,6815.82,-1603.0999999999995,-99.14,-161.26000000000022,8.29,13.838973799126636,1.23,1.84,0.15,0.15,1.0,2.270977635782748,4.0034760383386585,6.461750798722044,8.568843450479235,4.261009584664537,8.12,8.05,0.0,2.86,0.55,6,2004,41.77500000000006,1252.0000000000002,187.8
2004-09-30,2256.8999999999996,188.42000000000002,0.1552554356493541,-0.004744564350645916,663.0500000000001,254.71,314.64,3.54,2002.19,240.91000000000003,492.7,1699.11,12495.53,15704.51,2599.52,19254.06,0.0,1800.65,1731.96,5170.45,7041.55,12212.0,7368.14,7004.23,554.4199999999996,-336.7,-392.83999999999924,59.93,5.700605562042246,0.87,1.74,0.31,0.15,0.48,3.906427090532135,6.530744776992186,10.757699218542342,14.003038647599809,7.191832438466854,8.29,8.2,0.0,3.04,0.62,9,2004,-5.758064516129053,1213.6129032258066,376.22
2004-12-31,2054.6900000000005,122.44999999999999,0.09085467343132732,0.014929680692577732,571.6099999999999,163.26999999999998,227.81000000000006,3.2,1891.4199999999996,189.24,336.88,1689.1,12875.96,15673.94,2530.2,19273.6,0.0,110.88,3236.25,5272.34,6872.98,12145.32,7368.14,7126.69,-10.420000000000073,-64.90999999999997,-75.32999999999993,64.54,8.80664659044508,0.77,1.7,0.37,0.15,0.41,2.5439308560771647,3.9190286161188763,6.875488800208554,8.879202679126474,4.694976637856699,7.59,7.5,0.0,2.97,0.53,12,2004,20.121578029642535,1347.7567567567569,498.67
2005-03-31,1952.01,130.4,0.09,0.0,522.08,180.51,207.54,3.2,1771.5,180.78,952.77,1852.12,12622.38,16301.58,2504.08,19934.15,0.0,93.3,4770.01,6531.69,6156.99,12688.68,7368.14,7257.08,-149.72,-51.6,816.07,27.03,8.89,0.76,1.75,0.09,0.0,0.0,2.6,3.64,7.2,7.48,5.4,6.76,6.68,0.0,2.5,0.56,3,2005,0.0,1448.888888888889,130.4
2005-06-30,2371.1399999999994,457.64,0.31129855111897153,0.16,409.69999999999993,592.3100000000001,576.4300000000001,3.06,1778.8200000000002,61.22,1601.91,2196.53,12789.09,17562.51,534.25,19507.47,0.0,101.57,4903.54,6773.7,5291.36,12065.05,7368.14,7478.94,-286.34000000000003,640.19,350.89,-15.88,2.457447994056464,0.7,1.61,0.4,0.16,0.4,9.370086388681042,12.35855247942317,24.46806611795116,25.619870757091356,18.895822052921574,15.6,13.6,0.0,2.59,0.7,6,2005,235.21599999999998,1470.1,588.04
2005-09-30,2704.8100000000004,112.21000000000004,0.07691652981078188,-0.0012333880756872277,669.98,253.32000000000005,263.71000000000004,2.84,2451.4999999999995,220.18,1341.73,2717.49,12307.12,17190.23,593.44,19314.65,0.0,104.58,4333.39,6279.5,5498.96,11778.46,7368.14,7590.04,69.43,31.269999999999982,-361.83000000000004,10.389999999999999,9.235986097495763,0.64,1.55,0.48,0.16,0.33,2.326725026776152,3.409966154944664,5.9161630846126405,6.153322384862551,5.044442413423779,10.84,9.96,0.0,2.74,0.78,9,2005,-1.7993333333332941,1458.8541666666667,700.25
2005-12-31,3489.3,203.33000000000004,0.13726653976404968,0.0024221799213498844,865.55,348.6299999999999,426.67999999999984,2.74,3140.6800000000003,349.21,1248.74,2574.79,11542.92,16204.63,567.54,18321.8,0.0,71.5,3336.46,5495.7,5082.86,10578.56,7368.14,7792.81,1282.08,-148.69,-1224.27,78.05000000000001,4.9882877588157175,0.61,1.36,0.61,0.16,0.26,4.437534695323048,6.579792824099692,10.441258106642469,10.900313419951749,9.649162664069591,9.12,8.59,0.0,2.95,0.85,12,2005,3.5879234972677523,1481.2786885245903,903.58
2006-03-31,2411.66,134.68,0.09,0.22,655.2,177.22,204.4,3.88,2234.45,155.82,878.12,3258.06,11610.81,16531.1,583.92,18672.51,0.0,566.74,5441.37,7813.49,2989.55,10803.04,7368.14,7927.49,-393.2,-20.59,43.17,27.18,10.7775,0.84,1.36,0.09,0.22,2.44,2.88,3.68,6.8,7.08,6.5200000000000005,5.64,5.58,0.0,2.12,0.63,3,2006,329.2177777777778,1496.4444444444446,134.68
2006-06-30,2782.9400000000005,101.22999999999999,0.06865669111101691,-0.0032836439508475597,818.8599999999999,190.4,237.11999999999998,2.98,2592.5299999999997,158.70999999999998,629.79,3117.41,11886.81,16266.56,599.02,18510.54,0.0,667.84,4860.01,7358.39,3518.85,10877.23,7368.14,7703.97,343.61,-34.97,-556.9699999999999,46.720000000000006,10.85400400079028,0.67,1.41,0.16,0.22,1.38,2.1798499427747866,3.3126853461065657,5.252236869992793,5.338057733881564,5.664177016658894,4.59,4.54,0.0,2.21,0.6,6,2006,-4.841527777777799,1474.4375,235.91
2006-09-30,3029.59,91.31000000000003,0.061390501803068286,0.001911939979218874,854.2600000000002,262.17999999999995,310.43000000000006,3.4,2767.4100000000008,220.01,1017.17,2324.18,11600.5,15756.6,452.86,18365.59,0.0,661.46,5074.07,7821.88,2834.74,10656.62,6307.13,7793.04,1329.52,-210.01999999999998,-732.1200000000001,48.25,13.841717774613947,0.64,1.37,0.22,0.22,1.0,1.9868198765356646,3.7280777458590557,4.68800195587067,4.743811502964367,6.663659922987594,4.03,3.98,0.0,2.01,0.53,9,2006,2.84375,1487.3636363636365,327.22
2006-12-31,3257.9399999999987,77.02999999999997,0.0514486085343228,0.0014486085343227808,829.4199999999996,229.88,238.6099999999999,3.2,3028.0600000000004,187.88,1299.4,2028.08,11318.91,15529.64,399.92,18105.8,0.0,640.04,4308.62,7206.6,3116.16,10322.76,6307.13,7870.07,944.6200000000001,58.94,-721.3399999999999,8.72999999999999,15.547067700895761,0.6,1.31,0.27,0.22,0.81,1.6997095856524422,3.597591589363016,3.9177162646876913,3.93296029684601,6.0137706864563985,3.57,3.52,0.0,2.15,0.58,12,2006,2.16888888888883,1497.2222222222222,404.25
2007-03-31,2689.68,41.52,0.03,0.0,713.45,123.9,169.03,2.9,2565.78,88.8,1394.38,1863.19,11701.56,15800.66,397.97,18390.9,0.0,855.84,4406.74,7541.69,3020.94,10562.63,6307.13,7914.38,194.74,-15.74,-84.01,45.13,24.1675,0.54,1.33,0.03,0.0,0.0,0.92,2.6800000000000006,2.08,2.08,4.56,1.56,1.54,0.0,2.1,0.54,3,2007,0.0,1384.0000000000002,41.52
2007-06-30,2921.19,45.76,0.031457378551787346,0.13,821.3699999999999,144.87999999999997,181.17,3.58,2776.2999999999997,140.51,1309.28,2026.79,12810.81,16969.06,400.18,19631.05,0.0,790.02,4269.43,8081.79,3849.05,11930.85,6307.13,7772.48,-577.86,-27.449999999999996,520.21,36.29,28.452784090909095,0.68,1.54,0.06,0.13,2.17,0.9227497708524289,2.9569935838680106,2.3488175985334556,2.3697891842346466,4.886379468377635,1.58,1.56,0.0,2.1,0.51,6,2007,189.10666666666668,1454.6666666666667,87.28
2007-09-30,3091.8,129.79,0.08968765835905466,-0.0006767402220481844,871.45,213.96000000000004,262.49000000000007,3.64,2877.8500000000004,183.07,1317.75,1951.98,13968.87,17890.86,456.25,20614.5,0.0,832.65,4178.68,8341.85,4464.72,12806.58,6307.13,7900.03,-272.59000000000003,-99.87,361.93,48.52999999999999,10.147717274058094,0.68,1.62,0.15,0.13,0.87,2.5112544340535314,5.931343806145483,6.577094946330677,6.624928364122172,9.39926659602893,2.52,2.49,0.0,2.14,0.47,9,2007,-0.9793333333333294,1447.1333333333334,217.07
2007-12-31,5185.870000000001,490.85999999999996,0.33281934654556244,0.002443433672820728,1534.3899999999999,658.49,718.46,3.6,4527.379999999999,547.99,1805.07,2295.48,13245.26,18326.68,655.76,21068.38,0.0,644.6,3345.64,8511.55,4210.58,12722.13,6307.13,8392.01,853.94,-194.04000000000002,-226.58000000000004,59.97,2.7041697225278085,0.63,1.52,0.48,0.13,0.27,9.318941703275748,16.16947325300524,23.408294040371224,24.15713757009874,25.21106550082635,5.22,5.1,0.0,2.15,0.6,12,2007,3.6037083333332873,1474.8541666666665,707.93
2008-03-31,2577.97,-253.67,-0.18,0.0,648.26,-211.35,-169.46,4.04,2789.32,136.74,2107.81,2018.03,14069.88,18927.97,660.17,21645.97,0.0,699.62,4752.13,9235.94,4322.61,13558.55,6307.13,8139.46,-158.07,-106.41,567.21,41.89,-5.61,0.73,1.67,-0.18,0.0,0.0,-4.68,-4.24,-12.48,-12.64,-6.8,-9.96,-9.84,0.0,2.05,0.53,3,2008,0.0,1409.2777777777778,-253.67
2008-06-30,3373.56,178.64999999999998,0.11906824846707544,0.23,960.06,371.25,416.98,2.92,3002.31,388.15999999999997,1708.15,1925.1,14611.96,19445.17,677.58,22050.7,0.0,680.83,5015.82,9480.87,4623.7,14104.57,6307.13,7976.95,-444.38000000000005,-46.91,91.63,45.730000000000004,6.130937587461517,0.54,1.77,-0.05,0.23,-4.6,3.2386563583044516,-7.334604105571848,8.953932284724072,9.049186883497732,-12.097334044254865,-1.28,-1.26,0.0,2.05,0.51,6,2008,345.092,1500.3999999999999,-75.02
2008-09-30,4216.2699999999995,511.35999999999996,0.351579043864876,-0.0072636017784296555,1315.7500000000002,733.41,779.1700000000001,2.14,3482.8599999999997,719.57,1325.91,2375.49,15303.22,20344.97,663.73,23059.72,0.0,807.92,5808.44,9969.78,4611.77,14581.54,6307.13,8487.2,-809.52,-159.3,586.6,45.75999999999999,1.520995091520651,0.37,1.72,0.3,0.23,0.77,8.859791905394875,19.172777192097904,24.094883806206166,24.985550717330522,31.97025438877939,4.33,4.29,0.0,2.04,0.51,9,2008,-10.564666666666653,1454.4666666666667,436.34
2008-12-31,5009.890000000001,477.27000000000004,0.32388809229321047,0.002980870758128025,1672.1399999999999,841.6000000000001,883.25,1.72,4168.290000000001,898.6299999999999,1975.63,2220.22,15517.69,20896.92,542.8,23492.04,0.0,803.38,4758.65,8664.63,5872.65,14537.28,6307.13,8963.35,642.9100000000001,-32.79000000000002,39.59999999999991,41.650000000000006,1.3256121796886458,0.28,1.62,0.62,0.23,0.37,8.128546316261863,16.277988638478124,21.29303006753429,22.00349426998391,24.44832696664879,6.08,6.02,0.0,2.41,0.62,12,2008,4.392505376344104,1473.5645161290322,913.61
2009-03-31,2949.94,118.98,0.08,0.3,747.28,251.78,297.05,1.59,2698.17,251.7,2183.26,2128.34,16087.19,21381.36,587.07,24009.93,0.0,796.73,5906.4,9926.14,5011.08,14937.22,6307.13,9080.66,135.33,-59.81,132.11,45.27,4.97,0.26,1.64,0.08,0.3,3.75,2.0,4.4,5.24,5.52,7.16,4.07,4.03,0.0,2.15,0.53,3,2009,446.175,1487.25,118.98
2009-06-30,3642.98,386.78999999999996,0.26001660833975915,6.22812740969031e-05,1120.81,565.2900000000001,607.8199999999999,2.86,3077.6899999999996,591.99,2833.12,2412.52,15614.87,21968.25,586.44,24543.94,0.0,695.02,6774.41,10475.48,5051.51,15526.99,6307.13,9024.25,337.93999999999994,-34.08,346.0,42.529999999999994,2.749247459861941,0.47,1.72,0.34,0.3,0.88,6.301578978587105,10.737156414971231,17.13050596120766,18.201162583783145,17.77289993475295,7.76,7.67,2.74,2.1,0.61,6,2009,0.092647058823502,1487.5588235294117,505.77
2009-09-30,4524.4400000000005,502.21000000000004,0.3387991825234628,-0.00105954483223873,1399.39,794.37,850.2299999999999,4.4,3730.0600000000004,838.73,2379.94,3083.66,15368.8,22127.25,919.21,24898.68,0.0,856.51,6402.56,10162.72,5213.65,15376.37,6307.13,9529.61,-123.14999999999998,33.09,-364.61,55.86,3.2464659206308113,0.68,1.61,0.68,0.3,0.44,8.071392289529554,13.392532391515704,21.085266771166093,22.300957955514992,21.802723863568723,9.16,9.07,3.59,2.18,0.67,9,2009,-1.5705882352941103,1482.3235294117646,1007.98
2009-12-31,6379.93,599.56,0.40653445637433594,-0.0015289163054400662,1986.69,1073.19,1108.77,4.28,5306.74,1335.9,3401.99,3595.42,13565.73,21635.08,1015.63,25374.66,0.0,795.42,5228.83,10043.74,5206.81,15250.56,6307.13,10130.57,1690.62,-296.84,-372.01,35.58000000000001,2.6342785542731337,0.62,1.51,1.09,0.3,0.28,9.45845304004877,16.39564651579432,23.675969991415453,25.12308346915162,26.122636077484852,9.27,9.19,5.78,2.15,0.8,12,2009,-2.254856988667086,1474.8073394495411,1607.54
2010-03-31,4321.54,338.37,0.23,0.52,1299.99,624.14,672.46,4.92,3697.4,677.82,3995.38,1975.68,16225.04,23363.38,1063.11,27167.64,0.0,690.6,5015.26,9867.37,6854.71,16722.08,6307.13,10451.35,-612.99,-110.88,1347.21,48.32,5.3475,0.69,1.6,0.23,0.52,2.26,5.0,9.76,12.959999999999999,13.839999999999998,14.44,7.88,7.83,5.98,2.37,0.72,3,2010,765.0104347826087,1471.1739130434783,338.37
2010-06-30,4186.95,239.17999999999995,0.1615101722794563,0.003414302544857705,1261.66,459.7800000000001,505.3699999999999,5.1,3727.18,522.33,3813.16,2129.6,16167.8,23927.96,1148.87,27662.96,0.0,719.21,3732.1,8292.07,9446.95,17739.02,6307.13,9924.53,-527.8799999999999,-109.53999999999999,444.26,45.589999999999996,7.896097081695795,0.76,1.79,0.39,0.52,1.33,3.4621154878365505,6.8745355380486535,9.640914899142931,10.104738983637777,9.276481689896977,6.84,6.79,5.09,2.89,0.94,6,2010,5.0562318840578655,1480.8974358974358,577.55
2010-09-30,3472.7000000000007,247.92000000000007,0.1681892739893637,-0.002414301347515128,1157.9299999999998,441.76,497.28,6.1,3030.9300000000003,421.5799999999999,2147.74,2787.1,18713.39,25270.16,1293.71,28716.49,195.0,946.61,4722.79,8523.07,9962.48,18485.55,6353.74,10231.34,-2234.46,-169.42,743.7299999999998,55.52000000000001,9.06478733059051,0.89,1.81,0.56,0.52,0.93,3.4478801167819553,6.835692635710567,9.69491029352975,10.031288841508475,9.082220795425638,6.95,6.89,4.08,2.96,0.77,9,2010,-3.5588095238094866,1474.0535714285713,825.47
2010-12-31,6773.769999999999,1072.26,0.7232286995515695,0.0029980781550288773,2335.04,1319.9199999999998,1371.43,5.55,5453.85,1392.1399999999999,3331.31,50.4,22339.2,27693.96,1389.5,31190.46,215.0,804.69,5455.06,10746.63,10996.16,21742.79,6379.91,9447.8,767.48,-10.110000000000014,397.60000000000036,51.50999999999999,1.9202777777777778,0.88,2.3,1.28,0.52,0.41,13.74134529147982,22.73650224215247,45.40520179372197,43.823139013452916,31.460448430493276,10.21,10.12,5.27,2.58,0.5,12,2010,4.4449553571429306,1482.6015625,1897.73
2011-03-31,3639.32,216.21,0.12,0.0,1220.63,412.82,477.3,5.7,3226.5,387.75,2335.64,86.5,23548.46,28110.52,1465.26,31593.89,183.0,1179.46,6494.7,11902.69,9968.29,21870.98,6445.51,9722.8,-694.34,-129.08,-179.61,64.48,11.875,0.88,2.25,0.12,0.0,0.0,2.72,5.64,8.88,8.56,8.4,5.98,5.94,1.84,2.36,0.38,3,2011,0.0,1801.7500000000002,216.21
2011-06-30,4324.379999999999,320.03,0.1850091376995375,0.12,1377.5899999999997,531.53,611.5800000000002,4.72,3792.8500000000004,479.45000000000005,1517.66,42.58,24614.22,29461.23,1422.17,32863.69,421.0,994.83,8029.97,13513.4,9477.5,22990.89,7519.74,9872.49,-1701.06,-37.28999999999999,913.04,80.05,6.37982001687342,0.84,2.33,0.31,0.12,0.38,3.8911599283902727,7.448109801581381,12.962575712367594,12.938703565567655,11.649607638370876,6.8,6.73,2.23,2.18,0.36,6,2011,207.57677419354837,1729.8064516129032,536.24
2011-09-30,4934.320000000001,413.79999999999995,0.06097848511641615,0.0894110264966772,1546.1399999999999,646.85,721.6399999999999,4.8,4287.469999999999,619.19,1519.1,43.14,27084.03,32277.92,1505.45,35782.86,1266.6,1626.29,8457.68,15534.9,9941.88,25476.78,7546.95,10305.59,-1407.0899999999997,-152.08999999999997,1564.1000000000004,74.78999999999999,19.681531899468343,0.82,2.47,0.14,0.12,0.84,4.634364868847627,8.589255189255187,16.06347522209591,16.11574249505284,13.694025514715168,7.43,7.37,2.53,2.08,0.33,9,2011,606.7432258064514,6785.999999999999,950.04
2011-12-31,7794.149999999998,1065.04,0.15327510570299938,0.002807233459713788,2888.0600000000004,1425.64,1477.44,1.22,6368.5,1380.1299999999999,2863.36,47.55,25616.04,32293.33,1880.79,36237.68,1246.6,974.68,8830.69,14868.29,9991.66,24859.95,7546.95,11377.25,836.25,-109.63,610.3999999999996,51.80000000000001,1.991354033651318,0.76,2.19,0.29,0.12,0.41,11.754615002878296,18.921547531611647,37.44140857931199,40.90859717728328,29.851648172777256,9.81,9.74,3.4,2.17,0.45,12,2011,19.50620689655193,6948.551724137931,2015.08
2012-03-31,5181.89,340.27,0.05,0.14,1735.23,522.02,582.55,1.96,4659.88,450.38,2762.08,53.33,27390.94,34640.45,1947.44,38651.94,1446.6,1513.53,9759.63,16692.17,10112.59,26804.76,7650.58,11846.56,-1971.47,-23.47,1905.9,60.53,9.8,1.18,2.26,0.05,0.14,2.8,3.52,5.96,11.48,12.64,9.52,6.66,6.57,1.89,2.08,0.43,3,2012,952.7560000000001,6805.4,340.27
2012-06-30,5551.249999999999,450.0,0.06263682032722993,0.007383096916243814,1828.96,705.78,762.9000000000001,2.12,4845.46,630.7600000000001,2532.43,58.25,31804.04,37763.67,2113.65,41874.9,3135.6,1982.01,10323.58,19638.2,10857.53,30495.73,7727.88,11378.47,-954.2699999999998,-202.42,924.9699999999998,57.120000000000005,8.460279388888889,1.35,2.68,0.11,0.14,1.27,4.304857833398712,7.493641413694054,15.830032773609021,16.94610702671239,12.572918116593062,7.46,7.36,1.9,1.92,0.3,6,2012,53.0421818181818,7184.272727272727,790.27
2012-09-30,5297.41,409.24,0.05799934973447492,-0.002546282156122862,1802.23,554.23,626.71,2.86,4743.18,465.53999999999996,2083.08,48.9,36044.24,41151.55,2218.85,45001.53,1528.6,2233.94,13560.41,21660.36,10855.97,32516.33,7781.23,12484.46,-2161.41,-308.11,2000.0,72.47999999999999,12.325138182973316,1.67,2.6,0.17,0.14,0.82,3.6437238539070123,6.018285466565515,13.114676492901268,14.3701918283299,10.412589140565732,7.59,7.48,1.84,1.9,0.24,9,2012,-17.96641711229961,7055.941176470587,1199.51
2012-12-31,14056.23,1819.0200000000002,0.2470733105186962,0.005825079250691021,4577.82,2438.8600000000006,2531.12,3.52,11617.380000000001,2337.96,3408.46,41.19,34266.53,41073.42,2356.1,46106.29,1828.0,1800.05,9758.46,18173.05,13097.3,31270.34,8434.26,14835.17,2353.7299999999996,-87.83000000000004,-932.2999999999997,92.25999999999999,3.5636184181592285,1.87,2.11,0.41,0.14,0.34,15.788587159975222,24.70733105186962,49.0530914054192,55.513154548737305,36.42222167743902,10.12,10.03,3.58,2.26,0.37,12,2012,42.885796269727734,7362.2682926829275,3018.53
2013-03-31,5214.85,-86.47,-0.01,0.17,1633.13,59.24,142.14,4.78,5155.61,-27.87,2589.98,58.38,38035.06,44922.32,2565.87,50417.07,2178.0,1828.34,9719.42,18303.22,16357.98,34661.21,8971.35,15755.04,-4605.48,-321.18,4143.34,82.9,-119.49999999999999,2.54,2.2,-0.01,0.17,-17.0,-0.68,0.52,-2.2,-2.52,0.72,-1.69,-1.66,0.27,2.45,0.38,3,2013,1469.99,8647.0,-86.47
2013-06-30,7718.799999999999,520.96,0.05995074685263183,0.0008373035052590471,2432.1,775.16,961.13,3.12,6943.64,611.04,2295.49,50.0,38459.4,46764.97,2847.08,52760.78,3728.0,1788.72,9986.3,19790.65,17461.83,37252.48,9743.76,15507.54,-1506.8500000000004,-441.99999999999994,1630.6800000000003,185.97,13.010680282555281,1.83,2.4,0.05,0.17,3.4,3.9327689935326475,8.441065156850561,13.428967294989528,15.491272986720064,12.134031162972681,3.43,3.36,1.46,2.36,0.42,6,2013,7.276000000000067,8689.8,434.49
2013-09-30,7134.210000000001,438.28999999999996,0.05021769518091615,0.0007401636151148983,2229.3799999999997,708.12,575.5999999999999,2.3,6426.09,615.7400000000001,1510.79,48.37,44164.84,51123.02,2536.62,56893.47,4310.0,2062.36,8893.59,19752.53,21171.73,40924.26,10198.46,15968.94,-3923.25,338.2699999999999,2775.5499999999993,-132.52,11.450147162837391,1.37,2.56,0.1,0.17,1.7,3.0733229450720683,6.086384655927037,10.987631705584453,12.31337885836064,8.336137400032081,4.42,4.35,1.58,2.59,0.35,9,2013,6.459999999999809,8727.8,872.78
2013-12-31,8936.48,1056.89,0.11501806008281208,0.008530702140780586,3034.6500000000005,1386.6100000000001,1486.7000000000003,1.79,7549.869999999999,1322.7,2119.57,44.52,45621.39,52957.24,2699.54,60039.89,3550.0,2250.62,8303.57,19388.33,23583.96,42972.29,10200.88,17067.41,446.52000000000044,-389.86999999999995,542.9799999999996,100.09,3.8889544796525657,1.0,2.52,0.21,0.17,0.81,7.03253281649194,12.09332746013567,24.778176372125806,26.50892432384812,15.795813584706195,6.75,6.65,1.98,2.73,0.38,12,2013,78.38780952380989,9188.904761904763,1929.67
2014-03-31,5515.8,829.98,0.09,0.1,1404.76,1186.08,1260.49,1.89,4329.72,25.3,2500.46,49.41,51889.49,59276.23,2490.67,65705.22,3420.0,3050.16,11554.7,23503.01,24270.55,47773.56,10231.9,17931.47,-4415.95,1470.93,3329.04,74.41,5.25,1.01,2.66,0.09,0.1,1.11,5.04,8.16,18.52,19.72,11.24,19.06,15.05,2.61,2.52,0.31,3,2014,922.2,9222.0,829.98
2014-06-30,6144.28,537.5999999999999,0.05503444039836791,0.005593822664853242,1972.3999999999999,787.49,869.4799999999998,2.02,5356.79,723.48,2042.82,49.72,54490.1,60986.36,2463.9,67423.2,3900.0,2847.98,14247.02,26822.38,23028.06,49850.44,10267.64,17572.75,-916.5500000000002,-45.850000000000136,502.1199999999999,81.99000000000001,9.176980747767857,1.1,2.84,0.14,0.1,0.71,3.1919975431053387,5.157513271618479,12.233369894265783,13.003852059842933,7.641925152459088,13.11,11.73,2.01,2.27,0.24,6,2014,54.64285714285711,9768.42857142857,1367.58
2014-09-30,7383.530000000001,793.9099999999999,0.07713248731199311,0.005094633794280797,2397.67,1153.41,1206.3200000000002,2.24,6230.119999999999,1055.3500000000001,2279.58,45.46,57043.37,63640.09,2420.98,70028.73,4400.0,2630.45,16250.38,29499.61,21531.99,51031.6,10322.84,18997.12,-916.8800000000001,-12.730000000000018,1173.7600000000002,52.91,7.262504030683579,1.14,2.69,0.21,0.1,0.48,4.539797824648737,7.243107856154782,16.71938486877108,18.159191298594948,11.342148610449271,12.2,11.35,2.13,2.16,0.22,9,2014,52.43809523809523,10292.809523809523,2161.49
2014-12-31,10485.11,1231.65,0.1197841822029153,-0.00010277037956414396,3413.3999999999996,1849.0400000000004,2069.79,1.7,8636.06,1877.96,3051.29,51.13,57049.29,65280.52,2434.26,73147.16,3600.0,2009.54,15517.12,27568.46,20762.5,48330.96,14581.89,24815.0,277.53999999999996,-1317.3999999999999,1821.8199999999997,220.75,3.547004221978647,0.93,1.95,0.33,0.1,0.3,6.736952792988205,10.845913224918514,19.847876008652754,23.52125759620882,15.855069935222245,12.08,11.49,2.54,2.37,0.3,12,2014,-1.0567099567099376,10282.242424242424,3393.14
2015-03-31,6970.82,540.66,0.04,0.12,1926.08,890.3,948.28,1.85,6080.52,614.29,2606.93,51.08,60095.54,67155.83,2437.98,75164.15,2266.0,1802.83,17114.16,27809.64,21500.28,49309.91,15271.98,25853.14,-1241.3,367.75,455.27,57.98,11.5625,1.02,1.91,0.04,0.12,3.0,2.88,5.04,8.36,9.88,7.52,8.33,7.76,2.02,2.41,0.25,3,2015,1621.9799999999998,13516.499999999998,540.66
2015-06-30,10167.349999999999,901.2600000000001,0.06250416111850866,0.007512483355525986,2681.0699999999997,1391.1000000000001,1448.7099999999998,1.79,8776.25,988.02,2223.93,134.14,58470.99,64684.14,2446.39,73303.85,2466.0,1802.64,13467.97,24614.67,23560.33,48175.0,15273.68,25127.85,3502.5199999999995,-733.49,-3233.36,57.61000000000001,7.159523333999067,1.02,1.92,0.1,0.12,1.2,4.925327896138483,8.100539280958722,14.350955392809588,16.876123501997338,11.725780625832225,8.85,8.41,2.49,2.63,0.25,6,2015,108.3240000000003,14419.2,1441.92
2015-09-30,10942.570000000003,1061.5499999999997,0.07632565998394227,-0.004409208019269276,3007.96,1611.44,1667.4700000000003,1.7,9331.130000000001,1273.77,2599.03,102.71,55435.76,62264.27,2453.27,70939.43,2566.0,1433.35,12543.96,22194.47,22495.11,44689.58,15285.49,26248.94,3342.0900000000006,-205.48000000000002,-2798.5299999999997,56.03,5.565624982337149,0.93,1.7,0.18,0.12,0.67,5.987323994295916,9.362614291363585,16.18103991659576,18.7761123560498,13.552044961593307,9.32,8.92,2.89,2.81,0.31,9,2015,-61.3240000000003,13908.166666666666,2503.47
2015-12-31,10374.509999999998,1002.4500000000003,0.0714826636089814,0.0009884424059875996,3226.1099999999997,1582.8499999999995,1681.9899999999998,1.52,8791.669999999998,1505.0600000000004,2671.77,81.17,51045.24,59134.54,2439.8,69451.02,1966.0,1371.14,10757.41,19949.3,22303.27,42252.57,15285.49,27197.61,3900.12,-683.8599999999999,-3106.1600000000008,99.13999999999999,5.315974263055513,0.8,1.55,0.25,0.12,0.48,5.775799219605696,8.783789704271634,14.742584542716324,15.417380887185109,12.649572152245348,9.49,9.12,3.11,2.96,0.41,12,2015,13.86160000000018,14023.68,3505.92
2016-03-31,7685.76,556.09,0.04,0.12,2245.38,884.49,939.19,1.53,6801.27,848.76,2651.13,70.54,51497.71,59473.47,2190.71,69627.49,3776.0,1377.75,9518.79,19864.15,22069.36,41933.52,15285.49,27692.96,161.37,98.68,-213.78,54.7,9.5625,0.79,1.51,0.04,0.12,3.0,3.1999999999999997,4.879999999999999,8.04,8.32,7.12,7.34,7.24,2.27,2.99,0.4,3,2016,1668.27,13902.25,556.09
2016-06-30,8237.86,622.34,0.042248754699048735,0.006746264097146203,2463.74,982.8699999999999,1036.77,1.85,7254.99,912.3800000000001,1931.83,91.6,50318.84,57510.65,2153.28,68054.08,3076.0,1396.5,12037.96,21733.2,19790.18,41523.38,15285.49,26529.73,2608.19,-607.29,-2642.74,53.89999999999999,10.94943515602404,1.0,1.57,0.08,0.12,1.5,3.654517281467715,5.576835620274434,9.37922354318882,9.632716071383111,8.513124071858321,7.5,7.4,2.49,2.65,0.33,6,2016,99.375,14730.375,1178.43
2016-09-30,6784.289999999999,603.21,0.04062840977975348,0.040942614669630256,1975.9000000000005,912.9000000000003,964.8600000000001,1.74,5871.390000000001,712.6699999999998,5492.55,214.97,49558.4,59989.55,2117.78,71319.01,5516.2,1341.57,11053.33,23283.72,21519.18,44802.9,15285.49,26515.36,3158.48,-863.5600000000001,1317.1299999999999,51.96000000000001,10.70679365395136,0.94,1.69,0.12,0.16,1.33,3.385700814979457,5.295236074627871,9.10076379066478,9.141392200444534,7.841283087492423,7.98,7.85,2.66,2.58,0.45,9,2016,607.8750000000005,14847.000000000002,1781.64
2016-12-31,11687.170000000002,1598.7899999999997,0.11350910978780804,-0.008654520282922625,3632.49,2159.38,2257.02,1.66,9527.789999999997,2016.0000000000005,3540.86,170.5,49057.24,57289.5,2079.66,72774.04,4316.0,1349.36,9776.01,21290.18,23387.84,44678.02,15285.49,28095.41,2583.3499999999995,-1226.5900000000001,-3286.5099999999993,97.63999999999999,3.6578561912446292,0.84,1.59,0.24,0.16,0.67,8.796956008555124,13.148138550421098,22.758576512455512,23.136940211748207,18.142539381084653,10.0,9.83,3.47,2.69,0.39,12,2016,-121.90000000000055,14085.125,3380.43
2017-03-31,7124.02,511.16,0.04,0.08,2125.44,845.58,897.07,2.04,6278.44,947.53,2400.66,132.29,51458.79,58591.83,2044.48,74762.73,4816.0,1357.68,14676.65,26097.84,20075.92,46173.76,15285.49,28587.8,-2195.74,-588.98,1666.49,51.49,12.75,1.02,1.62,0.04,0.08,2.0,2.72,4.68,7.16,7.28,6.96,7.31,7.18,2.7,2.25,0.27,3,2017,1022.32,12779.0,511.16
2017-06-30,8660.09,805.0999999999999,0.05504915442237855,0.01009830884475712,2620.82,1267.6800000000003,1319.79,2.26,7392.400000000001,1230.59,3453.73,108.18,53204.17,59851.52,2066.25,76296.21,5416.0,1474.6,12747.53,25538.69,22468.64,48007.33,15285.49,28278.38,2013.9399999999998,-354.68999999999994,-631.29,52.10999999999999,10.263100422307788,1.14,1.7,0.09,0.08,0.89,4.232668317809551,7.168623220336407,11.376825247291567,11.743819610107424,10.177976995426434,8.48,8.34,2.84,2.34,0.26,6,2017,147.68888888888898,14625.111111111111,1316.26
2017-09-30,7344.889999999999,729.6400000000001,0.04992893103279731,0.04993682758470871,2329.2,1086.1499999999996,1140.7799999999997,2.28,6258.75,829.9000000000001,2748.98,421.71,53271.39,61344.74,2059.42,77658.58,3900.0,1296.95,16104.06,27966.89,21282.31,49249.2,15285.49,28419.69,-449.47999999999996,-475.0300000000001,196.53999999999996,54.629999999999995,11.419231059152459,1.15,1.73,0.14,0.13,0.93,3.7518025318930546,6.1341258126008125,10.271094383889732,10.627729605552569,9.186923310034706,8.99,8.85,3.32,2.19,0.29,9,2017,729.7553968253967,14613.571428571428,2045.9
