,revenue,net_profit,eps,dps,gross_profit,ebit,ebitda,close_price,allowance_doubtful_accounts,expense,operating_profit,cash,account_receivable,inventory,current_asset,property_plant_equipment,total_asset,short_term_loan,account_payable,current_portion_long_term_debt,current_liability,non_current_liability,total_liability,paid_in_capital,total_equity,cash_flow_operation,cash_flow_investment,cash_flow_financing,depreciation,P/E,P/BV,D/E,EPS,DPS,DPR%,ROA%,ROAA%,ROE%,ROAE%,ROCE%,NPM%,NPMA%,CurrentRatio,QuickRatio,month,year,dividend,number_of_shares,return_old
2000-03-31,899.67,-122.97,-3.07,0.0,201.9,10.9,85.39,14.25,0.0,888.78,4.88,385.04,778.88,512.08,2412.82,4332.29,7407.85,26.8,425.87,71.73,723.29,6655.76,7379.05,400.0,-108.34,-173.88,-11.08,-0.78,74.49,-1.16,-5.26,-68.11,-3.07,0.0,0.0,-6.64,0.0,454.0,0.0,0.64,-14.39,-13.67,3.34,2.63,3,2000,0.0,40.05537459283388,-122.97
2000-06-30,878.1,-115.58000000000001,-0.925415216935653,0.0,196.76000000000002,-22.36,38.92,7.3,0.0,900.45,44.05,460.17,736.21,520.6,2304.07,4149.32,8025.17,26.26,468.82,529.54,1168.61,3322.13,4490.74,2857.14,3395.77,108.71,5.3,-9.780000000000001,61.280000000000015,-1.971061169752552,0.61,1.32,-1.91,0.0,0.0,-5.755985747222805,0.0,-13.605057220708447,0.0,-0.3294671976524838,-14.06,-13.42,1.97,1.53,6,2000,0.0,124.89528795811519,-238.55
2000-09-30,932.46,-175.02999999999997,-0.9776084433483243,0.0,262.33,-89.85,-29.28,6.8,0.0,1022.31,110.81,338.89,750.16,517.09,1995.18,4082.46,7678.79,8.36,431.94,122.55,756.03,3572.96,4328.99,2857.14,3208.63,152.09,-54.92,-415.54,60.56999999999999,-1.7367382734388392,0.61,1.35,-2.31,0.0,0.0,-9.124345471251026,0.0,-21.820559021229265,0.0,-2.47152957106243,-15.9,-15.26,2.64,1.96,9,2000,0.0,179.03896103896102,-413.58
2000-12-31,929.4000000000001,-204.76000000000005,-0.9934340330562476,0.0,136.49,-121.32999999999998,67.80000000000001,5.4,0.0,1050.7200000000003,-44.58000000000001,549.42,715.44,504.16,2137.19,3998.08,7711.08,4.15,539.22,289.92,997.06,3422.83,4419.89,2857.14,3151.76,266.4,-7.030000000000001,-59.66999999999996,189.13000000000002,-1.3589226411408477,0.49,1.4,-3.0,0.0,0.0,-10.62312126014814,0.0,-25.988234304751433,0.0,-4.397601319662322,-17.49,-16.99,2.14,1.64,12,2000,0.0,206.11333333333334,-618.34
2001-03-31,898.54,-61.69,-0.02,0.0,236.18,9.56,106.05,3.8,0.0,888.98,87.83,344.55,771.37,534.88,2173.05,3931.08,7544.53,4.03,478.65,147.99,789.67,3513.29,4302.96,2857.14,3104.96,-38.58,78.87,-155.84,96.49,-47.5,0.35,1.39,-0.02,0.0,0.0,-3.28,0.52,-7.959999999999999,-16.48,0.56,-6.96,-6.87,2.75,2.07,3,2001,0.0,3084.5,-61.69
2001-06-30,970.9100000000001,-32.34,-0.11349781984473042,0.0,208.37,29.83,121.39999999999999,4.5,0.0,941.0899999999999,25.549999999999997,438.54,758.93,522.24,2209.16,3906.88,7560.09,0.0,519.68,160.81,881.37,3457.75,4339.12,2857.14,3083.23,162.84,-35.24,-69.56,91.57000000000001,-9.914727891156463,0.42,1.41,-0.33,0.0,0.0,-1.705906625545039,0.701622886312879,-4.1959800063809425,-3.989620333935978,0.8116813782835266,-5.17,-5.03,2.51,1.91,6,2001,0.0,284.93939393939394,-94.03
2001-09-30,965.6299999999999,117.21000000000001,0.40452113891285596,0.0,239.20999999999998,174.73000000000002,270.83,2.8,0.0,790.8900000000001,97.73000000000002,474.23,775.25,461.48,2221.04,3855.73,7512.96,399.36,0.0,158.59,764.54,3384.72,4149.26,2857.14,3204.99,106.49999999999999,-63.1,3.3400000000000034,96.10000000000002,1.7304410886443133,0.25,1.29,0.08,0.0,0.0,6.270077653149268,57.03748058671269,14.562761000862814,14.562761000862814,64.11660051768766,0.84,0.82,2.91,2.3,9,2001,0.0,289.75,23.18
2001-12-31,1057.5900000000001,101.41999999999999,0.3581444622792937,0.0,283.39,139.60000000000002,250.34000000000003,3.32,0.0,917.98,77.80000000000001,525.3,727.42,412.39,2370.56,3726.52,7493.95,0.0,450.73,210.54,820.68,3223.28,4043.96,2857.14,3286.02,323.43000000000006,-106.05,-75.63,110.73999999999995,2.3188966673239992,0.29,1.23,0.44,0.0,0.0,5.4047255216693415,15.139743178170145,12.339704654895666,12.600173354735151,17.25605136436597,3.3,3.2,2.89,2.39,12,2001,0.0,283.1818181818182,124.6
2002-03-31,915.4,87.7,0.31,0.0,185.56,118.84,217.34,6.95,0.0,796.56,41.32,823.1,696.3,460.97,2431.17,3646.31,7492.91,0.0,452.9,163.73,786.36,3159.01,3945.37,2857.14,3392.21,109.58,-56.24,-64.2,98.5,5.605,0.59,1.16,0.31,0.0,0.0,4.68,6.32,10.36,10.8,7.08,10.47,9.58,3.09,2.51,3,2002,0.0,282.90322580645164,87.7
2002-06-30,1136.3199999999997,200.86,0.7030378430828944,0.0,226.18,236.4,327.04999999999995,8.05,0.0,899.9200000000001,87.93,991.5,721.96,488.46,2647.88,3573.6,7527.88,0.0,515.65,178.52,853.09,2916.97,3770.06,2857.14,3597.16,159.91000000000003,104.49000000000001,-87.61999999999999,90.65,2.8624703773772775,0.64,1.05,1.01,0.0,0.0,10.663900748544497,13.11409204324924,22.330152481286387,24.05642362073746,14.812520099805933,15.81,14.06,3.1,2.53,6,2002,0.0,285.7029702970297,288.56
2002-09-30,1143.73,225.74999999999994,0.7900876903035133,0.0,253.14,265.91999999999996,399.69000000000005,6.15,0.0,877.81,66.28,705.71,710.52,520.52,2220.69,3820.04,7339.85,0.0,486.29,409.11,1031.33,2105.57,3136.9,2857.14,4038.05,195.37,105.03,-595.5899999999999,133.77,1.9478850498338873,0.44,0.78,1.8,0.0,0.0,12.30781046450584,14.678073535416381,22.36826038770391,24.931656005133085,17.294141665532457,18.57,16.1,2.15,1.65,9,2002,0.0,285.72777777777776,514.31
2002-12-31,1032.5200000000004,11.030000000000086,0.038632504663646705,0.0,230.51999999999998,44.530000000000086,175.28999999999985,7.85,0.0,987.9900000000002,30.060000000000002,544.64,632.63,469.08,1799.6,3723.55,6734.44,3.44,493.79,209.89,815.85,1789.39,2605.24,2857.14,3976.19,269.77,66.63999999999999,-497.4900000000001,130.76,50.843195829555356,0.56,0.66,1.84,0.0,0.0,0.6550729051661832,0.7860874861994198,1.1094247534929846,1.2152442227890605,0.9448166901435334,13.87,12.43,2.21,1.63,12,2002,0.0,285.5108695652174,525.34
2003-03-31,980.12,66.26,0.23,0.0,206.59,98.78,216.11,7.45,0.0,881.34,65.64,435.19,664.15,556.64,1812.13,3651.44,6694.17,3.44,570.9,208.28,921.2,1573.36,2494.57,2857.14,4053.91,115.95,-7.56,-204.81,117.33,8.0975,0.53,0.62,0.23,0.0,0.0,3.96,5.56,6.52,7.12,6.84,7.03,6.76,1.97,1.36,3,2003,0.0,288.0869565217391,66.26
2003-06-30,986.2600000000001,48.42,0.16888733868154868,0.0,180.32000000000002,74.0,193.82,8.15,0.0,912.2599999999999,37.040000000000006,419.15,684.95,576.26,1760.25,3574.56,6551.34,8.91,494.19,209.8,834.72,1449.1,2283.81,2857.14,4121.05,23.450000000000003,6.619999999999999,-116.30000000000001,119.82000000000001,12.067216026435359,0.57,0.55,0.4,0.0,0.0,2.9555284269271014,4.137739797697942,4.6950680153470525,5.015953958841995,5.100397628182769,6.06,5.83,2.11,1.42,6,2003,0.0,286.7,114.68
2003-09-30,944.8499999999999,9.219999999999999,0.031998385794995955,0.0,182.06,39.44999999999999,152.32999999999998,10.5,0.0,905.4000000000001,41.629999999999995,419.01,668.77,567.85,1730.72,3546.2,6411.05,25.83,494.11,213.3,882.8,1285.61,2168.42,2857.14,4080.96,178.72,-56.07,-122.07,112.87999999999997,82.04007592190891,0.74,0.53,0.43,0.0,0.0,0.5744826472962065,0.9197675544794187,0.9048845843422113,0.9078611783696527,1.14301210653753,4.37,4.26,1.96,1.32,9,2003,0.0,288.13953488372096,123.9
2003-12-31,1156.75,35.129999999999995,0.12370496132805131,0.0,220.68999999999994,63.099999999999994,189.01999999999998,9.0,0.0,1093.65,47.31,364.45,726.88,521.32,1678.24,3466.55,6272.28,18.98,548.88,214.26,907.31,1067.51,1974.82,2857.14,4128.02,183.77999999999997,-45.52,-195.59999999999997,125.92000000000002,18.18682109308284,0.62,0.48,0.56,0.0,0.0,2.244361441237502,3.737657045840407,3.4018864365214108,3.463738917185436,4.532903225806451,4.0,3.91,1.85,1.28,12,2003,0.0,283.98214285714283,159.03
2004-03-31,1091.69,66.46,0.23,0.0,221.43,89.29,211.09,7.65,0.0,1002.4,78.93,324.67,760.97,566.59,1721.19,3405.26,6278.53,15.12,618.43,213.81,972.66,942.42,1915.08,2857.14,4195.28,149.74,-73.46,-115.07,121.8,8.315,0.52,0.46,0.23,0.0,0.0,4.24,5.52,6.32,6.44,6.72,6.16,6.09,1.77,1.19,3,2004,0.0,288.9565217391304,66.46
2004-06-30,1148.0900000000001,84.62000000000002,0.2968533227429177,0.3,219.32,107.01,222.68999999999997,7.0,0.0,1041.0700000000002,38.5,387.85,811.3,658.56,1925.0,3379.49,6438.47,89.56,608.16,224.34,1142.16,919.48,2061.63,2857.14,4204.54,130.88,-45.150000000000006,-21.610000000000014,115.67999999999999,5.896262112975656,0.48,0.49,0.53,0.3,0.57,5.264945724119673,6.766015356102728,8.043044744506222,8.132660841938046,8.311893036801695,6.99,6.75,1.69,1.11,6,2004,85.51698113207547,285.0566037735849,151.08
2004-09-30,1153.4499999999998,79.91999999999999,0.280238961038961,0.00013526096544960004,228.61,99.72999999999996,226.13,7.05,0.0,1053.7299999999998,66.63,379.2,778.02,702.62,1929.17,3304.65,6401.32,25.82,657.44,228.49,1124.09,804.26,1928.34,2857.14,4298.4,248.96000000000004,-96.41000000000001,-160.14,126.4,6.286599099099099,0.47,0.45,0.81,0.3,0.37,4.995864935064934,6.393599999999999,7.431522077922077,7.6252675324675305,7.7636571428571415,7.04,6.81,1.72,1.09,9,2004,0.03857442348007112,285.18518518518516,231.0
2004-12-31,1247.4599999999996,83.38999999999999,0.29176818601100546,0.0006548837077797602,275.38,105.26000000000005,228.84000000000003,7.6,0.0,1142.1999999999998,85.08999999999997,331.17,802.59,640.13,1850.15,3876.02,6287.9,28.56,569.85,232.85,1030.59,686.93,1717.52,2857.14,4393.02,121.93999999999994,-75.87999999999997,-37.85000000000002,123.57999999999998,6.512875944357837,0.49,0.39,1.1,0.3,0.27,5.304876109291007,6.7796316676739075,7.596582588504723,7.829997137313527,8.095240942778078,6.99,6.77,1.8,1.17,12,2004,0.187171717171708,285.80909090909086,314.39
2005-03-31,1151.35,77.32,0.27,0.0,245.83,100.16,209.56,9.55,0.0,1051.19,79.95,441.2,768.18,682.79,1959.24,3821.23,6354.27,27.16,636.5,234.74,1084.73,619.64,1704.37,2857.14,4473.68,229.68,-63.0,-56.66,109.4,8.8425,0.61,0.38,0.27,0.0,0.0,4.88,6.36,6.920000000000001,7.12,7.6,6.86,6.72,1.81,1.18,3,2005,0.0,286.3703703703703,77.32
2005-06-30,1074.92,37.71000000000001,0.13113100930192126,0.5,202.89000000000001,56.890000000000015,171.55,9.0,0.0,1018.0299999999997,42.709999999999994,278.97,735.02,758.68,1874.68,3762.38,6188.91,27.69,641.91,237.68,1113.3,541.92,1655.22,2857.14,4354.21,110.24000000000001,-26.739999999999995,-245.73,114.66,17.15841288782816,0.59,0.38,0.4,0.5,1.25,2.4390367730157356,3.26516213161784,3.4618586455707216,3.5274241502216817,4.051948187429367,5.26,5.17,1.68,1.0,6,2005,143.7875,287.575,115.03
2005-09-30,1143.4299999999998,40.24000000000001,0.14253880337476657,-0.009326495781541804,218.27999999999997,63.339999999999975,173.90999999999997,8.4,0.0,1080.0900000000001,42.72999999999999,287.65,776.15,726.16,1891.36,3709.92,6159.46,30.88,588.68,238.78,1098.11,501.66,1599.76,2857.14,4369.92,115.27999999999997,-46.239999999999995,-60.35000000000002,110.57,14.73019942842942,0.55,0.37,0.55,0.5,0.91,2.612347523668449,3.638626907966768,3.6800927416757907,3.7111921169575584,4.5094094158562505,4.69,4.61,1.72,1.06,9,2005,-2.632954545454538,282.3090909090909,155.27
2005-12-31,1419.9000000000005,108.62999999999997,0.38693520272830606,-0.002786179337903475,295.71000000000004,129.52000000000004,222.49,8.0,0.0,1290.3799999999997,89.41000000000003,347.92,850.32,627.55,1887.97,3678.73,6119.66,28.13,631.45,235.14,1079.1,429.66,1508.77,2857.14,4413.24,275.57,-72.97,-142.32999999999998,92.97000000000003,5.1684364356071075,0.52,0.34,0.94,0.5,0.53,7.096556271314889,9.286444865479346,9.846266009852215,9.862731337627888,11.426937476316786,5.63,5.51,1.75,1.17,12,2005,-0.7822050290135394,280.74468085106383,263.9
2006-03-31,1308.95,88.71,0.32999999999999996,0.0,272.7,104.13,216.65,8.5,0.0,1204.82,92.04,403.64,990.1,672.31,2124.12,3673.21,6375.03,31.92,776.37,263.03,1327.78,350.94,1678.72,2857.14,4505.63,150.15,-59.99,-34.44,112.52,6.440000000000001,0.54,0.37,0.33,0.0,0.0,5.5600000000000005,6.56,7.88,7.92,8.24,6.87,6.78,1.6,1.09,3,2006,0.0,268.8181818181818,88.71
2006-06-30,1327.5600000000002,106.17,0.3922536945812808,0.5,260.24000000000007,121.98000000000002,231.74999999999997,7.5,0.0,1205.5800000000002,74.51,271.05,995.85,722.45,2042.08,3802.65,6463.79,29.71,770.42,259.7,1318.5,403.58,1722.08,2857.14,4547.33,127.17999999999998,-68.34,-191.44,109.77,4.781599321842328,0.47,0.38,0.72,0.5,0.69,6.5593534482758615,7.779698275862068,9.348713054187193,9.544839901477832,9.566631773399015,7.59,7.39,1.55,1.0,6,2006,135.33333333333334,270.6666666666667,194.88
2006-09-30,1322.8999999999996,71.47000000000003,0.262964520367937,0.3020586946999563,281.5,91.86000000000001,203.76,7.95,0.0,1231.04,61.28999999999999,184.82,980.58,768.6,2007.55,3801.43,6450.27,67.42,754.1,212.08,1294.14,389.37,1683.51,2857.14,4565.59,137.87,-110.78999999999999,-113.30000000000001,111.9,7.5559622918707126,0.5,0.37,0.98,0.8,0.82,4.432830486202366,5.40955584756899,6.25748226018397,6.397014454664917,6.62241261498029,6.9,6.73,1.55,0.96,9,2006,82.09523809523813,271.78571428571433,266.35
2006-12-31,1469.0699999999997,130.07,0.4790429342616416,-0.0007812781537619236,303.04999999999995,67.86999999999995,158.81000000000006,9.05,0.0,1401.2000000000003,74.66999999999999,275.8,965.16,732.98,2043.77,3688.46,6702.4,89.25,786.92,163.4,1322.13,419.79,1741.92,2857.14,4752.04,177.78000000000003,-75.86000000000001,-10.939999999999998,90.94,4.724002460213732,0.54,0.37,1.46,0.8,0.55,7.756558195852883,7.900927299328993,10.945802936279701,11.352661318803287,9.410240653851973,7.46,7.3,1.55,0.99,12,2006,-0.21213307240705603,271.5205479452055,396.42
2007-03-31,1309.15,28.22,0.1,0.0,253.74,63.34,159.46,9.15,-2.0,1245.81,57.9,273.94,978.35,788.87,2156.61,3940.3,6764.01,31.43,788.84,99.74,1220.9,544.54,1765.44,2857.14,4800.0,83.43,-90.15,4.85,96.12,22.875000000000004,0.54,0.37,0.1,0.0,0.0,1.68,3.8399999999999994,2.36,2.44,4.56,2.17,2.16,1.77,1.12,3,2007,0.0,282.2,28.22
2007-06-30,1297.8899999999999,47.44,0.1755643669045731,0.45,240.38,48.849999999999994,146.54,9.1,0.0,1249.04,36.68,249.87,968.91,797.97,2143.78,3985.13,6776.96,52.4,761.85,71.28,1244.9,584.82,1829.73,2857.14,4709.87,114.56,-41.00999999999999,-97.61999999999999,97.69,12.95821037099494,0.55,0.39,0.28,0.45,1.61,2.8090298704731698,4.238625429553265,4.037980438805181,4.088141686492202,5.091366640232619,2.93,2.9,1.72,1.08,6,2007,121.59642857142855,270.21428571428567,75.66
2007-09-30,1419.87,29.260000000000005,0.10876286694624479,-0.0019882495506780293,280.28999999999996,60.099999999999994,157.51,7.95,0.0,1359.77,40.88000000000001,328.84,1011.97,805.96,2259.32,3951.36,6856.72,26.37,792.47,87.83,1270.35,595.66,1866.01,2857.14,4745.28,136.67000000000002,-61.08000000000001,3.3900000000000006,97.41000000000003,18.269562542720436,0.48,0.39,0.39,0.45,1.15,1.7067403736179951,2.889187952725887,2.4652916507815483,2.50991231414411,3.435791078917271,2.63,2.61,1.78,1.14,9,2007,-0.5348901098900996,269.025641025641,104.92
2007-12-31,1598.4099999999999,69.48,0.2549724770642202,0.005737473535638726,328.87,101.31000000000003,201.71000000000004,7.5,0.0,1497.0900000000001,86.66,275.61,1116.57,722.86,2208.95,4024.39,6878.96,14.94,819.2,94.2,1201.36,614.75,1816.12,2857.14,4813.98,199.35999999999996,-270.59999999999997,18.0,100.39999999999998,7.3545192861255035,0.45,0.38,0.64,0.45,0.7,4.047688073394496,6.422119266055046,5.7687522935779825,5.8165596330275235,7.6810458715596335,3.13,3.1,1.84,1.24,12,2007,1.563461538461553,272.5,174.4
2008-03-31,1462.73,47.95,0.18,0.0,308.29,87.04,163.58,8.05,0.0,1375.68,72.0,269.57,1054.62,793.82,2223.62,4130.76,6987.64,134.54,782.41,98.07,1257.2,609.79,1867.0,2857.14,4862.63,98.7,-232.09,127.35,76.54,11.18,0.47,0.38,0.18,0.0,0.0,2.76,5.08,3.96,3.96,6.08,3.31,3.28,1.77,1.14,3,2008,0.0,266.3888888888889,47.95
2008-06-30,1416.1,35.91,0.13274624373956595,0.5,286.46,59.33,178.23,7.0,0.0,1356.7699999999998,38.14,336.17,1050.59,861.26,2342.22,4409.06,7342.08,406.99,685.49,102.15,1692.53,626.48,2319.0,2857.14,4771.26,10.039999999999992,-87.63000000000002,144.20000000000002,118.89999999999999,13.182670565302145,0.42,0.49,0.31,0.5,1.61,1.9526544240400665,3.5456093489148577,3.014624373956594,3.031752921535893,4.436293823038397,2.95,2.91,1.38,0.87,6,2008,135.25806451612902,270.51612903225805,83.86
2008-09-30,1518.1499999999996,26.980000000000004,0.09979971129556117,-0.0003230462974819015,321.14,49.359999999999985,154.93,6.0,0.0,1468.8000000000002,58.60000000000001,325.48,1110.27,854.81,2376.32,4484.67,7484.61,258.57,673.65,119.91,1627.53,796.94,2424.47,2857.14,4800.42,98.06000000000002,-153.82999999999998,45.06999999999999,105.57,15.025845070422534,0.36,0.51,0.41,0.5,1.22,1.441010465535908,2.6580801154817757,2.249144713099964,2.258881270299531,3.2520101046553593,2.55,2.52,1.46,0.93,9,2008,-0.0873328088119365,270.3414634146342,110.84
2008-12-31,1437.7300000000005,-12.650000000000006,-0.046379468377635215,0.004415282466298485,282.30000000000007,5.340000000000003,111.96000000000004,4.9,0.0,1432.3900000000003,42.26999999999998,291.01,1007.53,800.72,2224.68,4596.7,7451.86,210.35,634.49,145.28,1489.53,903.68,2393.22,2709.9,4794.99,143.84999999999997,-266.93,88.60000000000002,106.62,-26.410393280632398,0.28,0.5,0.36,0.5,1.39,-0.6802322028719833,-1.4480700682350551,-1.0564212241572466,-1.0512679498930648,-1.7366534270292298,1.7,1.68,1.49,0.96,12,2008,1.2042682926829116,272.75,98.19
2009-03-31,1200.28,15.21,0.06,0.0,258.38,41.89,153.4,5.0,0.0,1158.39,19.4,381.52,885.22,844.19,2246.72,4625.05,7485.23,47.56,657.08,188.76,1424.97,978.88,2403.85,2709.9,4814.88,245.44,-122.96,-31.97,111.51,20.8325,0.28,0.5,0.06,0.0,0.0,0.8,2.32,1.28,1.24,2.76,1.3,1.27,1.58,0.98,3,2009,0.0,253.50000000000003,15.21
2009-06-30,1273.3999999999999,32.83,0.12300999167360531,0.35,267.96000000000004,43.92999999999999,157.68999999999997,4.8,0.0,1229.4599999999998,31.770000000000003,252.52,943.75,925.97,2230.84,4672.28,7526.94,40.55,814.9,220.43,1374.35,1145.53,2519.88,2709.9,4753.57,154.56,-379.6,96.05,113.76,9.756524520255866,0.27,0.53,0.18,0.35,1.94,1.7494754371357202,3.143588676103247,2.760890924229808,2.760890924229808,3.7996419650291418,1.98,1.94,1.62,0.95,6,2009,93.41111111111111,266.8888888888889,48.04
2009-09-30,1426.8900000000003,9.850000000000001,0.03573155985489722,0.011144699717855705,284.86,30.24000000000001,147.73000000000002,5.65,0.0,1396.6600000000003,30.269999999999996,197.11,1054.46,997.36,2357.32,4672.22,7646.47,219.91,810.15,238.32,1550.61,1074.13,2624.73,2709.9,4770.71,-47.620000000000005,-137.95999999999998,130.16000000000003,117.48999999999998,39.52388324873096,0.32,0.55,0.21,0.35,1.67,0.5172568664708932,1.0413197443427191,0.8235273795128693,0.8235273795128693,1.2931421661772329,1.5,1.48,1.52,0.88,9,2009,3.072222222222223,275.6666666666667,57.89
2009-12-31,1609.9599999999996,-0.13000000000000256,-0.0004726454293628902,-0.0007877423822715267,331.6399999999999,21.639999999999986,138.45999999999998,5.45,0.0,1588.3199999999997,106.18,279.42,1116.8,948.3,2426.76,4693.18,7720.5,181.34,842.62,259.94,1555.96,1145.58,2701.54,2709.9,4771.39,130.75,-108.32000000000005,59.879999999999995,116.82,-2882.446153846097,0.31,0.57,0.21,0.35,1.67,-0.006752077562327003,-0.016385041551246864,-0.010893351800554231,-0.010893351800554231,-0.020076177285318953,1.06,1.05,1.56,0.95,12,2009,-0.21666666666668277,275.04761904761904,57.76
2010-03-31,1783.32,59.32,0.22,0.0,356.48,102.77,223.78,6.15,0.0,1680.55,106.39,299.4,1281.57,893.95,2551.57,4860.29,8011.15,346.42,824.59,268.78,1782.84,1151.16,2934.0,2709.9,4829.33,94.32,-261.98,187.64,121.01,6.9875,0.35,0.61,0.22,0.0,0.0,2.96,5.32,4.92,4.92,6.6,3.36,3.33,1.43,0.93,3,2010,0.0,269.6363636363636,59.32
2010-06-30,1599.3300000000002,-156.93,-0.5787808626165352,0.35,321.28999999999996,-123.13,4.050000000000011,7.8,0.0,1722.4600000000003,73.39,293.87,1160.24,826.2,2373.91,4901.37,7877.0,508.88,834.49,278.23,1971.88,1080.31,3052.18,2709.9,4587.62,185.89,-190.07999999999998,-1.339999999999975,127.17999999999999,-3.3696691199898043,0.46,0.67,-0.36,0.35,-0.97,-7.9743141071611525,-1.6720336031144352,-13.697813748591333,-13.440577809650652,-2.1865054809958,-2.92,-2.89,1.2,0.78,6,2010,94.89861111111111,271.1388888888889,-97.61
2010-09-30,1625.4100000000003,132.96,0.488961810466761,0.0010093509350934543,352.3800000000001,140.5,269.87,10.5,0.0,1484.9099999999999,69.03999999999999,211.95,1187.43,931.27,2439.03,4922.73,7976.42,0.0,794.17,288.76,1676.73,1345.2,3021.93,2709.9,4704.47,27.680000000000007,-138.45,29.619999999999976,129.37,5.368568554452467,0.6,0.64,0.13,0.35,2.69,6.619790664780764,23.169267326732673,11.283734087694485,11.283734087694485,28.73590947666195,0.71,0.71,1.45,0.9,9,2010,0.274465811965797,271.9230769230769,35.35
2010-12-31,1971.9899999999998,232.62000000000003,0.8594014255327088,-0.0016115466427067207,416.16999999999985,264.26,392.8,10.4,0.0,1707.7299999999996,117.88,386.48,1333.24,1007.59,2842.54,5043.86,8511.65,0.0,998.76,338.32,1746.46,1560.5,3306.96,2709.9,4948.9,316.26,-208.94000000000005,67.22,128.54000000000002,3.0267869271773704,0.57,0.67,0.99,0.35,0.35,10.937836324961749,16.458839422323397,18.7852998469978,19.132532746202934,19.722828674851662,3.91,3.84,1.63,1.05,12,2010,-0.43620823620820204,270.6767676767677,267.97
2011-03-31,1833.0,76.21,0.28,0.0,355.93,120.53,234.17,10.3,0.0,1712.48,88.29,289.11,1416.92,1060.21,2875.48,3787.96,7552.25,237.07,860.67,384.3,1974.08,1535.29,3509.37,2709.9,3825.73,-23.16,-232.82,165.61,113.64,9.1975,0.73,0.92,0.28,0.0,0.0,4.04,6.2,7.96,7.04,8.64,4.29,4.16,1.46,0.92,3,2011,0.0,272.1785714285714,76.21
2011-06-30,1931.3400000000001,75.53000000000002,0.27874522209041785,0.6,338.31,152.74999999999997,278.98,9.0,0.0,1778.58,78.64999999999999,262.28,1553.24,1150.32,3115.2,3941.82,7910.91,605.51,904.48,430.36,2521.93,1441.67,3963.6,2709.9,3744.23,37.269999999999996,-224.44,153.33999999999997,126.23,8.071169733880575,0.65,1.06,0.56,0.6,1.07,3.822791617240016,6.888989060234612,8.063701067615659,7.247375774350864,10.09455911427442,4.22,4.03,1.24,0.78,6,2011,162.57857142857142,270.9642857142857,151.74
2011-09-30,1940.75,41.859999999999985,0.15351549586776855,0.003766602715466358,385.44000000000005,82.5,211.93000000000006,7.55,0.0,1858.2500000000005,101.88999999999999,192.2,1559.28,1200.0,3104.82,4066.14,8035.68,816.94,981.76,465.39,2715.74,1333.84,4049.58,2709.9,3782.42,106.34,-291.12,121.69999999999999,129.43,12.290778786430966,0.54,1.07,0.71,0.6,0.85,2.084351239669421,3.8400495867768583,4.428165289256198,3.9438347107438,5.786020661157023,3.5,3.39,1.14,0.7,9,2011,1.0270623742454745,272.67605633802816,193.6
2011-12-31,2110.66,88.41,0.32603950214531396,-0.003346899595509325,427.23,198.91000000000008,328.40999999999997,8.45,0.0,1911.7599999999993,148.76,221.94,1574.43,1154.68,3104.82,4158.68,8085.35,735.0,850.79,488.06,2516.45,1485.39,4001.84,2709.9,3879.8,63.459999999999994,-163.84000000000003,123.12,129.5,6.48326348829318,0.59,1.03,1.04,0.6,0.58,4.376453317258253,8.376707208964222,9.116566079217048,8.013047764263678,12.489820928335877,3.73,3.61,1.23,0.77,12,2011,-0.9075568797399853,271.16346153846155,282.01
2012-03-31,2047.83,117.32,0.43,0.0,442.3,187.75,321.09,10.3,0.0,1860.08,171.4,325.42,1597.55,1307.68,3376.73,4244.98,8457.33,1018.74,863.41,505.06,2846.55,1390.28,4236.83,2709.9,4009.8,138.23,-236.0,201.26,133.34,5.9875,0.7,1.06,0.43,0.0,0.0,5.56,9.4,11.72,11.96,13.4,5.85,5.73,1.19,0.73,3,2012,0.0,272.83720930232556,117.32
2012-06-30,2135.0600000000004,120.88,0.44657598656591097,0.75,439.84,182.49,323.66,16.0,0.0,1952.5700000000002,162.39000000000001,342.85,1713.19,1292.91,3532.97,4633.5,8980.04,1441.0,890.42,512.9,3372.56,1485.91,4858.47,2709.9,3917.21,169.08,-456.71000000000004,305.05,141.17,8.95614659166115,1.11,1.24,0.88,0.75,0.85,5.379210747271201,8.890921914357682,12.34173635600336,12.62592107472712,13.397279596977329,5.82,5.69,1.05,0.66,6,2012,203.01136363636363,270.6818181818182,238.2
2012-09-30,2273.0699999999997,146.05,0.5397293428757319,-0.00023067368545566058,535.5400000000001,233.81999999999994,381.93000000000006,24.5,0.0,2039.2499999999995,236.03000000000003,437.05,1782.83,1476.92,3915.11,4715.7,9470.04,1630.78,972.62,535.53,3642.23,1526.47,5168.7,2709.9,4079.91,75.73000000000002,-221.65999999999997,240.13000000000005,148.11,11.345964566929133,1.63,1.27,1.42,0.75,0.53,6.172679245283018,10.490513988288876,14.321832140533507,14.853959661678594,15.766178269355889,6.06,5.95,1.07,0.67,9,2012,-0.062419974391787036,270.5985915492958,384.25
2012-12-31,2453.9900000000007,157.63,0.581789326050048,0.0009450665757294792,497.15999999999985,203.34000000000003,354.3399999999999,27.75,0.0,2250.6500000000005,89.41999999999996,441.29,1686.53,1351.49,3630.2,4842.89,9325.3,840.96,922.23,535.31,2728.77,2138.63,4867.39,2709.9,4228.93,446.34999999999997,-252.83000000000004,-189.2800000000001,151.0,11.92871661485758,1.78,1.15,2.0,0.75,0.38,6.760391968701557,10.786374104967889,14.90544253340223,15.557046578578282,14.242202701705175,6.19,6.08,1.33,0.84,12,2012,0.2560563380281451,270.94,541.88
2013-03-31,2350.81,120.59,0.44,0.0,446.47,179.88,337.68,25.75,0.0,2170.94,141.41,366.41,1822.25,1521.77,3841.37,4803.33,9491.43,924.39,936.08,572.07,2875.55,2034.96,4910.52,2709.9,4345.63,29.95,-145.98,41.56,157.8,14.63,1.61,1.13,0.44,0.0,0.0,5.08,8.0,11.08,11.56,10.88,5.22,5.13,1.34,0.81,3,2013,0.0,274.0681818181818,120.59
2013-06-30,2389.6299999999997,102.32999999999998,0.3764157545307733,1.1,429.11,162.81,325.64000000000004,22.0,0.0,2226.82,126.77000000000001,537.36,1866.48,1632.49,4215.5,4851.96,9923.53,1653.0,991.82,523.92,3599.09,1963.51,5562.6,2709.9,4148.5,105.17,-188.57000000000002,253.95,162.82999999999998,14.611901690608816,1.44,1.34,0.82,1.1,1.34,4.13139242777678,6.665313116813206,9.860256594293915,10.154044500269155,9.952065314911177,4.79,4.7,1.17,0.72,6,2013,299.0390243902439,271.8536585365854,222.92
2013-09-30,2270.9500000000007,89.85,0.3303625667423346,0.0004863700202049303,428.7399999999999,146.67000000000002,314.67999999999995,19.1,0.0,2124.26,107.94,526.0,1746.33,1537.65,3979.76,5048.6,9906.55,1853.0,780.04,515.46,3610.1,1842.79,5452.89,2709.9,4232.14,251.71999999999997,-325.83,62.75,168.01,14.45495186421814,1.22,1.29,1.15,1.1,0.96,3.6311155161940083,5.8028903027783985,8.491754324263836,8.652626530677496,8.928407455958052,4.54,4.46,1.1,0.68,9,2013,0.13227995758217048,271.97391304347826,312.77
2013-12-31,2543.04,174.20000000000005,0.6439000349097482,-0.005834749216762599,536.8200000000002,248.96000000000004,419.99,16.4,0.0,2294.09,217.24,437.12,1855.46,1475.14,3949.51,5295.73,10125.51,823.45,950.21,563.88,2780.74,2779.63,5560.37,2709.9,4335.62,324.21999999999997,-320.15,-92.95999999999998,171.02999999999997,6.36667149827784,1.03,1.28,1.8,1.1,0.61,6.882575928701975,10.860447255477752,16.06888309341438,16.269207548719635,14.380434112984375,5.18,5.1,1.42,0.89,12,2013,-1.5785265700482682,270.5388888888889,486.97
2014-03-31,2269.99,105.3,0.39,0.0,438.06,165.79,333.5,20.3,0.0,2104.2,133.39,296.66,1922.94,1579.2,4063.54,5282.69,10173.88,857.86,894.76,580.0,2822.72,2636.34,5459.05,2709.9,4482.18,72.16,-138.22,-74.4,167.71,13.0125,1.23,1.22,0.39,0.0,0.0,4.16,6.760000000000001,9.4,9.56,9.04,4.71,4.64,1.44,0.88,3,2014,0.0,270.0,105.3
2014-06-30,2532.46,132.45999999999998,0.05014047779273216,1.0,485.28000000000003,186.51000000000002,369.49,2.48,0.0,2345.95,143.14,421.03,1971.9,1677.27,4282.47,5360.58,10474.53,1212.3,1084.63,600.65,3429.73,2493.74,5923.47,2709.9,4340.02,348.24,-173.29,-50.58,182.98,12.367253510493734,1.55,1.36,0.09,1.0,11.11,5.058617092866756,7.688206594885599,12.211991924629878,12.479407806191114,11.142328398384926,5.03,4.95,1.25,0.76,6,2014,2641.777777777778,2641.777777777778,237.76
2014-09-30,2490.8500000000004,118.18,0.04316289262235208,0.03514325135946756,464.61,168.67000000000002,351.81999999999994,2.82,0.0,2322.1800000000003,118.15000000000003,324.98,1974.5,1708.53,4258.09,5359.96,10470.66,1359.09,875.21,631.49,3376.44,2431.25,5807.69,2709.9,4452.59,24.05000000000001,-230.28999999999996,110.19,183.15000000000003,16.331736757488574,1.72,1.3,0.13,1.0,7.69,4.51550261279991,6.786534809237513,10.61143114007979,10.890329830870371,9.74817328763275,4.97,4.88,1.26,0.76,9,2014,96.22222222222217,2738.0,355.94
2014-12-31,2631.5299999999997,114.12,0.04127217801982726,0.009785984767901951,482.15999999999985,186.32999999999993,373.53,2.4,0.0,2445.2000000000007,138.72999999999996,472.96,1993.34,1599.49,4312.26,5373.05,10516.04,1452.3,969.21,619.92,3511.55,2272.37,5783.93,2709.9,4506.44,286.38000000000005,-73.93000000000006,-64.47,187.19999999999993,14.540061338941465,1.44,1.28,0.17,1.0,5.88,4.340862017614773,6.652103986725098,10.128678041101136,10.32290005531209,9.808211717653064,4.82,4.74,1.23,0.77,12,2014,27.05882352941171,2765.0588235294117,470.06
2015-03-31,2293.42,112.61,0.04,0.0,470.97,176.85,363.7,2.54,0.0,2116.57,143.68,500.43,2058.48,1689.62,4488.23,5416.57,10754.38,897.98,1055.26,589.94,2986.11,2881.5,5867.61,2709.9,4654.0,273.41,-289.44,43.5,186.85,15.875,1.48,1.26,0.04,0.0,0.0,4.2,6.76,9.68,9.88,9.12,4.98,4.91,1.5,0.94,3,2015,0.0,2815.25,112.61
2015-06-30,2505.6400000000003,138.19,0.04958971291866028,0.09999999999999999,461.5799999999999,213.58,405.22999999999996,2.48,0.0,2292.06,158.82999999999998,453.83,1893.76,1707.54,4460.43,5450.25,10773.17,1388.32,887.99,616.63,3353.93,2708.74,6062.67,2709.9,4476.73,79.09999999999997,-159.83999999999997,34.150000000000006,191.65,12.504609595484478,1.5,1.35,0.09,0.1,1.11,5.1352902711323765,8.110673046251994,12.342328548644335,12.54068740031898,11.59297288676236,5.32,5.23,1.33,0.82,6,2015,278.6666666666667,2786.666666666667,250.8
2015-09-30,2437.8099999999995,100.01999999999998,0.03706345134256884,-0.0032628318415901985,413.28999999999996,149.43,349.5300000000001,2.24,0.0,2288.38,90.88999999999999,520.19,1984.1,1679.7,4400.49,5730.13,11030.08,1591.15,879.52,661.54,3580.88,2552.29,6133.17,2709.9,4657.33,403.74,-406.39,69.00999999999999,200.10000000000002,15.108549790041994,1.3,1.32,0.13,0.1,0.77,3.6265161621344273,5.724877715067555,8.587316572601333,8.781186933470154,8.26800068411151,4.95,4.85,1.23,0.76,9,2015,-8.805128205128256,2698.6153846153843,350.82
2015-12-31,2713.88,94.19,0.03386530639760904,0.0029733126135454368,501.6500000000001,181.34000000000003,384.6700000000001,2.18,0.0,2532.539999999999,139.87,620.97,1928.17,1658.42,4400.46,5851.64,11107.09,1751.6,959.31,660.97,3763.53,2386.46,6149.99,2709.9,4712.37,410.78,-242.81000000000006,-67.2,203.32999999999993,16.09907182291114,1.25,1.31,0.16,0.1,0.63,3.394996966360307,5.647039841801307,7.992212309835733,8.170005168423183,8.313932720613021,4.56,4.47,1.17,0.73,12,2015,8.269711538461593,2781.3125,445.01
2016-03-31,2208.26,48.15,0.02,0.0,361.95,97.23,294.16,2.02,0.0,2111.04,62.66,459.65,1863.66,1730.02,4327.67,5824.74,11014.02,0.0,869.52,701.9,3204.88,2805.11,6009.98,2709.9,4752.84,114.22,-226.46,-49.09,196.93,25.25,1.15,1.26,0.02,0.0,0.0,1.76,3.56,4.04,4.08,5.0,2.22,2.18,1.35,0.81,3,2016,0.0,2407.5,48.15
2016-06-30,2350.9399999999996,80.41999999999999,0.03127479194213269,0.1,411.64000000000004,126.7,320.2,1.95,0.0,2224.2300000000005,85.28999999999999,519.62,1924.2,1708.68,4438.33,5926.34,11203.14,0.0,815.96,663.7,3559.44,2864.97,6424.42,2709.9,4543.82,220.50000000000003,-269.80999999999995,109.28,193.5,15.587633673215619,1.16,1.41,0.05,0.1,2.0,2.877280858676207,5.104046044956054,7.08061289569884,7.130652562806253,7.330811231235903,2.87,2.82,1.25,0.77,6,2016,257.14,2571.3999999999996,128.57
2016-09-30,2346.7700000000004,59.34,0.022105263157894742,0.004210526315789471,393.41999999999996,109.11000000000001,305.69999999999993,1.86,0.0,2237.66,60.32000000000002,316.3,1883.46,1829.83,4288.01,5888.03,11047.84,0.0,847.49,726.25,3535.38,2811.46,6346.84,2709.9,4464.22,116.63,-228.18000000000006,-91.75999999999999,196.58999999999997,21.03458333333333,1.13,1.42,0.07,0.1,1.43,2.1473684210526316,3.8147368421052636,5.3178947368421055,5.20421052631579,5.595789473684211,2.77,2.72,1.21,0.7,9,2016,11.302857142857135,2684.428571428571,187.91
2016-12-31,2542.54,68.28999999999999,0.023989461358313816,0.005699230511876896,410.97,120.48999999999995,323.46000000000004,1.78,0.0,2422.0499999999993,81.56999999999996,271.53,2007.3,1801.82,4362.42,6064.94,11304.07,0.0,850.56,774.8,3648.15,2722.7,6370.85,2709.9,4694.49,96.99000000000001,-288.52,118.25,202.97000000000003,18.551896324498465,1.03,1.36,0.09,0.1,1.11,2.420270101483216,4.318103044496486,5.821442622950819,5.810780640124903,6.311893832943013,2.76,2.71,1.2,0.7,12,2016,16.223809523809564,2846.6666666666665,256.2
2017-03-31,2357.83,47.82,0.02,0.0,400.66,111.51,310.11,2.06,0.0,2246.32,89.9,289.49,2096.17,1898.19,4532.98,5913.14,11267.31,1791.53,932.13,786.72,3831.61,2520.99,6352.6,2709.9,4663.06,173.66,-89.89,-13.3,198.6,25.75,1.2,1.36,0.02,0.0,0.0,1.68,4.0,4.12,4.08,6.000000000000001,2.05,2.03,1.18,0.69,3,2017,0.0,2391.0,47.82
2017-06-30,2394.8,16.199999999999996,0.005060918462980318,0.1,357.46,77.37999999999998,282.74,1.94,0.0,2317.4199999999996,49.22999999999999,221.3,2125.8,1823.55,4348.78,5914.76,11142.46,2208.19,825.75,777.84,4144.73,2331.97,6476.7,2709.9,4415.45,175.39000000000001,-180.02000000000004,-57.519999999999996,205.35999999999999,95.83240740740743,1.19,1.47,0.02,0.1,5.0,0.5769447047797561,1.7105904404873473,1.467666354264292,1.4474226804123709,2.7328959700093716,1.36,1.35,1.05,0.61,6,2017,320.09999999999997,3200.9999999999995,64.02
2017-09-30,2316.12,-30.239999999999995,-0.008952042628774422,0.0052397868561279,309.13,13.160000000000025,219.66999999999996,1.78,0.0,2302.96,8.860000000000014,284.91,2082.41,1741.58,4282.74,5735.44,10920.28,0.0,811.05,731.24,3860.69,2435.6,6296.29,2709.9,4364.06,369.65000000000003,-104.40999999999997,-210.36,206.51000000000005,-49.709325396825406,1.11,1.44,0.01,0.1,10.0,-1.110053285968028,-6.588703374777975,-2.7572291296625218,-2.7572291296625218,-10.241136767317938,0.48,0.48,1.11,0.66,9,2017,17.700000000000045,3378.0,33.78
