,revenue,net_profit,eps,dps,gross_profit,ebit,ebitda,close_price,allowance_doubtful_accounts,expense,operating_profit,cash,account_receivable,inventory,current_asset,property_plant_equipment,total_asset,short_term_loan,account_payable,current_portion_long_term_debt,current_liability,non_current_liability,total_liability,paid_in_capital,total_equity,cash_flow_operation,cash_flow_investment,cash_flow_financing,depreciation,P/E,P/BV,D/E,EPS,DPS,DPR%,ROA%,ROAA%,ROE%,ROAE%,ROCE%,NPM%,NPMA%,TIE,CurrentRatio,QuickRatio,month,year,dividend,number_of_shares,return_old
2005-03-31,179.14,19.36,0.11,0.0,69.66,33.42,41.69,2.38,5.3,145.72,37.11,114.5,257.2,114.39,504.84,112.66,747.34,8.8,51.71,24.52,160.69,59.56,220.25,240.0,527.09,-25.66,-4.47,143.84,8.27,5.41,1.08,0.42,0.11,0.0,0.0,10.359999999999998,0.0,14.68,0.0,22.799999999999997,10.95,10.81,0.0,3.14,2.43,3,2005,0.0,176.0,19.36
2005-06-30,171.47000000000003,19.200000000000003,0.08962655601659751,0.15,61.890000000000015,28.019999999999996,37.3,2.14,5.83,143.44000000000003,25.660000000000004,26.48,325.59,101.31,470.05,113.19,711.69,6.57,59.01,25.33,150.14,53.58,203.72,240.0,507.97,-35.16,-8.830000000000002,-44.040000000000006,9.280000000000001,5.969770833333333,1.01,0.4,0.18,0.15,0.83,10.795020746887968,0.0,15.117012448132781,0.0,21.789211618257266,11.17,11.0,0.0,3.13,2.46,6,2005,32.13333333333334,214.22222222222226,38.56
2005-09-30,154.7,7.079999999999998,0.03257668711656441,0.002147239263803657,55.869999999999976,14.540000000000006,23.74000000000001,1.98,7.4,140.16999999999996,12.119999999999997,4.47,369.41,125.86,521.17,116.22,759.38,33.79,62.01,26.98,200.84,48.95,249.79,240.0,509.59,-34.9,-8.309999999999999,21.210000000000008,9.2,15.197217514124297,0.93,0.49,0.21,0.15,0.71,3.7292550394390878,0.0,5.5597546012269925,0.0,8.438913234005256,9.2,9.03,0.0,2.59,1.97,9,2005,0.46666666666666146,217.33333333333334,45.64
2005-12-31,162.07,-2.3699999999999974,-0.010406748324474219,0.006852322625375549,62.890000000000015,0.14999999999999147,7.599999999999994,1.79,13.86,161.92000000000002,175.42000000000002,1.28,392.88,134.58,569.61,117.71,798.91,50.15,66.84,27.27,236.67,50.25,286.92,240.0,511.99,-32.150000000000006,-2.41,31.36999999999999,7.450000000000003,-42.99613924050638,0.84,0.56,0.19,0.15,0.79,-1.187464756182111,-0.0,-1.851305754564361,-0.0,-2.9664709960711773,6.59,6.48,0.0,2.41,1.84,12,2005,1.560526315789474,227.73684210526318,43.27
2006-03-31,135.19,3.47,0.01,0.0,45.54,8.62,14.12,1.71,1.64,126.56,5.7,2.55,380.45,155.23,573.89,154.2,812.03,62.78,66.78,27.22,252.65,45.83,298.48,240.0,513.55,2.77,-6.48,4.98,5.5,42.75,0.8,0.58,0.01,0.0,0.0,1.72,4.44,2.72,2.68,6.16,2.66,2.57,0.0,2.27,1.66,3,2006,0.0,347.0,3.47
2006-06-30,149.31,3.39,0.014825072886297376,0.04,49.470000000000006,8.06,19.340000000000003,1.02,3.54,141.25,2.3,2.02,377.84,175.84,598.5,146.22,817.65,57.13,91.96,27.14,266.78,39.54,306.32,240.0,511.33,8.01,7.66,-16.200000000000003,11.280000000000001,17.200589970501476,0.48,0.6,0.03,0.04,1.33,1.660408163265306,4.309154518950438,2.6487463556851316,2.668513119533528,5.98932944606414,2.54,2.41,0.0,2.24,1.58,6,2006,9.146666666666668,228.66666666666669,6.86
2006-09-30,153.01999999999998,-23.88,-0.09821386603995301,0.0023815119467293254,46.89999999999999,-19.55,-4.830000000000002,1.02,25.09,172.57999999999998,3.5199999999999996,1.34,379.12,174.36,577.55,144.38,793.24,63.89,89.81,31.54,259.1,43.33,302.43,240.0,490.8,-2.9299999999999997,-7.58,9.83,14.719999999999999,-2.5961201842546067,0.5,0.62,-0.07,0.04,-0.57,-12.066274970622795,-2.0765217391304347,-19.47440658049354,-19.081551116333724,-3.0305992949471214,-4.05,-3.89,0.0,2.23,1.56,9,2006,0.5790476190476159,243.1428571428571,-17.02
2006-12-31,118.63999999999999,-18.06,-0.07722348916761687,-0.0015865776185046358,18.409999999999997,-20.56,-8.099999999999998,0.86,28.57,139.20000000000005,-49.629999999999995,1.37,347.25,175.65,546.44,141.78,745.19,66.0,76.14,32.12,241.05,38.43,279.48,240.0,465.72,0.4900000000000002,3.6200000000000006,-4.07,12.46,-2.782508305647841,0.44,0.6,-0.15,0.04,-0.27,-9.699270239452678,-6.239657924743443,-15.506476624857468,-14.785724059293045,-9.575712656784493,-6.85,-6.31,0.0,2.27,1.54,12,2006,-0.3710476190476175,233.86666666666667,-35.08
2007-03-31,150.87,-5.88,-0.02,0.0,43.4,-0.04,12.12,0.82,2.53,150.91,0.3,1.82,348.38,179.81,555.22,141.5,746.81,62.96,69.06,41.17,243.28,43.9,287.18,240.0,459.63,-7.2,-5.01,12.66,12.16,-10.25,0.43,0.62,-0.02,0.0,0.0,-3.16,-0.04,-5.12,-4.84,-0.04,-4.16,-3.9,0.0,2.28,1.54,3,2007,0.0,294.0,-5.88
2007-06-30,153.87,2.05,0.010704960835509137,0.0,55.580000000000005,7.47,13.020000000000001,0.81,7.0,146.4,10.37,0.73,356.18,181.92,558.7,138.71,745.86,69.41,60.4,41.14,243.25,40.6,283.85,240.0,462.0,-9.95,-0.79,9.649999999999999,5.550000000000001,18.916463414634148,0.42,0.61,-0.02,0.0,0.0,1.091906005221932,-2.033942558746736,1.7770234986945166,1.6913838120104439,-3.1686684073107045,-1.33,-1.26,0.0,2.3,1.55,6,2007,0.0,191.5,-3.83
2007-09-30,126.52999999999997,0.20999999999999996,0.0011602209944751379,0.0,30.89,2.780000000000001,8.469999999999999,0.71,0.0,123.75,-16.740000000000002,3.46,349.7,183.32,560.06,135.88,746.39,39.88,52.21,21.93,190.82,93.73,284.55,240.0,461.84,-5.300000000000001,-2.37,10.41,5.689999999999998,152.98809523809524,0.37,0.62,-0.02,0.0,0.0,0.1137016574585635,-0.3086187845303867,0.18099447513812153,0.17635359116022095,-0.42696132596685077,-0.9,-0.84,0.0,2.94,1.97,9,2007,0.0,181.0,-3.62
2007-12-31,136.05000000000007,-21.84,-0.09435978004713275,0.0,7.909999999999997,-22.71,-23.119999999999997,0.71,0.0,158.76000000000005,-46.94,0.77,341.65,176.05,537.77,139.36,722.6,44.87,59.85,23.43,200.54,81.71,282.25,240.0,440.35,9.969999999999999,-4.42,-8.25,-0.41000000000000014,-1.879773351648352,0.39,0.64,-0.11,0.0,0.0,-12.078051846032992,-5.833150039277298,-19.83271013354281,-19.283707776904947,-8.200722702278084,-4.83,-4.49,0.0,2.68,1.8,12,2007,0.0,231.45454545454547,-25.46
2008-03-31,84.68,-26.97,-0.11,0.0,12.79,-23.7,-17.37,0.95,0.7,108.39,-26.64,0.48,285.71,213.55,514.46,139.22,698.75,53.18,61.82,21.41,216.2,69.04,285.24,240.0,413.51,6.46,-4.0,-2.76,6.33,-2.16,0.55,0.69,-0.11,0.0,0.0,-15.44,-13.12,-26.08,-24.72,-19.64,-33.43,-31.85,0.0,2.38,1.39,3,2008,0.0,245.18181818181816,-26.97
2008-06-30,111.16999999999999,-19.630000000000003,-0.08003648068669529,0.0,34.22,-16.02,-8.18,0.8,0.0,127.19000000000001,-5.309999999999999,1.13,252.36,231.32,492.72,137.36,676.82,54.38,65.98,22.27,219.16,64.81,283.97,240.0,392.85,17.93,-3.3600000000000003,-13.910000000000002,7.84,-2.4985481406011205,0.49,0.72,-0.19,0.0,0.0,-11.609502145922747,-9.40218025751073,-19.983845493562235,-18.366266094420602,-14.625613733905581,-24.5,-23.79,0.0,2.25,1.19,6,2008,0.0,245.26315789473685,-46.6
2008-09-30,124.88000000000002,-36.660000000000004,-0.1541076147009368,0.0,9.420000000000002,-34.3,-26.720000000000002,0.99,3.96,159.17,-25.860000000000003,1.0,219.55,250.58,475.48,135.09,654.28,54.98,91.6,21.42,239.08,59.55,298.64,240.0,355.64,16.22,-2.21,-14.149999999999999,7.58,-1.6068316966721223,0.67,0.84,-0.35,0.0,0.0,-22.42045640163344,-18.61619985587317,-41.23039154455921,-35.876252702378096,-31.40272880134518,-26.31,-25.96,0.0,1.99,0.94,9,2008,0.0,237.88571428571433,-83.26
2008-12-31,136.81,-19.58999999999999,-0.08190277102576564,0.0,22.21,-16.710000000000008,-10.879999999999995,0.7,5.48,153.51999999999998,-14.060000000000002,0.77,206.46,247.59,459.03,132.89,639.36,47.13,102.94,11.99,238.42,65.16,303.57,240.0,335.79,16.770000000000003,-7.739999999999998,-9.25,5.829999999999998,-2.1394270035732523,0.5,0.9,-0.43,0.0,0.0,-12.25874963539134,-10.148324744773937,-23.336575595527457,-20.189985415653855,-17.24148565872629,-22.81,-22.48,0.0,1.93,0.89,12,2008,0.0,239.1860465116279,-102.85
2009-03-31,140.78,6.1,0.029999999999999995,0.0,41.29,8.62,14.79,0.56,0.0,132.16,7.73,1.96,211.5,245.35,465.84,131.33,642.33,45.19,101.76,13.12,240.82,59.56,300.37,240.0,341.96,10.92,-5.27,-4.46,6.17,4.6675,0.39,0.88,0.03,0.0,0.0,3.8,5.16,7.12,6.44,8.6,4.36,4.33,0.0,1.93,0.92,3,2009,0.0,203.33333333333334,6.1
2009-06-30,138.66,5.860000000000001,0.024498327759197327,0.0,32.550000000000004,8.180000000000001,14.240000000000002,0.62,0.0,130.47,4.77,1.77,195.55,261.88,467.71,129.96,648.12,39.04,105.13,14.98,244.66,54.95,299.61,240.0,348.52,20.4,-11.650000000000002,-8.940000000000001,6.0600000000000005,6.326962457337883,0.43,0.86,0.05,0.0,0.0,3.625752508361205,4.978060200668898,6.722341137123746,6.330367892976589,8.153043478260871,4.35,4.28,0.0,1.91,0.84,6,2009,0.0,239.20000000000002,11.96
2009-09-30,129.89,0.14999999999999858,0.0006193228736581279,0.0,27.25,2.34,15.229999999999997,0.84,0.0,127.55000000000001,-3.4299999999999997,1.56,182.31,277.46,470.5,126.59,646.86,47.3,100.01,16.89,247.01,50.37,297.38,240.0,349.48,-7.949999999999999,0.7900000000000027,6.95,12.89,339.0800000000032,0.58,0.85,0.05,0.0,0.0,0.09265070189925595,0.1456647398843917,0.17192402972749632,0.16994219653179032,0.23732452518579464,3.03,2.96,0.0,1.9,0.78,9,2009,0.0,242.2,12.11
2009-12-31,176.44,12.21,0.050205592105263167,0.0,44.129999999999995,14.439999999999998,25.470000000000006,0.77,0.0,162.01000000000005,19.95,4.47,202.54,269.13,486.39,126.54,662.65,49.61,101.5,18.12,253.26,47.39,300.65,240.0,362.0,15.120000000000001,-11.82,-0.3899999999999997,11.029999999999998,3.834234234234234,0.51,0.83,0.1,0.0,0.0,7.370180921052632,10.362434210526317,13.495263157894737,13.997319078947369,16.467434210526317,4.26,4.15,0.0,1.92,0.86,12,2009,0.0,243.2,24.32
2010-03-31,134.37,4.73,0.02,0.0,38.97,6.82,17.82,0.78,0.0,127.55,7.35,2.44,181.03,301.56,492.47,125.98,665.62,43.38,104.12,20.69,257.29,41.21,298.5,240.0,367.12,17.91,-6.38,-13.56,11.0,9.75,0.51,0.81,0.02,0.0,0.0,2.84,4.16,5.16,5.319999999999999,6.68,3.57,3.52,0.0,1.91,0.74,3,2010,0.0,236.50000000000003,4.73
2010-06-30,142.44,6.17,0.028302752293577982,0.0,39.14,8.1,17.049999999999997,0.74,0.0,134.33999999999997,8.860000000000001,2.56,174.44,321.58,508.93,125.21,683.04,45.56,108.77,22.4,274.33,36.01,310.34,240.0,372.7,10.68,-7.180000000000001,-3.389999999999999,8.95,6.53646677471637,0.48,0.83,0.05,0.0,0.0,3.6227522935779817,5.0718532110091745,6.611522935779815,6.8379449541284405,8.26440366972477,3.99,3.94,0.0,1.86,0.68,6,2010,0.0,218.0,10.9
2010-09-30,137.62,1.4299999999999997,0.005798864557988645,0.0,35.19,3.51,11.800000000000004,0.79,0.0,134.12,3.969999999999999,2.5,154.21,326.24,492.4,134.06,678.07,49.97,100.17,23.3,268.12,35.67,303.8,240.0,374.27,11.040000000000003,-11.999999999999998,0.9100000000000001,8.29,34.05839160839162,0.51,0.81,0.05,0.0,0.0,0.8443146796431467,1.2896674776966746,1.5262611516626114,1.5819302514193023,2.087591240875912,3.01,2.98,0.0,1.84,0.62,9,2010,0.0,246.6,12.33
2010-12-31,162.7,2.4399999999999995,0.009911983750846308,0.0,38.540000000000006,4.699999999999999,13.799999999999997,0.77,0.0,157.99,3.830000000000002,6.16,166.82,323.82,508.62,132.88,695.42,58.98,96.43,25.9,283.59,35.25,318.84,240.0,376.59,-2.470000000000006,-11.290000000000003,17.419999999999998,9.100000000000005,19.415891393442628,0.49,0.85,0.06,0.0,0.0,1.400893703452945,2.2533243060257275,2.590331753554502,2.6431956668923484,3.7136899119837503,2.6,2.56,0.0,1.79,0.65,12,2010,0.0,246.16666666666666,14.77
2011-03-31,153.41,2.82,0.01,0.0,38.34,5.16,22.65,0.79,0.0,148.25,4.49,3.39,167.72,342.58,524.83,147.27,730.83,75.72,100.18,29.61,308.67,49.75,358.42,240.0,372.41,1.38,-28.11,23.97,17.49,19.75,0.51,0.96,0.01,0.0,0.0,1.56,2.9599999999999995,3.04,3.04,4.88,1.88,1.84,0.0,1.7,0.59,3,2011,0.0,282.0,2.82
2011-06-30,163.01000000000002,0.7400000000000002,0.002078651685393259,0.02,35.69,3.84,21.020000000000003,0.8,0.0,159.17000000000002,3.67,6.66,168.93,339.79,527.32,149.56,734.72,89.42,93.48,32.14,320.17,46.17,366.34,240.0,368.39,2.9400000000000004,-9.299999999999997,9.61,17.180000000000003,96.2162162162162,0.52,0.99,0.01,0.02,2.0,0.3991011235955057,1.0559550561797755,0.8065168539325845,0.7982022471910114,1.8042696629213488,1.15,1.13,0.0,1.65,0.59,6,2011,7.12,356.0,3.56
2011-09-30,160.82999999999998,3.86,0.015606469002695416,-0.008787061994609163,45.239999999999995,7.140000000000001,3.229999999999997,0.72,0.0,153.69,8.440000000000001,6.68,160.54,354.01,536.61,153.79,749.15,101.13,94.84,33.38,337.2,40.44,377.64,240.0,371.51,8.6,-13.230000000000004,4.649999999999999,-3.91,11.533678756476684,0.47,1.02,0.03,0.02,0.67,2.060053908355795,4.702749326145552,4.1617250673854445,4.140916442048518,8.15698113207547,1.58,1.55,0.0,1.59,0.54,9,2011,-2.173333333333333,247.33333333333334,7.42
2011-12-31,158.01999999999998,0.25,0.0009778357235984353,0.000651890482398958,36.81000000000002,3.780000000000001,11.190000000000005,0.76,0.0,154.25,3.1199999999999974,8.14,176.49,347.41,535.68,153.22,748.21,117.42,102.96,24.18,326.81,49.09,375.9,240.0,372.31,-8.59,-7.640000000000001,17.700000000000003,7.41,194.28109999999998,0.49,1.01,0.03,0.02,0.67,0.13428943937418514,0.3598435462842242,0.2685788787483703,0.26727509778357234,0.6166883963494134,1.23,1.21,0.0,1.64,0.58,12,2011,0.16666666666666696,255.66666666666669,7.67
2012-03-31,177.67,16.81,0.07,0.0,59.27,20.51,30.73,0.77,0.0,157.16,18.77,10.66,192.95,359.56,566.62,153.94,777.86,115.69,114.16,32.23,345.23,43.42,388.66,240.05,389.21,11.47,-7.8,-1.15,10.22,2.75,0.47,1.0,0.07,0.0,0.0,8.64,10.88,17.28,17.640000000000004,18.96,9.55,9.46,0.0,1.64,0.6,3,2012,0.0,240.1428571428571,16.81
2012-06-30,200.42,17.640000000000004,0.07168650217706823,0.02,63.79,21.209999999999997,31.41,2.74,0.0,179.21,19.430000000000003,10.14,221.09,361.87,596.53,164.48,817.47,121.04,124.79,18.39,351.6,64.08,415.67,240.05,401.8,9.88,-7.8500000000000005,-2.5500000000000003,10.200000000000001,9.554797335600906,1.64,1.03,0.14,0.02,0.14,8.622862119013064,11.01923947750363,17.55295210449928,18.331262699564586,18.351744557329468,9.2,9.11,0.0,1.7,0.67,6,2012,4.921428571428571,246.07142857142856,34.45
2012-09-30,176.02000000000004,-4.670000000000002,-0.018817998656816663,0.0001688573347404822,56.69999999999999,-1.0600000000000023,9.090000000000003,2.44,0.0,177.07000000000005,-3.700000000000003,11.15,217.97,388.48,620.87,164.48,844.32,126.21,129.88,19.02,367.42,62.36,429.78,240.05,414.54,5.489999999999998,-6.08,1.5900000000000003,10.149999999999999,-32.41046038543896,1.41,1.04,0.12,0.02,0.17,-2.214251175285427,-3.199059771658832,-4.503774345198121,-4.7546809939556764,-5.350584284754871,5.43,5.37,0.0,1.69,0.63,9,2012,0.041904761904763,248.16666666666669,29.78
2012-12-31,188.71000000000004,4.839999999999996,0.019572501444251867,-7.124975929135925e-05,56.28,8.39,18.36,2.22,0.0,180.33999999999992,5.670000000000002,11.54,228.94,399.18,643.09,165.72,866.87,146.31,116.09,19.68,380.97,58.7,439.66,248.95,427.21,-17.6,-7.349999999999998,25.349999999999998,9.969999999999999,28.36121900826448,1.29,1.03,0.14,0.02,0.14,2.2312651646447126,3.394430964760252,4.52963604852686,4.84279607163489,5.6424725592143234,4.72,4.66,0.0,1.69,0.64,12,2012,-0.017619047619048978,247.28571428571425,34.62
2013-03-31,175.87,9.68,0.04,0.0,61.17,15.95,26.71,2.14,0.0,159.92,12.84,7.81,236.59,418.34,667.0,175.54,931.9,179.11,120.14,19.82,414.43,55.32,469.75,250.77,462.15,-1.72,-24.87,22.87,10.76,13.375,1.16,1.02,0.04,0.0,0.0,4.16,7.48,8.36,9.08,12.32,5.6,5.5,0.0,1.61,0.6,3,2013,0.0,242.0,9.68
2013-06-30,180.57,11.64,0.04367729831144466,0.01,65.17,19.63,30.15,1.6,0.0,160.94000000000003,17.89,7.71,234.75,446.53,693.81,179.44,980.46,210.08,113.68,23.52,447.76,60.84,508.59,267.55,471.81,-2.46,-20.789999999999996,23.150000000000002,10.520000000000001,9.15807560137457,0.91,1.08,0.08,0.01,0.09,4.738986866791745,8.64810506566604,9.871069418386492,10.657260787992495,14.588217636022515,6.06,5.98,0.0,1.55,0.55,6,2013,2.665,266.5,21.32
2013-09-30,170.19,4.469999999999999,0.017332299340829777,-0.0003334625823962788,49.56999999999999,9.620000000000005,20.58,1.55,0.0,160.57,7.330000000000002,8.84,232.76,465.73,711.84,177.91,1001.22,230.78,105.05,23.2,469.09,55.04,524.13,268.45,477.05,-4.15,-13.740000000000002,18.999999999999993,10.96,22.35710290827741,0.87,1.1,0.1,0.01,0.07,1.788693291973633,3.397130670802636,3.7507095773555634,4.014160527336176,5.886048856145792,4.96,4.9,0.0,1.52,0.52,9,2013,-0.0860000000000003,257.9,25.79
2013-12-31,168.97000000000003,-8.329999999999998,-0.028625429553264598,0.0011374570446735408,48.81999999999999,-0.46000000000000085,10.710000000000008,1.35,0.0,169.44,-3.4200000000000017,7.92,239.52,484.07,736.45,182.13,1026.95,248.66,122.69,24.71,500.74,59.89,560.63,268.45,466.3,1.3600000000000003,-17.300000000000004,15.030000000000001,11.169999999999995,-11.790216086434578,0.78,1.2,0.06,0.01,0.12,-3.2442153493699872,-9.00746849942726,-7.137273768613973,-7.4616953035509725,-16.22107674684994,2.55,2.51,0.0,1.47,0.5,12,2013,0.3310000000000004,291.0,17.46
2014-03-31,171.1,-9.6,-0.04,0.0,37.54,-6.59,5.21,1.52,0.0,177.69,-8.66,6.0,265.53,487.06,764.05,181.37,1056.5,289.77,122.89,25.02,543.37,56.74,600.11,268.45,456.36,-29.52,-7.39,34.99,11.8,-9.5,0.89,1.31,-0.04,0.0,0.0,-3.64,-2.64,-8.4,-8.36,-5.12,-5.68,-5.61,0.0,1.41,0.51,3,2014,0.0,240.0,-9.6
2014-06-30,180.20000000000002,5.199999999999999,0.023636363636363632,0.02,54.419999999999995,12.2,24.47,1.66,0.0,168.0,9.31,4.28,286.01,486.51,782.46,192.38,1083.44,284.15,118.88,26.46,535.92,63.41,599.33,288.94,484.09,-4.879999999999999,-5.64,8.799999999999997,12.27,17.557692307692314,0.99,1.24,-0.02,0.02,-1.0,1.9381818181818178,-2.5527272727272723,4.301818181818181,4.349090909090908,-4.821818181818181,-1.27,-1.25,0.0,1.46,0.55,6,2014,4.4,220.0,-4.4
2014-09-30,166.93,2.66,0.015287356321839082,-0.005287356321839082,55.92999999999999,9.45,21.65,1.97,0.0,157.48000000000002,6.609999999999999,4.98,289.57,495.43,795.68,186.39,1092.21,303.55,112.86,23.27,545.27,60.72,605.98,288.94,486.2,-2.25,-9.610000000000001,12.550000000000004,12.200000000000003,32.21616541353383,1.17,1.25,-0.01,0.02,-2.0,0.9783908045977012,-8.805517241379311,2.201379310344828,2.201379310344828,-16.81609195402299,-0.34,-0.34,0.0,1.46,0.55,9,2014,-0.9200000000000004,174.0,-1.74
2014-12-31,179.16999999999996,-6.49,-0.023657351154313486,0.007314702308626976,38.46000000000001,-2.130000000000001,11.21,1.9,0.0,181.3,-7.77,6.86,314.02,497.28,823.08,181.36,1112.42,324.4,125.65,22.01,580.7,51.32,632.02,288.94,480.4,-9.440000000000005,-3.9800000000000004,15.299999999999997,13.339999999999996,-20.077268875192605,1.14,1.32,-0.03,0.02,-0.67,-2.3341919805589306,3.816719319562576,-5.393876063183475,-5.488505467800729,7.664981773997569,-1.2,-1.18,0.0,1.42,0.56,12,2014,2.0066666666666673,274.33333333333337,-8.23
2015-03-31,174.62,1.93,0.01,0.0,55.43,9.01,21.94,2.1,0.0,165.61,6.73,4.46,340.07,492.53,841.54,177.34,1119.25,344.84,115.37,19.56,590.14,47.04,637.18,288.94,482.08,-10.06,-4.96,12.62,12.93,52.5,1.26,1.32,0.01,0.0,0.0,0.68,3.32,1.6,1.64,6.8,1.12,1.11,0.0,1.43,0.59,3,2015,0.0,193.0,1.93
2015-06-30,118.46999999999997,-7.449999999999999,-0.026992753623188405,0.0,26.630000000000003,0.39000000000000057,10.629999999999999,1.85,0.0,118.07,-1.6400000000000006,1.89,367.96,498.16,872.24,168.23,1122.84,367.58,90.05,17.83,585.93,43.34,629.27,288.94,493.57,-31.629999999999995,-6.739999999999999,36.67,10.240000000000002,-17.134228187919465,1.08,1.27,-0.02,0.0,0.0,-2.6452898550724635,4.588768115942029,-6.046376811594204,-6.100362318840579,9.447463768115941,-1.91,-1.88,0.0,1.49,0.64,6,2015,0.0,276.0,-5.52
2015-09-30,114.0,-12.420000000000002,-0.04153846153846154,0.0,26.86,-7.550000000000001,2.979999999999997,1.71,0.0,121.56,-8.379999999999999,1.64,376.46,499.92,882.29,163.82,1132.72,391.36,96.64,15.88,611.01,40.73,651.73,288.94,480.99,-16.940000000000005,-2.67,19.35,10.530000000000001,-10.291666666666666,1.03,1.35,-0.06,0.0,0.0,-4.375384615384616,0.47076923076923083,-10.32923076923077,-10.273846153846154,0.9692307692307693,-4.46,-4.41,0.0,1.44,0.63,9,2015,0.0,299.00000000000006,-17.94
2015-12-31,106.94,-18.859999999999996,-0.06662499999999999,0.0,9.450000000000003,-23.6,-10.529999999999998,1.29,0.0,130.53999999999996,-26.82,2.43,354.67,508.1,869.23,159.21,1122.43,431.37,83.44,14.21,622.06,37.91,659.96,288.94,462.47,-18.43,-1.25,20.480000000000004,13.07,-4.839024390243903,0.81,1.43,-0.13,0.0,0.0,-6.723999999999998,-3.9974999999999996,-16.317999999999998,-16.010499999999997,-8.917499999999999,-7.28,-7.16,0.0,1.4,0.58,12,2015,0.0,283.07692307692304,-36.8
2016-03-31,130.33,-25.98,-0.09,0.0,5.11,-24.28,-13.94,1.63,0.0,154.61,-31.0,0.94,374.79,487.75,867.2,153.14,1122.15,456.69,85.42,12.64,649.99,35.5,685.49,288.94,436.66,-16.22,-5.92,20.66,10.34,-4.5275,1.08,1.57,-0.09,0.0,0.0,-9.28,-8.68,-23.8,-22.64,-20.56,-21.02,-19.93,0.0,1.33,0.58,3,2016,0.0,288.6666666666667,-25.98
2016-06-30,113.20999999999998,-16.95,-0.05922431865828092,0.0,15.370000000000001,-13.170000000000002,-2.950000000000001,1.49,0.0,126.38,-15.36,0.65,365.62,490.82,861.63,148.31,1113.54,475.17,80.46,11.64,661.07,33.3,694.37,288.94,419.18,-8.650000000000002,-3.24,11.580000000000002,10.219999999999999,-6.287535398230088,1.03,1.66,-0.15,0.0,0.0,-6.096156533892382,-5.290705800139762,-16.172187281621245,-14.86135569531796,-13.076729559748426,-18.3,-17.63,-11.67,1.3,0.56,6,2016,0.0,286.2,-42.93
2016-09-30,90.01000000000002,-36.07,-0.12327721518987343,0.0,7.419999999999998,-27.89999999999999,-17.6,1.64,0.0,117.92000000000002,-28.61,1.25,337.94,513.91,856.21,143.24,1103.11,473.56,110.87,10.22,688.22,31.88,720.1,288.94,383.01,11.280000000000001,-3.4000000000000004,-7.270000000000003,10.3,-3.3236068755198227,1.24,1.88,-0.27,0.0,0.0,-13.076516455696202,-10.684025316455696,-37.67716962025316,-33.40355949367088,-28.7646835443038,-24.39,-23.68,-10.98,1.24,0.5,9,2016,0.0,292.59259259259255,-79.0
2016-12-31,56.15999999999997,-79.55000000000001,-0.24584988962472407,0.0,-51.56,-70.73000000000002,-60.65,1.68,0.0,126.87999999999994,-73.80000000000001,14.64,279.27,511.13,811.06,138.36,1048.41,443.64,121.53,9.14,662.97,23.83,686.79,323.17,361.61,1.7200000000000006,-4.540000000000001,16.200000000000003,10.079999999999998,-1.7090713387806409,1.5,1.9,-0.49,0.0,0.0,-30.344900662251657,-25.167000946073795,-88.00422579627879,-77.22696941028067,-70.86497634815517,-42.05,-40.68,-16.62,1.22,0.45,12,2016,0.0,323.5714285714286,-158.55
2017-03-31,85.24,-37.83,-0.12,0.0,2.32,-17.06,-5.53,1.69,0.0,102.3,-18.18,4.7,241.28,525.67,775.61,133.94,991.12,437.66,110.5,7.67,644.75,22.7,667.45,323.18,323.67,9.64,-1.78,-17.8,11.53,-3.52,1.69,2.06,-0.12,0.0,0.0,-15.28,-6.4399999999999995,-46.76,-39.8,-19.72,-44.97,-44.38,-1.96,1.2,0.39,3,2017,0.0,315.25,-37.83
2017-06-30,116.76,-29.049999999999997,-0.09121561004784688,0.0,5.949999999999999,-21.710000000000004,-12.57,1.32,0.0,138.47000000000003,-24.53,2.68,250.92,507.71,764.18,129.21,975.23,437.11,117.11,5.75,650.69,29.98,680.66,323.17,294.57,2.1799999999999997,-3.33,-0.870000000000001,9.140000000000002,-3.6202685025817556,1.45,2.31,-0.21,0.0,0.0,-11.918839712918661,-6.445903110047847,-39.4398923444976,-32.55962918660286,-20.762410287081337,-33.77,-33.11,-2.36,1.17,0.39,6,2017,0.0,318.4761904761905,-66.88
2017-09-30,146.17000000000002,22.509999999999998,0.0710254676583277,0.0,55.09,33.56,44.94,1.24,0.0,112.60999999999999,26.130000000000003,6.84,239.18,548.95,797.35,124.69,999.45,434.8,121.94,4.57,652.9,29.63,682.53,323.18,316.92,19.8,-4.739999999999999,-10.899999999999999,11.379999999999995,4.366039537983118,1.26,2.15,-0.14,0.0,0.0,9.010087897227857,1.01464953797611,28.41018706333108,25.73151228307415,3.04394861392833,-13.17,-12.74,-0.23,1.22,0.38,9,2017,0.0,316.9285714285714,-44.37
