,revenue,net_profit,eps,dps,gross_profit,ebit,ebitda,close_price,expense,operating_profit,cash,account_receivable,inventory,current_asset,property_plant_equipment,total_asset,short_term_loan,account_payable,current_portion_long_term_debt,current_liability,non_current_liability,total_liability,paid_in_capital,total_equity,cash_flow_operation,cash_flow_investment,cash_flow_financing,depreciation,P/E,P/BV,D/E,EPS,DPS,DPR%,ROA%,ROAA%,ROE%,ROAE%,ROCE%,NPM%,NPMA%,CurrentRatio,QuickRatio,month,year,dividend,number_of_shares,return_old
2000-03-31,2160.62,26.07,0.95,1.5,420.59,61.89,77.33,4.65,2098.73,48.3,3.94,1167.26,360.28,1669.01,1454.65,4315.36,277.9,1175.43,0.0,2338.26,617.55,2955.81,275.88,1359.56,-247.61,-12.36,170.99,15.44,1.2225,0.94,2.17,0.95,1.5,1.58,2.4,0.0,7.68,0.0,12.52,1.21,1.21,0.71,0.56,3,2000,41.16315789473684,27.442105263157895,26.07
2000-06-30,2359.76,71.21000000000001,2.583997738486842,0.00631221866343512,453.36000000000007,117.88000000000001,128.20999999999998,4.4,2241.8799999999997,76.65,41.89,1298.92,342.81,1784.42,1452.74,4438.1,211.88,1287.06,0.0,2419.16,625.8,3044.96,275.88,1393.14,167.11,2.379999999999999,-131.53,10.33,0.42690633338014317,0.87,2.19,3.53,1.5,0.42,6.41241365131579,0.0,20.437738486842107,0.0,26.059580592105267,2.18,2.15,0.74,0.6,6,2000,0.17395258684956616,27.558073654390938,97.28
2000-09-30,2439.2799999999997,42.75,1.5508819538670284,0.00037476793216487234,469.28999999999996,86.89000000000001,98.6,4.4,2352.3900000000003,76.57000000000001,2.99,1352.4,356.24,1840.6,1444.76,4500.71,144.85,1333.19,0.0,2421.41,636.69,3058.1,275.88,1442.61,43.58,-11.669999999999998,-70.81,11.709999999999997,0.7124333333333334,0.84,2.12,5.08,1.5,0.3,3.7978290366350063,0.0,11.857530529172323,0.0,15.655359565807325,2.03,2.01,0.76,0.61,9,2000,0.010330463295481707,27.56496062992126,140.03
2000-12-31,2597.2800000000007,19.50999999999999,0.706830888805315,0.0020169947259787374,462.6199999999999,72.91999999999996,83.81,5.8,2524.3600000000006,109.58000000000001,94.25,1441.4,386.46,2037.89,1485.74,4780.32,0.33,1521.47,0.0,2522.6,642.3,3164.91,275.88,1615.41,193.49,15.369999999999997,-117.59,10.89,2.0443362378267564,0.99,1.96,5.78,1.5,0.26,1.6337821236053647,0.0,4.83286448539551,0.0,7.356911119468468,1.69,1.67,0.81,0.65,12,2000,0.05567324196931622,27.60207612456747,159.54
2001-03-31,2362.42,35.12,1.27,0.0,451.78,73.28,84.97,5.7,2289.14,64.42,37.04,1358.41,374.35,1921.88,1493.33,4717.38,35.27,1368.21,0.0,2400.32,663.34,3063.66,275.88,1653.72,-64.69,-43.63,51.12,11.69,1.1225,0.95,1.85,1.27,0.0,0.0,2.96,6.48,8.48,9.32,12.64,1.49,1.49,0.8,0.64,3,2001,0.0,27.65354330708661,35.12
2001-06-30,2671.1099999999997,61.38,2.226217616580311,2.0,506.96000000000004,131.32,142.59,6.0,2539.78,91.35000000000001,1.5,1540.41,350.18,1990.93,1485.37,4920.66,83.76,1444.14,0.0,2458.5,666.36,3124.86,275.88,1795.8,67.24,-54.919999999999995,-47.86,11.270000000000001,0.6721041055718474,0.92,1.74,3.5,2.0,0.57,4.986727461139896,11.11836683937824,13.662615544041453,15.392704663212434,21.1427067357513,1.95,1.92,0.81,0.67,6,2001,55.142857142857146,27.571428571428573,96.5
2001-09-30,2497.1800000000003,30.0,1.0885375494071146,-0.0008356860530775264,482.06999999999994,64.72999999999999,75.79000000000002,6.1,2432.46,54.42999999999998,4.96,1463.96,297.63,1885.11,1478.97,4918.69,14.51,1372.95,0.0,2364.5,671.27,3035.77,275.88,1882.92,100.55,-56.000000000000014,-41.11,11.060000000000002,1.4020416666666666,0.89,1.61,4.59,2.0,0.44,2.4379446640316207,5.426086956521739,6.374703557312253,7.21897233201581,9.998418972332015,1.7,1.68,0.8,0.67,9,2001,-0.023031434796145334,27.5599128540305,126.5
2001-12-31,2632.5899999999992,67.19,2.4351995456657543,0.002265597239980405,447.34000000000015,94.09000000000003,105.02999999999997,6.75,2538.499999999999,32.59,95.84,1490.24,307.94,1997.08,774.93,5221.93,0.28,1539.39,500.0,2987.88,171.82,3159.7,275.88,2062.23,125.78999999999999,-43.22999999999999,8.330000000000002,10.939999999999998,0.6918529543086769,0.9,1.53,7.02,2.0,0.28,5.147914709071196,10.087692704837627,13.029358252878312,14.611197273994527,22.575895503123547,1.94,1.91,0.67,0.57,12,2001,0.06251047427518586,27.591168091168093,193.69
2002-03-31,2246.58,17.77,0.64,2.0,412.02,42.84,53.35,6.0,2203.75,30.58,27.78,1417.83,332.21,1875.65,776.69,5175.94,680.0,1343.34,0.0,2936.86,188.39,3125.25,275.88,2050.69,-138.83,-107.84,178.61,10.51,2.345,0.81,1.52,0.64,2.0,3.13,1.36,3.48,3.48,3.84,7.64,0.8,0.79,0.64,0.53,3,2002,55.53125,27.765625,17.77
2002-06-30,2447.1499999999996,71.03,2.575637387387388,-0.0136331644144147,446.11,89.22999999999999,100.24000000000001,5.7,2357.91,17.800000000000004,24.39,1468.55,351.96,1959.21,787.81,5351.34,633.35,1396.3,0.0,3029.62,186.49,3216.12,275.88,2135.22,80.32000000000002,-44.81999999999999,-38.890000000000015,11.01,0.5532028720259045,0.74,1.51,3.22,2.0,0.62,5.3112522522522525,8.222842342342343,13.310126126126127,14.461963963963962,18.20543693693694,1.93,1.89,0.65,0.53,6,2002,-0.37597049689441775,27.57763975155279,88.8
2002-09-30,2443.26,26.180000000000007,0.9494746912506525,-0.00032627872630258014,440.0400000000001,42.420000000000016,53.72999999999999,5.75,2400.84,15.669999999999995,72.27,1422.06,361.52,2014.48,790.8,5547.3,630.04,1408.64,0.0,3095.9,173.53,3269.42,275.88,2277.88,128.19,-59.31999999999999,-21.0,11.309999999999999,1.5152062643239108,0.7,1.44,4.17,2.0,0.48,1.8852878761523748,3.032854409462516,4.5993738041398515,5.03654200730562,6.484661680292226,1.64,1.61,0.65,0.53,9,2002,-0.008996529484477378,27.573141486810552,114.98
2002-12-31,2673.4699999999993,24.049999999999997,0.8718406099403005,0.0008827865421104435,443.3499999999999,37.53999999999999,49.110000000000014,6.3,2635.9400000000005,21.200000000000003,27.18,1600.59,354.08,2119.92,787.66,5706.54,636.26,1569.78,0.0,3196.41,172.7,3369.1,275.88,2337.44,-70.28,24.689999999999998,0.5100000000000051,11.57,1.8065228690228692,0.74,1.44,5.04,2.0,0.4,1.688326260519312,2.6847155290225126,4.117025102495864,4.3730417895418245,5.8468675825361425,1.44,1.42,0.66,0.55,12,2002,0.02435194701381249,27.58531746031746,139.03
2003-03-31,2175.58,18.47,0.67,2.0,407.43,33.6,45.5,5.95,2141.98,12.39,38.17,1192.44,342.59,1757.3,796.99,5419.26,655.07,1261.46,0.0,2817.52,191.07,3008.59,275.88,2410.67,14.0,-64.74,61.73,11.9,2.22,0.68,1.25,0.67,2.0,2.99,1.36,2.52,3.08,3.32,5.16,0.86,0.85,0.62,0.5,3,2003,55.13432835820895,27.567164179104473,18.47
2003-06-30,2498.3999999999996,92.28,0.3332911963882619,1.8008692429500353,454.54,108.92000000000002,121.5,6.95,2389.48,27.08,89.74,1284.68,336.26,1872.33,796.8,5762.48,605.0,1381.65,0.0,2902.5,189.3,3091.8,275.88,2670.68,144.48,-4.230000000000004,-88.67,12.58,5.214659189423493,0.72,1.16,0.4,2.0,5.0,6.399190970654628,8.532254627539503,13.831584650112868,15.364724153498873,16.597901580135442,2.42,2.37,0.65,0.53,6,2003,498.61567164179104,276.875,110.75
2003-09-30,2401.790000000001,6.719999999999999,0.024598620924491353,-0.027006895377543094,454.5799999999999,17.5,30.5,10.4,2384.29,6.329999999999998,46.9,1300.7,383.94,1912.36,791.68,6102.34,580.0,1385.69,0.0,2890.55,204.4,3094.95,275.88,3007.39,60.59,-26.320000000000007,-77.11,12.999999999999996,105.71425967261908,0.95,1.03,0.43,2.0,4.65,0.43934281093045024,0.6292670469055928,0.8947033285094065,1.0182684940835958,1.1395454158508553,1.69,1.66,0.66,0.53,9,2003,-7.377906976744157,273.1860465116279,117.47
2003-12-31,2463.949999999999,19.05000000000001,0.06837459712862587,0.03895161455174822,459.03999999999996,33.359999999999985,46.75999999999999,12.5,2430.59,5.600000000000001,89.9,1309.38,394.48,2032.0,793.98,6386.41,640.0,1423.36,529.41,3005.31,162.69,3168.0,275.88,3218.41,47.170000000000016,-29.179999999999993,25.019999999999996,13.400000000000006,45.70374278215221,1.07,0.98,0.49,2.0,4.08,1.194462349838852,1.786111924992676,2.366598300615296,2.7405654849106376,3.192675065924408,1.45,1.43,0.68,0.54,12,2003,10.852396772662587,278.6122448979592,136.52
2004-03-31,2398.37,53.08,0.19,0.0,452.82,71.81,85.95,12.0,2326.56,42.09,58.29,1308.27,375.64,1926.52,795.26,6325.48,940.48,1399.23,0.0,2849.66,163.4,3013.06,275.88,3312.42,47.23,32.55,-111.39,14.14,15.789999999999997,1.0,0.91,0.19,0.0,0.0,3.36,4.88,6.4,7.4,8.28,2.24,2.21,0.68,0.54,3,2004,0.0,279.36842105263156,53.08
2004-06-30,2692.6500000000005,147.20999999999998,0.5365385191472364,0.2,476.96,171.69,186.06,10.5,2520.9600000000005,70.77,69.88,1400.85,316.46,1960.37,788.63,6409.71,1045.0,1382.31,0.0,2773.1,201.38,2974.48,275.88,3435.23,165.61,-13.929999999999996,-140.10000000000002,14.370000000000001,4.891261123564976,0.84,0.87,0.73,0.2,0.27,9.17260372459933,11.759748364870937,17.139833241799387,19.285987318388333,19.697578511158817,4.04,3.93,0.71,0.59,6,2004,54.873972602739734,274.36986301369865,200.29
2004-09-30,2739.5,75.97999999999999,0.27502081297281644,0.0013755651980318672,504.3900000000001,95.24000000000001,109.88999999999999,11.9,2644.2699999999995,65.39,58.24,1477.13,309.22,2098.95,782.83,6725.16,1048.7,1454.68,0.0,2892.67,154.75,3047.42,275.88,3677.74,103.46000000000001,-66.24,-48.860000000000014,14.649999999999995,10.817363121874179,0.89,0.83,1.0,0.2,0.2,4.5213421652731025,5.808439569985883,8.261625221703405,9.097688493140767,9.72473594671879,3.6,3.53,0.73,0.62,9,2004,0.3800273972602639,276.27,276.27
2004-12-31,3132.25,66.89000000000004,0.24170532696118444,0.0003410653922368759,574.0899999999999,84.93,99.46000000000004,12.3,3047.3100000000004,62.620000000000005,67.52,1718.07,337.6,2403.54,781.22,7029.33,820.0,1861.12,0.0,3107.3,176.72,3284.01,275.88,3745.32,211.92000000000002,7.829999999999998,-210.45999999999998,14.530000000000001,12.722930183883982,0.91,0.88,1.24,0.2,0.16,3.804909663130903,4.92766989159576,7.14200256440145,7.687788786571866,8.420701713486427,3.19,3.13,0.77,0.66,12,2004,0.09438709677419865,276.741935483871,343.16
2005-03-31,3072.73,88.95,0.32,0.0,569.05,123.06,138.07,12.5,2949.67,103.83,53.45,1622.52,291.21,2255.96,801.71,6896.19,782.83,1753.98,0.0,2905.29,160.59,3065.88,275.88,3830.31,93.44,-57.36,-50.14,15.01,9.765,0.9,0.8,0.32,0.0,0.0,5.16,7.44,9.28,9.96,12.32,2.92,2.89,0.78,0.68,3,2005,0.0,277.96875,88.95
2005-06-30,3321.89,173.04000000000002,0.6274590633230276,0.35,599.8500000000001,204.19,220.32,15.0,3117.7,91.96,76.5,1686.69,298.02,2326.05,811.64,7033.74,615.51,1884.06,0.0,2902.2,172.38,3074.59,275.88,3959.16,310.1,-31.25,-255.81,16.130000000000003,5.976684726074896,1.05,0.78,0.95,0.35,0.37,9.827990381312265,12.86621321424482,17.489595786098707,18.731304248253753,20.924108553761595,4.19,4.1,0.8,0.7,6,2005,96.52263157894737,275.7789473684211,261.99
2005-09-30,3451.1899999999996,78.58999999999997,0.28382670738152554,0.0014098395616146833,624.5899999999999,105.87,122.96000000000004,15.1,3345.3200000000006,74.97999999999999,99.38,1636.11,316.65,2307.69,825.17,7079.06,414.62,1924.14,0.0,2807.68,188.47,2996.15,275.88,4082.91,219.91000000000003,-5.280000000000001,-191.75,17.089999999999996,13.304244814861946,1.02,0.73,1.23,0.35,0.28,4.439695813024838,5.796525926360912,7.697934112396498,8.104060132714778,9.359358740971283,3.52,3.46,0.82,0.71,9,2005,0.3903765511339259,276.8943089430894,340.58
2005-12-31,3695.0,72.90000000000003,0.2644626100415982,-0.0015756800694639121,665.1899999999998,118.78999999999996,136.70999999999992,15.3,3576.2199999999993,87.5,106.65,1805.78,369.05,2651.65,858.68,7521.63,450.0,2086.01,0.0,3142.36,144.27,3286.64,275.88,4234.99,-33.50999999999999,54.5,-13.720000000000027,17.92000000000001,14.463292181069953,1.0,0.78,1.5,0.35,0.23,3.8787849472767744,5.352723227241949,6.883080197349331,7.306220373415887,8.885943697397702,3.1,3.05,0.84,0.73,12,2005,-0.43434146341462565,275.65333333333336,413.48
2006-03-31,3643.11,104.53,0.38,0.0,638.97,139.31,159.1,16.1,3503.8,93.75,76.91,1860.34,299.09,2588.46,877.79,7534.06,503.48,2023.8,0.0,3046.33,106.71,3153.04,275.88,4381.02,-0.57,-33.51,4.34,19.79,10.5925,1.01,0.72,0.38,0.0,0.0,5.56,7.72,9.56,10.2,12.4,2.91,2.87,0.85,0.75,3,2006,0.0,275.07894736842104,104.53
2006-06-30,3864.03,132.14,0.4801639413529386,0.5,667.44,163.31,184.87000000000003,17.6,3700.7200000000003,78.34,156.95,1920.79,337.82,2699.64,890.91,7731.56,524.85,2175.14,0.0,3197.73,87.84,3285.57,275.88,4445.99,172.76999999999998,33.62,-126.34,21.560000000000002,9.165723664295443,1.09,0.74,0.86,0.5,0.58,6.833961211813918,9.156614695567667,11.881265897663413,12.573595301474626,14.896248785228376,3.23,3.15,0.84,0.74,6,2006,137.59883720930233,275.19767441860466,236.67
2006-09-30,3870.2799999999997,81.45000000000002,0.29444077706525845,0.0025818471309641986,672.77,111.98000000000002,134.71999999999997,17.8,3758.2999999999993,73.88999999999999,78.92,2111.53,348.79,2838.7,896.99,7946.63,503.75,2242.46,0.0,3276.24,84.21,3360.44,275.88,4586.18,-33.53999999999999,-26.33,-18.180000000000007,22.740000000000002,15.115093922651932,1.07,0.73,1.15,0.5,0.43,4.096567333081857,5.653262919652962,7.107544322897021,7.517201056205207,9.094379479441724,2.85,2.8,0.87,0.76,9,2006,0.7142062689585487,276.62608695652176,318.12
2006-12-31,4334.5599999999995,51.69999999999999,0.1873289708506841,-0.0011613170214417854,683.8099999999997,120.44999999999993,143.79000000000002,18.0,4214.1,158.74000000000004,61.42,2139.91,446.0,3154.55,929.28,8283.14,310.58,2426.56,25.43,3500.67,83.17,3583.84,275.88,4699.3,200.23999999999998,-39.82000000000001,-177.90999999999997,23.340000000000003,24.01684042553192,1.06,0.76,1.34,0.5,0.37,2.493991671624033,3.785722784057108,4.400832837596668,4.630101130279594,6.257346817370611,2.39,2.35,0.9,0.77,12,2006,-0.3205061648280605,275.98507462686564,369.82
2007-03-31,4047.91,94.89,0.34,0.0,664.98,128.5,152.66,18.2,3919.41,75.73,41.47,2044.98,358.34,2857.95,926.41,7852.97,380.0,2054.64,0.0,3111.7,84.94,3196.64,275.88,4656.32,-94.76,-0.43,75.24,24.16,13.3825,1.08,0.69,0.34,0.0,0.0,4.84,6.68,8.16,8.4,10.84,2.38,2.34,0.92,0.8,3,2007,0.0,279.0882352941176,94.89
2007-06-30,3997.71,172.62,0.625925759784681,0.5,713.97,209.35000000000002,232.92999999999998,18.0,3788.3600000000006,85.11999999999999,14.41,2248.22,296.95,2981.68,921.18,7975.03,412.0,2106.37,0.0,3196.52,87.23,3283.75,275.88,4691.28,-1.4099999999999966,78.26,-103.91,23.580000000000002,7.190629127563432,1.06,0.7,0.97,0.5,0.52,8.646809465066728,11.098889761130424,14.712481776382193,15.125463720982394,18.248639677021423,3.4,3.32,0.93,0.84,6,2007,137.89175257731958,275.78350515463916,267.51
2007-09-30,3890.05,83.76999999999998,0.3028578342063311,0.0014731104156345944,735.45,121.88,145.31,18.9,3768.17,86.82,72.39,2209.36,358.52,3084.5,911.3,8048.74,170.1,2209.03,0.0,3202.89,85.52,3288.41,275.88,4760.32,212.99,-5.420000000000002,-149.58999999999997,23.43,15.59939835263221,1.1,0.69,1.27,0.5,0.39,4.1589296287861535,5.484826918697335,7.039656114780231,7.173199726713731,9.05234912320656,3.0,2.94,0.96,0.85,9,2007,0.40746002110560653,276.59842519685037,351.28
2007-12-31,4506.4299999999985,127.29000000000002,0.4601452243141025,5.717492681204042e-05,852.5999999999999,206.61,230.76,19.5,4299.82,196.09,94.08,2666.0,437.7,3757.75,911.97,8745.88,80.0,2615.2,0.0,3766.6,90.2,3856.8,275.88,4889.08,166.89,-13.669999999999995,-131.53000000000003,24.14999999999999,10.592905766360277,1.1,0.79,1.73,0.5,0.29,5.819640178030383,8.330490419374387,10.415772823202458,10.617917546022527,14.235244164907959,2.96,2.91,1.0,0.88,12,2007,0.015816303308923807,276.6300578034682,478.57
2008-03-31,3912.58,115.91,0.42,0.55,765.55,164.54,190.44,18.6,3748.04,132.09,81.51,2311.62,375.38,3361.05,983.15,8259.97,160.0,2192.14,0.0,3271.48,90.51,3361.99,275.88,4897.98,-54.75,-35.83,78.01,25.9,11.0725,1.05,0.69,0.42,0.55,1.31,5.6,8.16,9.48,9.72,13.2,2.99,2.96,1.03,0.91,3,2008,151.78690476190476,275.9761904761905,115.91
2008-06-30,4279.780000000001,205.79999999999998,0.748456684591713,-0.002021008272756688,797.3600000000001,251.56000000000003,281.01,15.8,4028.21,110.22999999999999,121.27,2429.6,369.52,3454.76,1649.49,9206.71,940.83,2266.58,0.53,4169.69,106.0,4275.69,275.88,4931.01,102.53999999999999,-742.2299999999999,679.45,29.450000000000003,5.27585641399417,0.88,0.87,1.17,0.55,0.47,8.930303689658388,12.384719157004756,16.6835472941469,17.118547760405335,21.135905007615555,4.01,3.93,0.83,0.74,6,2008,-0.5557081807081659,274.96581196581195,321.71
2008-09-30,4392.609999999999,113.42000000000002,0.3988063337393423,0.018242293638152374,816.4199999999998,140.63,173.50000000000006,15.0,4251.99,96.18,80.98,2445.98,379.06,3456.1,1641.23,9142.21,172.93,2336.24,0.36,3418.6,99.71,3518.3,318.42,5623.9,139.53,0.06999999999993634,-179.88,32.87,9.39929906542056,0.85,0.63,1.53,0.55,0.36,4.962923264311816,6.756248477466506,8.069963459196105,8.73724725943971,10.144799025578564,3.52,3.46,1.01,0.9,9,2008,5.188084464555061,284.39869281045753,435.13
2008-12-31,5088.300000000001,138.26999999999998,0.4702241018486222,0.018054415697217076,930.25,214.67999999999995,247.8599999999999,18.0,4873.629999999999,172.7,35.01,2944.42,561.62,4318.66,1640.03,10154.83,50.0,2961.39,0.39,4177.24,97.82,4275.06,318.42,5879.76,180.82,-100.37,-126.43000000000006,33.18000000000001,9.569107543212557,0.97,0.73,1.95,0.55,0.28,5.449776770143006,7.870828043250784,9.404482036972443,10.272588071154516,12.452498779211718,3.3,3.24,1.03,0.9,12,2008,5.308924082453473,294.05128205128204,573.4
2009-03-31,4383.74,114.64,0.36,0.0,809.77,155.6,189.72,18.2,4228.14,130.62,45.96,2461.86,451.16,3703.78,1630.56,9423.7,132.0,2300.92,0.41,3429.55,111.95,3541.5,318.42,5882.2,-73.78,-30.88,115.61,34.12,12.64,0.99,0.6,0.36,0.0,0.0,4.88,7.04,7.8,8.52,10.4,2.64,2.62,1.08,0.95,3,2009,0.0,318.44444444444446,114.64
2009-06-30,5004.17,239.41000000000003,0.7505863578590596,0.6,905.03,283.5,318.34000000000003,17.9,4720.669999999999,140.73000000000002,37.88,2717.2,465.09,3958.33,1629.53,9745.66,120.3,2506.44,0.44,3629.09,107.44,3736.53,318.42,6009.13,103.71000000000001,96.36999999999999,-208.15,34.839999999999996,5.96343772189967,0.95,0.62,1.11,0.6,0.54,9.818481005507698,12.523296709504308,15.931364496540036,17.50015760485807,19.420576754695663,3.85,3.77,1.09,0.96,6,2009,191.37837837837836,318.9639639639639,354.05
2009-09-30,5163.42,145.39999999999998,0.4570587646411052,-0.0015898569507539868,950.45,203.30999999999995,239.39000000000004,19.3,4960.110000000001,169.0,96.09,2778.97,484.97,4128.29,1632.27,9994.98,0.0,2653.16,0.46,3643.97,125.79,3769.76,318.42,6225.22,228.51999999999998,-8.079999999999998,-162.23000000000002,36.08000000000001,10.554058631361762,0.99,0.61,1.57,0.6,0.38,5.82240464510962,7.81366703373711,9.339137050755829,9.816574231654819,11.78454700170187,3.49,3.43,1.13,1.0,9,2009,-0.5057669134102412,318.1210191082802,499.45
2009-12-31,5546.99,209.41000000000003,0.6587821290522812,-0.0004654283876631233,1021.4000000000001,285.99,322.70000000000005,19.9,5260.99,335.91999999999996,385.99,3036.36,622.83,5111.87,1609.76,10983.93,0.0,3038.44,0.48,4382.67,130.3,4512.97,318.42,6470.96,301.16,19.11,-30.390000000000015,36.709999999999994,7.548626140107922,0.98,0.7,2.23,0.6,0.27,7.621784273340293,10.375079987585702,12.939308184973056,13.565594334565361,16.614308043901477,3.57,3.53,1.17,1.02,12,2009,-0.1479477878380635,317.8744394618834,708.86
2010-03-31,5151.77,145.68,0.46,0.0,920.38,194.26,231.94,24.4,4957.51,180.84,451.01,2820.66,498.51,4651.69,1599.83,10555.36,3.5,2673.89,0.51,3749.87,129.03,3878.9,318.42,6676.46,49.18,10.81,5.04,37.68,13.26,1.16,0.58,0.46,0.0,0.0,5.52,7.76,8.72,9.28,11.4,2.84,2.83,1.24,1.11,3,2010,0.0,316.69565217391306,145.68
2010-06-30,5492.779999999999,254.64999999999998,0.801486273824095,0.65,1001.4499999999999,309.42,347.59,27.0,5183.360000000001,202.35,452.32,2962.31,557.45,4801.7,1598.1,10754.37,2.31,2815.78,0.53,3866.51,108.28,3974.78,318.42,6779.59,147.73999999999998,84.84,-231.26999999999998,38.169999999999995,8.422414981346947,1.27,0.59,1.26,0.65,0.52,9.465171233732171,12.493008268178752,15.011965128768766,15.927949441710588,18.599570354457573,3.81,3.76,1.24,1.1,6,2010,206.51944444444445,317.72222222222223,400.33
2010-09-30,5682.08,121.87000000000006,0.3827399463806972,0.0014134644027406253,1036.46,172.68,211.71000000000004,27.5,5509.389999999999,172.56,458.31,3193.06,519.88,4712.98,1585.42,10873.32,0.0,2915.62,0.56,3652.5,104.69,3757.19,318.42,7116.13,44.120000000000005,-22.070000000000007,-16.060000000000002,39.03,17.964417001723138,1.23,0.53,1.64,0.65,0.4,4.480857908847187,6.049158176943703,6.8519785522788235,7.309399463806973,8.747008042895445,3.23,3.2,1.29,1.15,9,2010,0.45006775067753324,318.4146341463415,522.2
2010-12-31,6026.3200000000015,230.15999999999997,0.7219650167473017,0.0007788176132598105,1130.5900000000001,338.03,377.18000000000006,26.75,5688.300000000001,330.74,537.07,3450.81,734.86,6083.75,1685.85,12391.81,0.0,3220.74,0.58,4947.32,100.2,5047.52,318.42,7344.29,242.48,-159.16,-4.570000000000022,39.150000000000006,9.259035888077861,1.16,0.69,2.36,0.65,0.28,7.427673985857832,10.62145143282471,12.530375883885373,13.325761071827316,16.67861555638258,3.39,3.37,1.23,1.08,12,2010,0.24828441504752163,318.79661016949154,752.36
2011-03-31,5583.08,181.98,0.57,0.0,1020.75,237.17,275.81,26.0,5345.91,208.62,804.7,3237.2,553.92,5655.59,722.28,12112.86,7.33,2994.54,0.65,4481.9,310.02,4791.92,318.42,7320.94,385.49,-145.83,27.96,38.64,11.4025,1.13,0.65,0.57,0.0,0.0,6.0,8.36,9.96,10.4,12.439999999999998,3.28,3.26,1.26,1.14,3,2011,0.0,319.2631578947369,181.98
2011-06-30,6045.98,282.31000000000006,0.8877481746322343,0.75,979.02,348.07000000000005,388.40000000000003,27.0,5697.91,150.52999999999997,623.23,3526.32,589.5,5542.94,734.47,12253.73,0.0,3043.17,0.73,4351.29,311.98,4663.28,318.42,7590.45,-1.8100000000000023,67.09000000000002,-246.74,40.33,7.602212195813111,1.13,0.61,1.46,0.75,0.51,9.21798789549635,12.379830709254993,14.884983092463765,15.711926597600641,18.022504038424263,4.08,3.99,1.27,1.14,6,2011,238.50513698630138,318.0068493150685,464.29
2011-09-30,6207.17,144.90000000000003,0.4543065381900557,0.0022122627688643723,1188.5500000000002,204.25,245.89999999999998,28.0,6002.920000000002,172.48000000000002,818.24,3453.56,546.01,5468.87,952.55,12424.6,0.0,3019.98,0.8,4384.98,302.68,4687.66,318.42,7736.94,519.02,-310.71,-13.310000000000002,41.650000000000006,15.408428916494133,1.15,0.61,1.91,0.75,0.39,4.661993795039315,6.4506771286462365,7.487732891216206,7.801703901902527,9.34301613618083,3.47,3.42,1.25,1.12,9,2011,0.7055959979918782,318.94764397905766,609.19
2011-12-31,6981.790000000001,321.02,1.0077062168757591,-0.0009007001796758054,1174.4299999999998,438.3299999999999,480.7599999999999,31.5,6543.459999999999,318.40999999999997,1008.12,4195.8,778.06,6944.17,949.83,14196.52,2.82,4210.7,0.87,5611.24,304.47,5915.71,318.42,8247.54,216.99,-24.069999999999993,-3.030000000000001,42.43000000000001,7.816464628372064,1.22,0.72,2.92,0.75,0.26,9.041747562378387,12.7550759505918,15.571131679943237,16.468404338805215,19.7399984949635,3.82,3.75,1.24,1.1,12,2011,-0.2869316144302161,318.5650684931507,930.21
2012-03-31,6454.39,215.5,0.68,0.0,1164.74,278.13,319.55,35.0,6176.25,226.57,968.6,3937.55,750.61,6480.55,947.74,13932.61,0.56,3752.86,0.9,4989.7,299.61,5289.31,318.42,8607.99,123.74,-115.02,-7.85,41.42,12.8675,1.29,0.61,0.68,0.0,0.0,6.2,8.56,10.0,10.84,12.44,3.37,3.34,1.3,1.15,3,2012,0.0,316.9117647058823,215.5
2012-06-30,6853.579999999999,292.85,0.9274879512147144,0.9000000000000001,1169.9799999999998,355.15999999999997,397.62999999999994,37.25,6498.43,231.29000000000002,730.01,4289.96,767.94,6460.59,957.95,13864.99,4.22,3975.16,0.92,4992.74,304.12,5296.87,318.42,8532.82,-36.099999999999994,82.5,-285.0,42.47,10.042017244323032,1.39,0.62,1.61,0.9,0.56,8.45684666076522,11.175941772400904,13.733734631651421,14.540245893577259,16.452829743287104,3.89,3.82,1.29,1.14,6,2012,284.17080745341616,315.7453416149068,508.35
2012-09-30,7058.840000000002,282.15,0.8923149905123339,0.001294094075217661,1245.1800000000003,362.75,406.0100000000001,56.75,6696.09,237.96000000000004,1120.5,4629.04,755.9,7109.36,965.0,15135.02,0.25,4162.77,0.94,5337.36,309.64,5647.01,318.42,9451.23,346.46000000000004,51.27,-7.229999999999961,43.260000000000005,15.899654439128124,1.91,0.6,2.5,0.9,0.36,7.4526148007590125,10.32229981024668,11.935605313092976,13.134876660341554,14.519749525616698,3.96,3.88,1.33,1.19,9,2012,0.4091925465838244,316.2,790.5
2012-12-31,5430.3499999999985,180.98000000000002,0.5719197513072838,0.0006911104706223347,1026.7800000000002,192.66000000000008,232.98000000000002,56.0,5237.689999999999,187.14,1194.64,4436.9,879.62,8242.36,909.17,16365.69,0.0,4441.11,0.97,6298.94,326.25,6625.19,318.42,9702.07,494.35,-422.21,2.0,40.31999999999999,24.47755995137584,1.84,0.68,3.07,0.9,0.29,4.426323547576893,5.79744060608556,7.459174867212913,8.06276444188249,8.800485033145305,3.83,3.77,1.31,1.17,12,2012,0.2186970684039693,316.442996742671,971.48
2013-03-31,6998.43,295.21,0.93,0.0,1178.84,371.6,402.44,49.75,6626.84,243.35,962.81,4888.77,721.74,7817.13,941.89,16223.59,0.0,4219.29,2.2,5879.65,825.84,6705.49,318.42,9479.19,-241.17,7.87,1.46,30.84,13.3725,1.67,0.71,0.93,0.0,0.0,7.28,9.84,12.44,13.04,14.359999999999998,4.3,4.22,1.33,1.21,3,2013,0.0,317.43010752688167,295.21
2013-06-30,6513.360000000001,395.15000000000003,1.2420700793788748,1.0,1131.1299999999999,454.35,489.34999999999997,44.0,6059.0,250.60999999999999,1111.36,4294.18,679.89,7406.94,946.84,15505.47,0.0,4070.13,3.43,5455.14,751.53,6206.67,318.42,9259.18,640.91,-167.15,-325.2,35.0,8.857712767303555,1.51,0.67,2.17,1.0,0.46,10.18840894605713,12.867159163335073,17.079894547772177,17.766753577843442,18.819937423952723,5.25,5.11,1.36,1.23,6,2013,318.13824884792626,318.13824884792626,690.36
2013-09-30,7001.029999999999,143.31999999999994,0.45041070914499554,0.00018926688709466297,1284.67,192.33999999999992,225.37000000000012,45.5,6808.689999999999,124.57999999999998,1045.66,4718.02,605.65,7650.27,1000.61,15855.41,0.0,4144.89,4.66,5582.53,709.59,6292.11,323.38,9522.42,-6.7900000000000205,-310.90999999999997,251.99,33.03,25.259945576332694,1.55,0.66,2.62,1.0,0.38,3.617038671912483,4.517860090202475,6.01693695422704,6.044442951732076,6.814610881873138,4.16,4.06,1.37,1.26,9,2013,0.060224434516442216,318.1984732824427,833.68
2013-12-31,6437.6500000000015,202.16999999999996,0.6343124004440797,0.001645954367969481,1161.7999999999997,299.98,330.81999999999994,44.0,6137.670000000002,278.9200000000001,1589.08,4359.04,671.24,8255.0,985.61,16420.44,3.68,4116.73,5.89,5996.81,644.22,6641.03,323.38,9738.66,719.2,4.75,-180.52,30.840000000000003,17.343583370430828,1.46,0.68,3.25,1.0,0.31,4.9261676883718675,6.276765168702031,8.306564850123086,8.322178693826325,9.875756142298595,3.92,3.84,1.38,1.26,12,2013,0.5246036406342114,318.7230769230769,1035.85
2014-03-31,6358.61,174.46,0.54,0.0,1145.49,212.63,242.18,41.5,6145.97,229.37,1704.74,4223.6,690.23,7955.1,995.86,16309.22,0.0,3902.79,4.42,5497.98,668.22,6166.19,323.38,10102.02,186.57,-56.17,-14.75,29.55,19.2125,1.33,0.61,0.54,0.0,0.0,4.28,5.24,6.92,7.12,7.88,2.77,2.74,1.45,1.32,3,2014,0.0,323.0740740740741,174.46
2014-06-30,6667.04,353.0999999999999,1.0976647206005001,1.0,1192.4199999999998,435.77,466.06,41.0,6231.28,255.38,930.37,4402.9,740.78,8036.74,1000.44,16538.72,0.0,3973.97,2.94,5538.89,685.21,6224.1,324.6,10273.09,196.75,-667.96,-303.16,30.290000000000003,9.338006230529595,1.3,0.61,1.64,1.0,0.61,8.540366972477063,10.842785654712259,13.760967472894075,14.457047539616346,15.768890742285235,4.14,4.05,1.45,1.32,6,2014,321.6829268292683,321.6829268292683,527.56
2014-09-30,6847.590000000002,226.11,0.7020279432642934,0.001236550770910629,1266.1000000000004,296.82000000000005,328.6299999999999,42.0,6550.759999999998,266.78,1088.36,4413.87,706.76,8485.01,1004.96,17292.57,0.0,4338.14,1.47,5799.98,725.27,6525.25,324.6,10724.1,293.51000000000005,-123.39999999999998,-12.099999999999966,31.810000000000002,14.957737937287158,1.27,0.61,2.34,1.0,0.43,5.232208260909949,6.840272267703373,8.43633579683416,8.928355381002296,9.864392638688022,3.85,3.79,1.46,1.34,9,2014,0.3982697519282965,322.0811965811966,753.67
2014-12-31,7219.509999999998,478.09000000000003,1.4710342112099761,0.00898897914956236,1086.8000000000002,588.0799999999999,620.5700000000002,43.0,6631.440000000002,314.1600000000001,1296.77,4588.62,903.12,9759.55,831.97,18956.47,0.0,4459.96,0.0,6582.56,871.72,7454.28,327.76,11457.12,270.7099999999999,-104.11000000000001,41.77999999999997,32.489999999999995,7.310587964609173,1.23,0.65,3.79,1.0,0.26,10.091527570305903,13.460545236084952,16.689834058582843,18.040546210300707,19.236004091706178,4.66,4.55,1.48,1.35,12,2014,2.921441941230853,325.00263852242745,1231.76
2015-03-31,6476.55,266.13,0.81,0.0,1161.17,336.19,367.71,42.75,6140.36,292.35,635.41,4291.63,808.05,9002.85,831.59,18050.28,0.0,3922.21,0.0,5757.29,796.02,6553.31,330.0,11449.0,212.82,-907.63,33.46,31.52,13.195,1.23,0.57,0.81,0.0,0.0,5.88,7.84,9.28,9.88,10.92,4.16,4.11,1.56,1.42,3,2015,0.0,328.55555555555554,266.13
2015-06-30,7035.400000000001,398.74,1.2234415750447456,1.0,1264.44,457.48999999999995,489.59,42.0,6577.910000000001,278.6,786.88,4498.52,810.33,8951.25,841.4,18344.45,0.0,4322.96,0.0,5938.03,793.01,6731.04,330.0,11562.84,400.75000000000006,81.25,-330.53999999999996,32.099999999999994,8.583082522445704,1.2,0.58,2.04,1.0,0.49,8.684036277768586,10.915017973438417,13.79370403236723,14.609331749063728,15.352992314287004,5.02,4.92,1.51,1.37,6,2015,325.9166666666667,325.9166666666667,664.87
2015-09-30,8015.91,271.25,0.8345083963594411,-0.002691962568901423,1268.6999999999998,334.14,370.3900000000001,40.25,7681.77,253.57999999999993,1021.87,5073.72,724.81,9500.69,886.42,18932.0,0.0,4859.18,0.0,6304.6,778.45,7083.05,330.0,11774.5,324.52,-89.37,-0.1500000000000341,36.25000000000001,12.06171207373272,1.13,0.6,2.88,1.0,0.35,5.725654830577277,7.220815707387943,9.214363543135494,9.643208135709099,10.350222193735846,4.42,4.35,1.51,1.39,9,2015,-0.875,325.0416666666667,936.12
2015-12-31,8154.489999999998,463.82000000000005,1.4080853465148506,0.013224078650989856,1397.2900000000004,581.6300000000001,632.3299999999999,37.25,7572.8499999999985,429.1700000000001,1325.52,5005.53,768.59,10953.16,941.86,20498.62,0.0,4885.86,0.0,7405.82,751.53,8157.34,330.0,12243.71,528.66,-218.76999999999998,-6.240000000000009,50.69999999999999,6.610039670561855,1.0,0.67,4.25,1.0,0.24,9.051503921596641,11.489976427561182,15.147685186507994,15.65128276926154,17.307853765161365,4.8,4.72,1.48,1.38,12,2015,4.35598039215688,329.39764705882357,1399.94
2016-03-31,7938.22,292.11,0.8900000000000001,0.0,1329.58,346.46,379.34,42.25,7591.76,277.97,1481.81,4929.8,784.7,10731.32,942.02,20443.21,0.0,4819.61,0.0,6998.36,753.61,7751.96,330.0,12588.67,259.04,-97.72,-5.02,32.88,11.8675,1.11,0.62,0.89,0.0,0.0,5.72,7.2,9.28,9.72,10.32,3.71,3.68,1.53,1.42,3,2016,0.0,328.2134831460674,292.11
2016-06-30,8230.470000000001,443.79999999999995,1.3629220964520115,1.1,1398.73,472.7300000000001,504.68,45.0,7757.74,370.38,1601.19,4990.35,743.08,10768.27,924.14,20554.16,0.0,4860.03,0.0,7019.05,756.04,7775.09,330.0,12671.97,511.04,-25.89,-365.77000000000004,31.949999999999996,8.253699921135647,1.17,0.61,2.26,1.1,0.49,8.635860363359651,10.155578807191096,14.01518120422334,14.64236659374108,14.594121563778177,4.61,4.55,1.53,1.43,6,2016,358.18628318584075,325.62389380530976,735.91
2016-09-30,8483.050000000001,288.16999999999996,0.8863911999062571,-0.0017564956208482832,1432.5300000000002,419.39999999999986,451.0999999999999,44.0,8063.6500000000015,346.66999999999996,2601.79,4606.34,846.82,11567.43,930.48,21397.86,0.0,5215.51,0.0,7483.57,760.02,8243.59,330.0,13041.45,1088.3200000000002,-87.57000000000001,-0.15999999999996817,31.700000000000003,12.411421730228687,1.11,0.63,3.15,1.1,0.35,5.391509647683775,6.911037418951644,8.835772595890944,9.286003046636981,10.017627529099288,4.21,4.15,1.55,1.43,9,2016,-0.5710450906026381,325.1047619047619,1024.08
2016-12-31,8711.740000000002,350.03,1.0596857602375356,0.017350582940091792,1420.29,408.8700000000001,442.0400000000002,44.5,8302.869999999999,399.47,3057.66,4974.28,768.39,12851.42,967.54,23055.62,0.0,5520.45,0.0,8545.24,779.64,9324.88,330.0,13611.32,645.0499999999997,-190.09999999999997,0.9099999999999682,33.16999999999999,10.501226323457988,1.08,0.69,4.16,1.1,0.26,6.072814549053569,7.713289620190524,10.291179017691451,10.83121118396635,11.56483978720772,4.17,4.12,1.5,1.41,12,2016,5.731156135531137,330.3149038461538,1374.11
2017-03-31,7802.14,304.72,0.9200000000000002,0.0,1332.74,388.92,424.0,48.25,7413.21,372.74,2870.04,4357.17,759.9,12158.06,961.51,22995.04,0.0,4985.2,0.0,7619.45,879.96,8499.41,330.0,14369.62,405.72,-595.31,1.97,35.08,13.1125,1.11,0.59,0.92,0.0,0.0,5.32,7.16,8.48,9.04,10.12,3.92,3.91,1.6,1.5,3,2017,0.0,331.2173913043478,304.72
2017-06-30,8005.929999999999,525.74,1.595338487103533,1.3,1368.6200000000001,622.1500000000001,657.23,43.75,7383.79,394.14,1595.07,4155.76,717.32,10286.53,961.83,22457.74,0.0,4622.68,0.0,7161.96,846.99,8008.95,330.0,14313.4,280.12,-1123.66,-431.43,35.08,6.855473047513981,1.01,0.56,2.52,1.3,0.52,9.369448257592177,11.90173157045493,14.687243214603953,15.573542374105918,16.738392698022786,5.35,5.25,1.44,1.34,6,2017,428.41190476190474,329.54761904761904,830.46
2017-09-30,7826.310000000001,325.27,0.9850440846910611,0.002602107181896716,1350.58,415.81000000000006,451.8499999999999,46.0,7410.509999999998,375.36,1473.82,4820.53,737.7,10840.19,953.4,23934.35,0.0,4854.88,0.0,7425.34,1031.2,8456.53,330.0,15333.52,-52.180000000000064,-74.08999999999992,5.009999999999991,36.040000000000006,11.672066437113784,0.99,0.55,3.5,1.3,0.37,5.437443347494657,7.092317409775639,8.4882655983664,9.174982045979597,9.72660673340659,4.96,4.89,1.46,1.36,9,2017,0.8592380952381404,330.2085714285714,1155.73
