,revenue,net_profit,eps,dps,gross_profit,ebit,ebitda,close_price,expense,operating_profit,cash,account_receivable,inventory,current_asset,property_plant_equipment,total_asset,short_term_loan,account_payable,current_portion_long_term_debt,current_liability,non_current_liability,total_liability,paid_in_capital,total_equity,cash_flow_operation,cash_flow_investment,cash_flow_financing,depreciation,P/E,P/BV,D/E,EPS,DPS,DPR%,ROA%,ROAA%,ROE%,ROAE%,ROCE%,NPM%,NPMA%,CurrentRatio,QuickRatio,month,year,dividend,number_of_shares,return_old
2000-03-31,61.04,21.17,1.75,1.75,40.09,30.48,35.33,1.98,30.56,29.08,47.97,0.0,0.0,75.35,394.03,532.66,0.0,0.0,0.0,50.62,0.0,50.62,121.0,482.04,22.67,-40.29,-1.74,4.85,0.2825,0.5,0.11,1.75,1.75,1.0,15.88,0.0,17.56,0.0,25.279999999999998,35.86,34.68,1.49,1.49,3,2000,21.17,12.097142857142858,21.17
2000-06-30,55.51,20.57,1.7002036415908002,0.00020364159080012137,38.7,29.349999999999998,33.53,2.15,26.16,28.28,41.6,0.0,0.0,67.31,390.79,520.29,0.0,0.0,0.0,38.86,0.0,38.86,121.0,481.43,15.489999999999995,4.32,-21.17,4.18,0.314521147301896,0.54,0.08,3.45,1.75,0.51,15.80942980354576,0.0,17.090742692860566,0.0,24.50264494489698,37.13,35.81,1.73,1.73,6,2000,0.0024637681159411784,12.09855072463768,41.74
2000-09-30,50.69000000000001,13.979999999999997,1.1566367552045942,-0.0017059937368002359,35.39999999999999,21.189999999999998,25.459999999999994,2.18,29.5,20.590000000000003,31.69,0.0,0.0,55.65,391.25,527.3,0.0,0.0,0.0,47.01,0.0,47.01,121.0,480.29,12.32,2.759999999999998,0.010000000000001563,4.270000000000001,0.4683190271816882,0.55,0.1,4.61,1.75,0.38,10.60793969849246,0.0,11.641636755204592,0.0,16.930552763819094,34.66,33.32,1.18,1.18,9,2000,-0.020619950328526926,12.086767895878523,55.72
2000-12-31,44.50999999999999,10.239999999999995,0.8460885385081864,1.2523112673295722,31.539999999999992,14.710000000000008,19.090000000000003,2.05,29.810000000000002,15.920000000000002,34.68,0.0,0.0,59.88,387.51,523.77,0.0,0.0,0.0,33.24,0.0,33.24,121.0,490.52,16.110000000000007,1.9800000000000004,-15.100000000000001,4.379999999999999,0.6119335937500002,0.51,0.07,5.45,3.0,0.55,7.818168587022434,0.0,8.352213462704665,0.0,12.121576713159484,32.48,31.15,1.8,1.8,12,2000,15.156413062946527,12.10275229357798,65.96
2001-03-31,43.99,15.72,1.3,1.5,31.95,22.47,27.11,2.08,21.51,20.59,30.72,0.0,0.0,82.22,389.68,552.12,6.15,0.0,0.0,45.88,0.0,45.88,121.0,506.25,-1.07,-9.02,6.15,4.64,0.4,0.5,0.09,1.3,1.5,1.15,11.4,16.56,12.44,12.72,17.76,38.26,35.74,1.79,1.79,3,2001,18.138461538461538,12.092307692307692,15.72
2001-06-30,40.54,14.299999999999999,1.1813457694870084,0.0015528109465484197,31.150000000000002,20.450000000000003,25.17,2.65,20.099999999999998,19.180000000000003,44.5,0.0,0.0,63.85,386.87,532.4,0.0,0.0,0.0,0.0,30.0,30.0,121.0,502.39,41.86,-3.8100000000000005,-24.28,4.72,0.5615629370629371,0.64,0.06,2.48,1.5,0.6,10.74643570952698,15.528980679546969,11.394270486342439,11.622918054630244,0.0,37.82,35.51,0.0,0.0,6,2001,0.018796526054590146,12.10483870967742,30.02
2001-09-30,32.0,10.629999999999999,0.8786420664206641,-0.0008213307939528572,25.589999999999996,15.199999999999996,19.939999999999998,2.8,16.79,14.11,33.12,0.0,0.0,76.4,383.01,533.94,0.0,0.0,0.0,0.0,20.92,20.92,121.0,513.02,-18.009999999999998,6.62,-0.010000000000001563,4.74,0.793497177798683,0.66,0.04,3.36,1.5,0.45,7.960078720787208,11.453726937269373,8.284339483394833,8.556300123001229,0.0,37.17,34.88,0.0,0.0,9,2001,-0.009936635944697514,12.098214285714286,40.65
2001-12-31,26.97999999999999,6.340000000000003,0.5234986167269634,0.0015618824673940986,22.42,9.089999999999996,13.829999999999998,2.8,17.9,8.21,55.11,0.0,0.0,96.3,382.02,545.97,0.0,0.0,0.0,26.6,0.0,26.6,121.0,519.36,18.299999999999997,3.71,0.0,4.74,1.334100946372239,0.65,0.05,3.88,1.5,0.39,4.646724835071294,6.783894445626733,4.88418812513301,5.02450734198766,6.983579484996811,34.94,32.74,3.62,3.62,12,2001,0.018915684830631108,12.110824742268042,46.99
2002-03-31,29.01,10.9,0.9,2.5,26.06,14.56,19.43,2.73,14.45,13.84,73.71,0.0,0.0,114.85,378.59,555.18,0.0,0.0,0.0,0.0,24.92,24.92,121.0,530.26,14.82,-4.22,0.0,4.87,0.7575,0.62,0.05,0.9,2.5,2.78,7.84,10.52,8.24,8.4,0.0,40.4,37.57,0.0,0.0,3,2002,30.27777777777778,12.11111111111111,10.9
2002-06-30,26.48,7.58,0.627564935064935,-0.006764069264069387,23.430000000000003,10.13,14.89,2.83,16.35,9.41,47.34,11.75,0.0,83.45,377.67,531.08,0.0,0.18,0.0,23.94,0.0,23.94,121.0,507.13,17.869999999999997,-6.010000000000001,-30.24,4.760000000000001,1.1275725593667547,0.67,0.05,1.53,2.5,1.63,5.70961038961039,7.6128138528138525,5.972121212121212,6.004935064935065,7.99017316017316,35.71,33.3,3.49,3.49,6,2002,-0.08169934640523024,12.07843137254902,18.48
2002-09-30,22.139999999999993,5.34,0.4416372795969773,0.0026752934591135176,-9.86,7.189999999999998,12.020000000000003,2.8,14.95,5.149999999999999,25.16,9.46,0.0,89.38,376.88,527.8,0.0,0.25,0.0,15.4,0.0,15.4,121.0,512.4,-18.49,-3.6899999999999995,0.0,4.83,1.5835393258426966,0.66,0.03,1.97,2.5,1.27,4.044231738035264,5.389319899244332,4.169773299748111,4.169773299748111,5.5776322418136015,33.02,30.68,5.8,5.8,9,2002,0.0323479645665401,12.091370558375635,23.82
2002-12-31,23.52000000000001,6.550000000000001,0.5413401382943694,0.0017006831146820975,11.529999999999994,8.779999999999998,13.579999999999998,2.8,14.740000000000002,5.030000000000001,28.95,8.19,0.0,115.14,373.54,540.12,0.0,0.0,0.0,20.86,0.0,20.86,121.0,519.25,32.900000000000006,-29.1,0.0,4.800000000000001,1.2982595419847327,0.65,0.04,2.51,2.5,1.0,4.848337174843596,6.4615739216331916,5.0467566677642415,5.0467566677642415,6.754889693776755,32.34,30.02,5.52,5.52,12,2002,0.020577588124659485,12.099601593625499,30.37
2003-03-31,28.04,9.23,0.76,0.0,15.62,12.35,17.16,2.9,15.69,11.04,49.04,8.43,0.0,129.63,371.51,550.23,0.0,0.0,0.0,21.98,0.0,21.98,121.0,528.24,25.36,-5.26,0.0,4.81,0.955,0.66,0.04,0.76,0.0,0.0,6.719999999999999,8.92,7.0,6.96,9.36,35.31,32.92,5.9,5.9,3,2003,0.0,12.144736842105264,9.23
2003-06-30,30.4,11.11,0.9176401179941002,2.0,18.17,14.85,19.73,3.1,15.540000000000001,13.420000000000002,44.32,13.31,0.0,124.72,374.0,543.11,0.0,0.0,0.0,27.29,0.0,27.29,121.0,515.82,29.590000000000003,-10.18,-24.14,4.88,0.8467371737173719,0.73,0.05,1.68,2.0,1.19,8.193215339233037,11.055378564405112,8.608338249754178,8.695732546705997,11.514198623402162,37.31,34.8,4.57,4.57,6,2003,24.214285714285715,12.107142857142858,20.34
2003-09-30,25.689999999999998,7.510000000000002,0.6202154398563735,0.0002564760194922467,12.700000000000003,10.05,14.990000000000002,3.5,15.650000000000002,11.939999999999998,45.34,11.7,0.0,120.06,369.77,546.94,0.0,0.46,0.0,23.86,0.0,23.86,121.0,523.08,12.349999999999994,-11.31,-0.019999999999999574,4.940000000000001,1.4091877496671104,0.81,0.05,2.3,2.0,0.87,5.490254937163376,7.474944344703771,5.738341113105926,5.803059245960504,7.679885098743268,35.86,33.1,5.03,5.03,9,2003,0.0031055900621126398,12.108695652173914,27.85
2003-12-31,26.0,6.009999999999998,0.49698759598346115,-0.002619481753511964,13.559999999999995,8.25,13.520000000000003,3.55,17.749999999999993,10.21,31.56,62.42,0.0,119.66,363.22,550.18,0.0,0.58,0.0,20.57,0.0,20.57,121.0,529.61,-42.989999999999995,29.21,0.0,5.269999999999998,1.7887770382695514,0.81,0.04,2.8,2.0,0.71,4.366391021854695,5.928352037802715,4.536786769049024,4.58648552864737,6.098747784997045,32.86,30.75,5.82,5.82,12,2003,-0.03167701863354111,12.092857142857143,33.86
2004-03-31,31.7,12.6,1.04,0.0,18.53,16.67,21.93,3.7,15.02,16.47,58.14,15.88,0.0,134.95,364.06,564.29,0.0,0.0,0.0,21.99,0.0,21.99,121.0,542.3,15.3,11.29,-0.02,5.26,0.89,0.83,0.04,1.04,0.0,0.0,8.92,11.96,9.28,9.4,12.28,42.6,39.75,6.14,6.14,3,2004,0.0,12.115384615384615,12.6
2004-06-30,29.820000000000004,10.209999999999999,0.8459842174484875,3.0,16.17,13.5,18.82,3.53,16.330000000000002,13.93,76.47,26.65,0.0,124.96,363.15,536.88,0.0,0.71,0.0,21.64,0.0,21.64,121.0,515.23,53.480000000000004,1.1300000000000008,-36.269999999999996,5.32,1.0444343780607248,0.83,0.04,1.89,3.0,1.59,7.609381850065761,10.008575186321787,7.9316615519508975,7.913757124068391,10.491994739149495,39.81,37.08,5.77,5.77,6,2004,36.2063492063492,12.068783068783068,22.81
2004-09-30,25.449999999999996,24.2,2.002510104233142,1.5039842924335587,9.959999999999994,7.229999999999997,12.530000000000001,3.68,18.22,7.880000000000003,159.7,12.67,0.0,185.42,335.62,567.8,0.0,0.0,0.0,46.48,0.0,46.48,121.0,521.32,23.939999999999998,59.28,0.0,5.300000000000001,0.4565020661157025,0.85,0.09,3.89,4.5,1.16,17.049649010848757,13.816804935120187,18.573409912784513,18.53222718570517,14.764007657945118,58.04,54.05,3.99,3.99,9,2004,18.17539886563023,12.084832904884317,47.01
2004-12-31,25.570000000000007,8.510000000000005,0.7035464697406344,0.004102599957032422,11.930000000000007,9.550000000000004,13.409999999999997,4.0,16.020000000000003,9.839999999999996,143.09,12.42,0.0,171.65,343.2,561.47,0.0,0.19,0.0,31.61,0.0,31.61,121.0,529.85,11.480000000000004,-9.93,-18.160000000000004,3.8599999999999977,1.4189894242068148,0.91,0.06,4.59,4.5,0.98,6.063681556195969,5.180799711815565,6.425417867435162,6.425417867435162,5.4321757925072065,53.1,49.33,5.43,5.43,12,2004,0.049624477040183024,12.095860566448803,55.52
2005-03-31,29.87,9.35,0.77,0.0,13.78,12.34,17.74,4.05,17.53,11.57,121.89,14.05,0.0,187.96,350.33,571.28,0.0,0.0,0.0,32.04,0.0,32.04,121.0,539.24,8.28,-29.47,0.0,5.4,1.315,0.91,0.06,0.77,0.0,0.0,6.56,8.68,6.92,6.92,9.16,34.8,31.3,5.87,5.87,3,2005,0.0,12.142857142857142,9.35
2005-06-30,32.150000000000006,11.139999999999999,0.9188189360663738,2.7499999999999996,17.65,14.84,20.460000000000004,4.0,17.310000000000002,15.41,114.13,16.85,0.0,159.2,375.43,556.5,0.0,0.0,0.0,39.33,0.0,39.33,121.0,517.17,21.700000000000003,3.759999999999998,-33.23,5.619999999999999,1.0897957809694794,0.94,0.08,1.69,2.75,1.63,8.0029673011225,10.808355295265983,8.611888726207905,8.633635919960957,11.43902391410444,35.69,33.04,4.05,4.05,6,2005,33.34171597633136,12.124260355029586,20.49
2005-09-30,34.07,11.580000000000002,0.9568755846585595,-0.005084107804118907,17.04,15.520000000000003,21.479999999999997,4.6,18.549999999999997,21.49,92.5,17.16,0.0,135.84,405.46,562.06,0.0,0.27,0.0,33.31,0.0,33.31,121.0,528.76,12.249999999999996,-33.86,0.0,5.960000000000001,1.20470207253886,1.05,0.06,2.65,2.75,1.04,8.247184284377925,10.919214218896165,8.767146866230124,8.824920486435923,11.670271281571564,36.11,33.37,4.08,4.08,9,2005,-0.06152729708607296,12.10188679245283,32.07
2005-12-31,34.329999999999984,16.619999999999997,1.3721996303142328,0.0022826352317507335,16.540000000000006,13.199999999999996,19.389999999999993,5.15,21.129999999999995,16.540000000000006,91.09,16.74,0.0,134.51,443.35,597.18,0.0,0.28,0.0,51.77,0.0,51.77,121.0,545.41,19.64,-21.07,0.0,6.190000000000001,0.9374729241877258,1.14,0.09,4.02,2.75,0.68,11.127788046826863,13.175847196549599,12.192778804682684,12.370277264325322,13.99507085643869,40.19,37.33,2.6,2.6,12,2005,0.02764714165023463,12.111940298507463,48.69
2006-03-31,37.51,13.29,1.1,0.0,18.81,17.76,23.83,5.6,19.75,16.36,92.46,17.3,0.0,117.29,501.5,621.37,0.0,0.18,0.0,62.45,0.0,62.45,121.0,558.92,23.03,-21.66,0.0,6.07,1.2725,1.21,0.11,1.1,0.0,0.0,8.56,11.92,9.52,9.68,12.72,39.07,35.43,1.88,1.88,3,2006,0.0,12.08181818181818,13.29
2006-06-30,35.17000000000001,11.3,0.09190727938186256,5.000000000000001,17.88,15.109999999999996,21.32,5.15,20.060000000000002,15.39,10.1,16.71,0.0,35.23,524.56,569.94,0.0,0.0,0.0,60.21,0.0,60.21,121.0,509.72,12.619999999999997,-34.480000000000004,-60.5,6.209999999999999,14.008683628318582,1.22,0.12,0.2,5.0,25.0,7.922407482716552,10.734770231801546,8.85986173241155,8.804717364782432,11.856039040260269,36.57,33.83,0.59,0.59,6,2006,614.75,122.94999999999999,24.59
2006-09-30,39.08999999999999,12.870000000000001,0.10650560597971169,-0.08735985050720727,17.75,17.340000000000003,23.85,5.0,21.75,10.409999999999997,6.13,18.12,0.0,47.6,572.58,621.28,13.0,0.0,10.2,58.9,39.8,98.7,121.0,522.58,0.740000000000002,-67.71,63.0,6.51,11.7371756021756,1.16,0.19,0.31,5.0,16.13,8.286823278163375,11.667517351841965,9.853486385477844,9.798515750133477,12.272194340630007,36.78,33.52,0.81,0.81,9,2006,-10.556451612903174,120.83870967741936,37.46
2006-12-31,34.91000000000001,13.060000000000002,0.10857482185273161,-0.022986744310781074,14.740000000000009,10.939999999999998,17.799999999999997,4.88,23.97,9.770000000000003,4.38,16.37,0.0,44.62,616.11,661.63,28.5,0.0,15.3,91.28,34.7,125.98,121.0,535.65,19.130000000000003,-36.379999999999995,15.5,6.859999999999999,11.23741194486983,1.1,0.24,0.42,5.0,11.9,7.900110847189233,10.050926365795727,9.751053048297706,9.668329374505147,11.084972288202694,37.43,34.44,0.49,0.49,12,2006,-2.7649769585253807,120.28571428571429,50.52
2007-03-31,38.0,8.94,0.07,0.0,16.49,12.59,22.55,5.15,25.4,11.7,2.39,20.32,0.0,41.13,609.84,651.98,29.5,0.18,20.4,77.78,29.6,107.38,121.0,544.6,13.09,-16.09,1.0,9.96,18.3925,1.14,0.2,0.07,0.0,0.0,5.48,7.92,6.56,6.48,8.76,24.47,23.53,0.53,0.53,3,2007,0.0,127.7142857142857,8.94
2007-06-30,38.129999999999995,8.000000000000002,0.06611570247933886,0.38000000000000006,15.09,11.2,21.429999999999996,4.8,26.940000000000005,14.510000000000002,7.24,21.67,0.0,40.86,616.71,658.9,77.0,0.35,22.1,127.79,24.5,152.29,121.0,506.61,22.750000000000004,-16.02,-1.88,10.23,18.152268749999998,1.15,0.3,0.14,0.38,2.71,4.85478158205431,7.31050767414404,6.309327036599765,6.2904368358913825,8.462809917355374,23.14,22.25,0.32,0.32,6,2007,45.980000000000004,121.0,16.94
2007-09-30,37.980000000000004,6.669999999999998,0.05650148242270223,-0.009495976281236784,14.880000000000003,10.54,21.050000000000004,4.7,27.439999999999998,12.14,5.27,19.58,0.0,35.39,579.78,651.59,0.0,0.35,20.4,118.9,19.4,138.3,121.0,513.28,8.299999999999997,-5.469999999999999,-4.8,10.509999999999998,20.795914542728642,1.11,0.27,0.2,0.38,1.9,4.090707327403641,6.090859805167301,5.198136382888605,5.152935196950443,7.277390936044048,21.49,20.69,0.3,0.3,9,2007,-1.1210000000000022,118.05,23.61
2007-12-31,37.489999999999995,6.780000000000001,0.05577492596248767,0.010972359328726526,15.57,10.920000000000002,21.47,4.46,26.560000000000002,1.3699999999999974,3.41,19.69,0.0,31.34,573.45,640.64,69.0,0.0,20.4,106.28,14.3,120.58,121.0,520.06,28.950000000000003,-15.71,-15.100000000000001,10.55,19.99106194690265,1.04,0.23,0.25,0.38,1.52,4.229970384995065,6.202171767028629,5.2116090819348475,5.140217176702864,7.558617966436329,20.81,20.05,0.29,0.29,12,2007,1.3337999999999965,121.56,30.39
2008-03-31,40.47,10.0,0.08,0.0,18.48,13.77,24.58,4.32,26.7,12.4,5.18,22.53,0.0,35.75,576.02,646.77,65.0,0.57,20.4,107.51,9.2,116.71,121.0,530.06,23.28,-12.4,-9.1,10.81,13.5,0.99,0.22,0.08,0.0,0.0,6.2,8.48,7.5600000000000005,7.4399999999999995,10.2,25.58,24.71,0.33,0.33,3,2008,0.0,125.0,10.0
2008-06-30,46.08,12.45,0.10536748329621382,0.23,22.81,17.900000000000002,30.22,4.6,28.180000000000003,16.259999999999998,5.53,21.95,0.0,34.69,583.51,652.81,62.0,0.41,27.4,111.02,27.1,138.12,121.0,514.68,24.72,-18.450000000000003,-5.93,12.319999999999999,10.913945783132531,1.08,0.27,0.19,0.23,1.21,7.630824053452116,10.714209354120268,9.67162583518931,9.760356347438753,12.976837416481068,26.87,25.94,0.31,0.31,6,2008,27.176315789473684,118.1578947368421,22.45
2008-09-30,46.89,13.620000000000001,0.11327973385084558,0.003970204135234152,23.220000000000006,18.79,31.210000000000008,6.0,28.089999999999996,17.16,2.66,23.44,0.0,31.44,593.23,658.76,62.5,0.18,29.4,110.46,20.0,130.46,121.0,528.3,21.900000000000006,-20.17,-4.6,12.419999999999998,13.241556534508074,1.37,0.25,0.3,0.23,0.77,8.27697255336845,11.63005267535348,10.316007762683672,10.46704740781813,13.895647352370391,28.0,27.03,0.28,0.28,9,2008,0.4773508771929862,120.23333333333333,36.07
2008-12-31,45.5,9.030000000000001,0.07408203991130821,0.003129563932002963,20.909999999999997,15.059999999999995,24.86999999999999,7.3,30.450000000000003,13.549999999999997,1.47,22.6,0.0,26.65,583.61,643.82,43.5,0.53,26.3,89.49,17.0,106.49,121.0,537.33,25.409999999999997,-1.5,-25.099999999999998,9.810000000000002,24.63518826135105,1.64,0.2,0.37,0.23,0.62,5.6142172949002225,8.169046563192905,6.7194412416851454,6.831565410199556,9.46648337028825,26.1,25.2,0.3,0.3,12,2008,0.38146846846846927,121.8918918918919,45.1
2009-03-31,47.97,13.62,0.11,0.0,24.03,19.04,30.45,4.18,28.94,20.33,1.35,23.0,0.0,27.0,573.6,633.59,20.5,0.72,21.2,68.64,14.0,82.64,121.0,550.95,31.88,-0.9,-31.1,11.41,9.5,0.92,0.15,0.11,0.0,0.0,8.6,11.88,9.88,10.08,13.48,29.43,28.39,0.39,0.39,3,2009,0.0,123.81818181818181,13.62
2009-06-30,49.150000000000006,14.680000000000001,0.12449469964664311,0.3,25.15,20.39,31.720000000000002,4.22,28.749999999999996,15.64,1.94,23.83,0.0,28.4,563.1,624.01,76.0,0.37,16.1,116.64,11.0,127.64,121.0,496.36,22.580000000000002,-0.13,-21.869999999999997,11.329999999999998,8.472649863760216,1.03,0.26,0.24,0.3,1.25,9.42009893992933,12.822954063604241,11.826996466431096,11.619505300353358,16.12206360424028,30.22,29.14,0.24,0.24,6,2009,35.375,117.91666666666667,28.3
2009-09-30,48.91999999999999,13.720000000000002,0.11754402665397432,-0.0030699666825321353,24.380000000000003,19.65,30.849999999999994,4.76,29.269999999999996,17.36,2.52,21.34,0.0,26.74,555.46,689.5,131.0,0.71,12.0,170.43,8.0,178.43,121.0,510.09,27.910000000000004,-75.23,47.9,11.2,10.12216472303207,1.13,0.35,0.36,0.3,0.83,7.953812470252261,11.440951927653499,10.761808662541648,10.56590195145169,14.862789148024753,29.95,28.77,0.16,0.16,9,2009,-0.3583333333333343,116.72222222222223,42.02
2009-12-31,50.52000000000001,13.019999999999996,0.11118095930232555,0.0009841327519380008,28.75999999999999,18.83,30.25,4.8,31.690000000000012,31.960000000000008,0.9,22.46,0.0,26.08,570.23,716.04,146.5,0.36,12.0,186.88,5.0,191.88,121.0,523.11,24.319999999999993,-38.44,12.5,11.420000000000002,10.790291858678959,1.11,0.37,0.47,0.3,0.64,7.276438953488371,10.843691860465114,9.954244186046509,9.821773255813952,13.928372093023253,29.14,28.0,0.14,0.14,12,2009,0.11524822695035652,117.1063829787234,55.04
2010-03-31,49.66,12.43,0.11,0.0,23.89,17.87,29.64,4.78,31.79,21.68,51.01,22.99,0.0,77.32,560.96,806.78,82.91,0.71,12.0,128.94,141.18,270.12,121.0,535.54,30.86,-52.96,72.21,11.77,10.862500000000002,1.08,0.5,0.11,0.0,0.0,6.16,9.92,9.28,9.16,10.56,26.13,25.03,0.6,0.6,3,2010,0.0,113.0,12.43
2010-06-30,68.62,13.990000000000002,0.12179031037093112,0.15,28.08,21.37,32.99,7.75,47.25000000000001,12.219999999999999,7.55,31.17,0.0,78.61,1124.23,1416.04,123.13,3.81,11.0,170.12,139.23,309.35,121.0,1106.69,-19.83,-42.87,19.38000000000001,11.620000000000001,15.910543245175125,0.85,0.28,0.23,0.15,0.65,3.960832702498108,8.154655563966692,5.06224072672218,6.989704769114307,6.671990915972748,25.28,22.34,0.46,0.46,6,2010,17.230434782608697,114.86956521739131,26.42
2010-09-30,63.24000000000001,10.719999999999999,0.0952504038772213,-0.003097562688768703,27.260000000000005,18.979999999999997,30.550000000000004,7.9,44.25999999999999,19.270000000000003,165.67,33.56,0.0,405.5,1117.83,1743.78,89.84,4.35,8.0,133.69,486.95,620.64,121.0,1121.83,57.459999999999994,-214.97000000000003,315.49,11.57,20.735345149253735,0.85,0.55,0.33,0.15,0.45,2.4591922455573503,5.530296176628971,3.8215616585891223,5.253204092622508,4.179472267097468,22.61,20.46,3.03,3.03,9,2010,-0.34861660079051404,112.54545454545455,37.14
2010-12-31,114.67999999999998,13.57,0.11774403470715836,0.0035200157759810425,26.689999999999998,25.239999999999995,36.829999999999984,7.95,89.44000000000001,18.429999999999993,10.72,61.52,0.0,426.93,1129.23,1793.5,0.0,25.54,32.0,93.71,540.22,633.93,121.0,1158.07,4.090000000000003,-170.7,11.660000000000025,11.589999999999996,16.88153463522476,0.83,0.55,0.44,0.15,0.34,3.0292328929205286,7.118162098205482,4.688353381975942,6.454513902583317,5.255665549201341,19.03,17.12,4.56,4.56,12,2010,0.40568181818181515,115.25,50.71
2011-03-31,134.25,20.2,0.17,0.0,32.21,34.8,44.95,8.15,99.45,27.4,18.04,52.61,0.0,477.01,688.31,1945.08,45.0,11.75,29.0,125.17,742.77,867.94,121.0,1075.5,28.71,-60.54,39.15,10.15,11.985,0.92,0.81,0.17,0.0,0.0,4.16,10.12,7.52,10.04,7.64,16.46,15.05,3.81,3.81,3,2011,0.0,118.8235294117647,20.2
2011-06-30,375.97,170.43,1.4483376173739706,0.4,15.420000000000002,251.01999999999998,266.61,8.95,124.95,-34.39,17.78,47.99,0.0,863.06,541.6,1806.99,28.0,5.93,27.0,265.81,607.78,873.59,121.0,931.61,10.79,60.67,-71.72,15.589999999999998,1.543562753036437,1.16,0.94,1.62,0.4,0.25,37.728300897025655,63.440763783245025,73.16787074437393,66.8738603577611,66.33743901799298,91.88,37.36,3.25,3.25,6,2011,47.069135802469134,117.67283950617283,190.63
2011-09-30,231.12,114.5,0.9718972241339756,0.0004684504034508847,26.369999999999997,169.44,176.69,9.2,61.66999999999999,16.12,22.69,54.89,572.39,667.38,1186.15,3100.05,247.4,29.19,47.0,391.32,1378.66,1769.98,121.0,1328.17,-114.42,60.37,58.96,7.2500000000000036,2.3650906113537116,0.84,1.33,2.59,0.4,0.15,14.769835807688528,28.218791990299216,34.47796021367941,37.389899387146464,25.231802838134563,108.79,41.16,1.71,0.24,9,2011,0.05518852185520018,117.81081081081082,305.13
2011-12-31,150.18999999999994,112.44,0.9424527624110928,0.005012009638778752,-11.229999999999997,10.740000000000009,34.10000000000002,9.9,139.45999999999998,-32.72,75.08,44.44,209.84,574.29,1446.2,3152.73,79.66,166.04,37.0,296.09,1312.38,1608.47,130.65,1542.26,174.64,-5.07,-117.18,23.36,2.6274526414087513,0.84,1.04,3.5,0.4,0.11,14.260656656368992,20.292354335799985,29.16756663553416,33.31435879014297,17.567319491342765,103.89,46.84,1.94,1.23,12,2011,0.5979613899613838,119.30571428571429,417.57
2012-03-31,431.15,-56.61,-0.32,0.0,216.83,-16.62,21.32,20.6,447.77,10.03,94.55,43.64,216.34,600.9,1605.98,4646.96,1234.96,324.36,176.59,1779.1,1194.23,2973.33,150.68,1671.51,35.77,-1101.32,1085.02,37.94,-16.095,1.86,1.78,-0.32,0.0,0.0,-4.88,-2.0,-13.56,-16.48,-2.32,-13.74,-13.13,0.34,0.22,3,2012,0.0,176.90625,-56.61
2012-06-30,498.1,-10.519999999999996,-0.05798301802472812,0.02,264.66999999999996,33.72,74.83000000000001,18.7,464.38,-24.06,92.54,54.63,326.75,678.45,1637.93,4760.16,520.52,336.7,221.8,1112.55,1987.72,3100.27,180.82,1657.64,-34.17,-84.68000000000006,116.83999999999992,41.11,-80.62619296577948,2.04,1.87,-0.37,0.02,-0.06,-0.8838492477282881,0.32595858781468784,-2.538715924325934,-3.2533174437658268,0.29461641590942933,-7.47,-7.22,0.61,0.32,6,2012,3.6286486486486487,181.43243243243242,-67.13
2012-09-30,677.3499999999999,12.589999999999996,0.06925192519251923,4.0436476080041e-05,291.21000000000004,52.46999999999999,97.96000000000001,16.6,624.87,30.589999999999996,68.02,67.96,178.14,470.7,1659.32,4579.52,409.29,275.52,571.62,1283.87,1623.06,2906.93,180.82,1670.23,199.26000000000002,-346.5799999999999,122.79000000000019,45.49000000000001,59.922521842732344,1.8,1.74,-0.3,0.02,-0.07,1.0987972130546386,-1.671279794646131,3.0193839383938386,3.3610267693436,-1.9482874954162075,-3.51,-3.39,0.37,0.23,9,2012,0.007351351351351454,181.8,-54.54
2012-12-31,616.3499999999999,-127.17000000000002,-0.706849925705795,-0.00021000495294700117,308.0799999999999,-102.46,-23.360000000000014,13.3,718.8299999999999,23.430000000000003,110.41,66.84,139.68,417.76,1702.82,4516.64,334.07,323.11,576.41,1269.14,1691.84,2960.98,180.82,1553.19,196.75,-53.75999999999999,-100.60000000000014,79.09999999999998,-4.704570063694267,1.55,1.91,-1.01,0.02,-0.02,-11.253610698365527,-2.407488855869242,-32.75304606240713,-32.86502228826152,-2.8273997028231803,-8.46,-8.17,0.33,0.22,12,2012,-0.03778217821782137,179.91089108910893,-181.71
2013-03-31,535.34,-23.72,-0.1,0.0,285.63,8.33,61.23,14.1,527.01,-3.22,103.57,67.47,106.26,342.96,1693.9,4447.24,323.07,297.86,430.45,1097.18,1817.94,2915.12,180.82,1529.47,52.55,-35.01,-24.37,52.9,-35.25,1.67,1.91,-0.1,0.0,0.0,-2.12,0.72,-6.2,-5.92,1.0,-4.53,-4.43,0.31,0.22,3,2013,0.0,237.2,-23.72
2013-06-30,540.5400000000001,-21.61,-0.09534524597396868,0.03,285.19000000000005,10.31,64.19,16.6,530.23,-14.33,51.93,67.57,89.91,247.93,1676.22,4333.67,290.24,259.27,445.56,1028.49,1799.52,2828.01,226.02,1502.84,82.22000000000001,-91.19,-42.67999999999999,53.88,-43.52602961591855,2.5,1.88,-0.2,0.03,-0.14,-2.0022501654533422,0.7818310169865431,-5.7588528568277075,-5.472817118905802,1.0678667549084493,-4.36,-4.21,0.24,0.15,6,2013,6.799499999999999,226.64999999999998,-45.33
2013-09-30,571.0699999999999,-59.61,-0.2612978845054317,0.00019468267581475393,303.18999999999994,-40.29,14.999999999999986,15.1,611.3599999999999,-0.75,67.04,68.93,66.86,242.2,1702.64,4306.5,310.0,294.22,103.04,740.48,2119.8,2860.28,226.02,1443.23,75.03999999999999,-61.38000000000001,1.4500000000000028,55.28999999999999,-14.448834927025667,2.36,1.98,-0.46,0.03,-0.06,-5.544059462550028,-1.1133562035448827,-16.51857061177816,-15.314328187535736,-1.386014865637507,-6.6,-6.37,0.33,0.24,9,2013,0.04441304347826147,228.1304347826087,-104.94
2013-12-31,554.1699999999998,-2.760000000000005,-0.012300835654596122,-0.0005021194138306875,309.28,25.14,82.08000000000001,13.0,529.0300000000002,13.850000000000001,99.59,69.97,67.29,273.13,1835.18,4360.7,356.0,300.88,143.89,832.03,2085.07,2917.1,226.02,1440.47,56.329999999999984,-80.21000000000001,56.44,56.94,-264.177173913043,2.04,2.03,-0.48,0.03,-0.06,-0.25319220055710356,0.008200557103064082,-0.7667520891364916,-0.7380501392757675,0.010250696378830103,-5.06,-4.89,0.33,0.25,12,2013,-0.1126630434782605,224.37500000000003,-107.7
2014-03-31,526.08,-23.81,-0.08,0.0,306.62,3.93,58.47,16.5,522.15,-6.14,75.96,69.79,65.59,260.24,1844.75,4344.28,399.0,276.36,652.75,1364.96,1559.34,2924.3,226.02,1416.66,-14.97,-36.89,28.22,54.54,-51.5625,2.63,2.06,-0.08,0.0,0.0,-2.2,0.36,-6.72,-6.48,0.52,-4.61,-4.53,0.19,0.14,3,2014,0.0,297.625,-23.81
2014-06-30,540.5299999999999,-23.220000000000002,-0.0839336593663619,0.03,314.46000000000004,34.11,90.50999999999999,22.0,506.41999999999996,18.6,77.11,61.32,49.95,1486.44,764.52,4300.39,171.0,246.3,628.36,1964.22,945.54,2909.76,282.53,1387.16,45.13,-44.81999999999999,0.8500000000000014,56.4,-65.52704888027561,4.48,2.1,-0.17,0.03,-0.16,-2.152651499043164,1.7379204762917286,-6.694943652987455,-6.418456304486499,3.219102700403998,-4.52,-4.41,0.76,0.73,6,2014,8.299411764705882,276.6470588235294,-47.03
2014-09-30,1169.3100000000002,417.22,1.476426159539696,0.000630677728288973,394.88,493.71999999999997,542.59,28.0,675.6000000000001,-0.3500000000000014,136.22,93.95,215.53,496.16,881.52,5362.47,163.0,369.07,563.52,1146.97,1473.64,2620.6,282.53,2188.93,-73.74,-511.07,643.91,48.870000000000005,4.74028108671684,3.61,1.2,1.31,0.03,0.02,31.106383208622603,49.58988627461574,76.23317971852292,91.87653475242443,56.84804235662768,21.75,16.56,0.43,0.24,9,2014,0.17822182308037782,282.587786259542,370.19
2014-12-31,785.8299999999999,-9.170000000000016,-0.03251232618691491,-5.753418748660153e-05,432.76,16.639999999999986,79.6099999999999,23.7,769.1799999999998,-18.29,191.52,112.82,221.25,572.17,943.99,5595.07,169.0,448.23,568.85,1249.79,1615.8,2865.58,282.53,2179.14,124.39,-60.26999999999998,-8.81000000000006,62.97,-182.28163576881101,3.07,1.32,1.28,0.03,0.02,-0.6553265747050038,-1.1196432330618822,-1.6835288903661878,-2.0269403357154765,-1.2822048639964567,14.71,11.95,0.46,0.28,12,2014,-0.016227337786260065,282.046875,361.02
2015-03-31,774.93,-17.49,-0.05,0.0,435.77,11.54,69.69,26.25,763.39,-21.71,96.44,109.07,227.74,498.93,969.65,5524.59,400.0,381.73,90.18,945.6,2081.11,3026.71,282.53,2066.52,-55.41,-258.3,218.63,58.15,-131.25,3.59,1.46,-0.05,0.0,0.0,-1.28,0.92,-3.4,-4.0,1.0,-2.36,-2.26,0.53,0.29,3,2015,0.0,349.79999999999995,-17.49
2015-06-30,807.4500000000002,-23.73,-0.06332605531295489,0.04,450.95000000000005,0.26000000000000156,62.31,15.9,807.1999999999999,-36.18,80.21,96.69,225.34,477.88,992.22,5511.34,424.94,423.8,101.31,996.32,2054.61,3050.92,376.7,2032.32,64.19,-75.17000000000002,-5.25,62.050000000000004,-62.77234513274337,2.95,1.5,-0.11,0.04,-0.34,-1.7270742358078606,0.5526637554585153,-4.674614264919942,-5.5496652110625915,0.5987190684133916,-2.72,-2.6,0.48,0.25,6,2015,14.989090909090908,374.7272727272727,-41.22
2015-09-30,792.8399999999997,-18.0,-0.0486322188449848,-0.0004973749654600706,449.99,8.71,72.02000000000001,12.1,784.1200000000001,-22.019999999999996,66.95,84.46,215.63,439.9,987.23,5442.5,460.0,365.3,112.53,980.73,2023.56,3004.29,376.7,2013.02,5.3100000000000005,-33.81999999999999,15.25,63.30999999999999,-62.20567499999999,2.26,1.49,-0.16,0.04,-0.23,-1.325227963525836,0.46200607902735563,-3.5744680851063833,-3.4285714285714284,0.5592705167173253,-2.6,-2.49,0.45,0.23,9,2015,-0.18409090909090864,370.125,-59.22
2015-12-31,828.0700000000002,-4.770000000000003,-0.012672292545710277,0.0006680731364275633,482.1099999999999,27.569999999999997,91.42999999999998,10.5,800.4899999999998,-1.7999999999999972,121.47,103.04,223.88,518.32,1015.63,5496.12,445.0,438.04,123.69,1067.78,1994.74,3062.52,376.7,2007.64,129.64,-38.21999999999997,-36.900000000000006,63.860000000000014,-207.12905660377345,1.97,1.53,-0.17,0.04,-0.22,-0.34587904360056276,0.25940928270042213,-0.9511673699015476,-0.9124050632911398,0.32500703234880474,-2.08,-2.0,0.49,0.28,12,2015,0.2514705882352928,376.4117647058823,-63.99
2016-03-31,820.81,-4.67,-0.01,0.0,469.22,26.42,89.67,10.9,794.39,-5.62,117.03,83.17,192.13,473.1,1000.83,5414.51,465.0,365.28,136.15,1036.27,1951.88,2988.15,376.7,2005.85,26.23,-18.48,-12.18,63.25,-272.5,2.05,1.49,-0.01,0.0,0.0,-0.36,1.92,-0.92,-0.92,2.4,-0.59,-0.57,0.46,0.27,3,2016,0.0,467.0,-4.67
2016-06-30,832.0700000000002,-1.1399999999999997,-0.0019621342512908774,0.01,491.88,22.619999999999997,86.77,9.7,809.4499999999999,4.37,103.33,106.0,196.56,489.26,991.2,5403.58,438.0,415.3,148.72,1074.24,1907.52,2981.76,414.37,2003.97,89.14999999999999,-39.69,-63.160000000000004,64.15,-1235.8991228070179,2.01,1.49,-0.01,0.01,-1.11,-0.0863339070567986,0.7063683304647158,-0.22760757314974175,-0.22760757314974175,0.8868846815834764,-0.36,-0.35,0.46,0.27,6,2016,5.8100000000000005,581.0,-5.81
2016-09-30,848.8800000000001,-100.49,-0.2457892756349953,-0.004210724365004706,396.12,-130.21,-64.45,11.7,979.0800000000002,-11.38,98.32,92.58,196.29,478.43,979.12,5214.09,427.0,430.13,160.95,1085.83,1831.33,2917.16,414.37,1904.96,67.25,-28.89,-43.36999999999999,65.75999999999999,-11.900437854512887,2.55,1.53,-0.26,0.01,-0.04,-7.714001881467544,-5.747687676387582,-21.100063969896517,-20.532857949200373,-7.449305738476012,-4.4,-4.25,0.44,0.26,9,2016,-1.7215384615384624,408.8461538461538,-106.3
2016-12-31,841.0799999999999,-33.290000000000006,-0.08108460491439216,4.171557363046775e-05,442.21000000000004,-16.61,51.030000000000015,12.2,857.69,-33.14,100.45,113.04,204.35,507.1,999.76,5223.51,408.8,515.23,173.33,1206.05,1784.81,2990.86,414.37,1875.65,109.87,-57.329999999999984,-50.42999999999999,67.64000000000001,-37.61256533493542,2.7,1.59,-0.34,0.01,-0.03,-2.5470105308403186,-1.7361644816963968,-7.097287771330326,-6.858803639229173,-2.318065764023211,-4.34,-4.18,0.42,0.25,12,2016,0.01712669683257939,410.55882352941177,-139.59
2017-03-31,829.11,-4.66,-0.01,0.0,439.39,20.75,88.08,13.7,808.36,-22.48,80.13,103.53,195.58,458.37,1004.9,5285.76,612.39,458.41,679.51,1832.44,1230.52,3062.96,414.37,1868.89,11.06,-156.28,125.06,67.33,-342.5,3.04,1.64,-0.01,0.0,0.0,-0.36,1.56,-1.0,-0.9600000000000001,2.4,-0.59,-0.56,0.25,0.14,3,2017,0.0,466.0,-4.66
2017-06-30,807.17,-8.42,-0.019311926605504588,0.01,419.59000000000003,-0.35999999999999943,69.39999999999999,9.8,807.5200000000001,-46.3,190.92,114.43,181.6,574.39,1008.18,5284.3,254.3,403.78,587.65,1324.27,691.22,2015.48,455.81,2252.35,2.01,40.66,68.12,69.76,-126.8659026128266,1.98,0.89,-0.03,0.01,-0.37,-0.6437308868501529,0.9784709480122324,-1.4934556574923548,-1.570703363914373,1.3132110091743119,-0.85,-0.8,0.43,0.3,6,2017,4.36,436.0,-13.08
2017-09-30,820.4399999999998,-3.700000000000001,-0.008820023837902266,-0.0003933253873659119,430.31999999999994,14.46,80.01000000000002,9.25,805.9899999999998,-22.049999999999997,202.62,124.74,167.7,907.5,1003.89,5591.49,15.0,394.39,587.38,1073.03,1241.22,2314.25,455.81,2257.12,22.61,-341.23,332.40000000000003,65.54999999999998,-262.18749999999994,1.87,1.03,-0.04,0.01,-0.28,-0.26460071513706795,0.5733015494636473,-0.6526817640047676,-0.7144219308700835,0.6791418355184745,-0.72,-0.68,0.85,0.69,9,2017,-0.16500000000000004,419.5,-16.78
