,revenue,net_profit,eps,dps,gross_profit,ebit,ebitda,close_price,expense,operating_profit,cash,account_receivable,inventory,current_asset,property_plant_equipment,total_asset,short_term_loan,account_payable,current_portion_long_term_debt,current_liability,non_current_liability,total_liability,paid_in_capital,total_equity,cash_flow_operation,cash_flow_investment,cash_flow_financing,depreciation,P/E,P/BV,D/E,EPS,DPS,DPR%,ROA%,ROAA%,ROE%,ROAE%,ROCE%,NPM%,NPMA%,CurrentRatio,QuickRatio,month,year,dividend,number_of_shares,return_old
1999-04-30,,,,,,,,9.88,,,50.28,297.57,309.92,728.43,1380.3,2250.7,602.68,109.98,12.39,949.59,2.56,952.15,383.12,1298.54,,,,,,2.91,0.73,-0.13,0.0,0.0,,,,,,-1.08,-1.04,0.77,0.44,4,1999,,39.15384615384615,-5.09
1999-07-31,601.18,41.31,1.0835035891772502,0.0,69.38,48.51,137.12,23.13,552.67,22.29,53.95,366.66,320.01,805.24,1322.32,2269.92,577.07,134.81,10.59,928.87,1.2,930.07,383.12,1339.85,66.94000000000001,-26.120000000000005,-51.94,88.61,5.335238441055434,6.61,0.69,0.95,0.0,0.0,7.2993926007730545,0.0,12.317725013804528,0.0,17.427299834345668,3.45,3.31,0.87,0.52,7,1999,0.0,38.126315789473686,36.22
1999-10-31,659.6700000000001,29.75,0.7756556010307716,0.0,94.61000000000001,36.230000000000004,123.09000000000003,19.0,623.44,50.73,34.01,433.07,383.41,910.26,1309.47,2363.46,602.62,175.71,7.74,993.08,0.77,993.85,383.12,1369.61,56.94,-72.4,-12.889999999999997,86.86000000000001,6.125785714285715,5.31,0.73,1.72,0.0,0.0,5.032742155525239,0.0,8.694558132484463,0.0,11.508564499014703,3.89,3.76,0.92,0.53,10,1999,0.0,38.354651162790695,65.97
2000-01-31,800.55,46.64,1.2176680578989432,0.0,85.36000000000001,52.499999999999986,144.65999999999997,19.38,748.05,11.500000000000007,63.19,480.76,339.98,952.77,1292.92,2388.89,542.46,172.99,4.89,969.26,3.39,972.65,383.12,1416.24,155.07000000000002,-72.33000000000001,-50.24000000000001,92.15999999999997,3.977808211835334,5.24,0.69,2.94,0.0,0.0,7.803015717964656,0.0,13.170695320131427,0.0,16.334975579433443,4.54,4.41,0.98,0.63,1,2000,0.0,38.302721088435376,112.61
2000-04-30,-1788.23,-39.81999999999999,-1.0394010166231622,0.0,-180.77000000000004,-62.43999999999998,-327.09000000000003,18.13,-1725.79,-13.080000000000005,88.28,442.09,362.98,972.3,1245.03,2362.03,450.44,176.72,3.7,870.08,2.92,873.0,383.12,1489.03,-220.78000000000003,230.21000000000004,5.400000000000006,-264.65,-4.359722501255651,4.66,0.59,1.9,0.0,0.0,-6.739695013051242,-7.3523945596922635,-10.700359939552131,-11.42247011952191,-11.378705866190408,9.81,9.52,1.12,0.7,4,2000,0.0,38.31052631578948,72.79
2000-07-31,874.9100000000001,41.52999999999999,1.0825699790062977,1.1,109.83,44.769999999999996,130.78,16.0,830.1400000000001,32.35,89.99,551.8,371.19,1081.89,1319.48,2555.49,440.53,223.45,2.38,1064.46,2.6,1067.06,383.12,1488.42,212.98000000000002,-158.5,-58.769999999999996,86.00999999999999,3.6955116783048405,4.12,0.72,2.98,1.1,0.37,6.495419874037787,7.367288313505948,11.159916025192437,11.741161651504544,11.915535339398177,7.16,6.97,1.02,0.67,7,2000,42.198657718120806,38.36241610738255,114.32
2000-10-31,865.99,66.28,1.7285647840531564,-0.0005297776984995487,134.39000000000001,70.31,158.76,11.75,795.6800000000001,58.44,82.48,495.4,378.18,1030.34,1272.94,2460.35,390.0,184.82,2.01,903.38,2.27,905.65,383.12,1554.7,82.82999999999998,-39.400000000000006,-45.0,88.44999999999999,1.6961904043452023,2.9,0.58,4.71,1.1,0.23,10.775087486157252,11.729284606866004,17.058108527131782,18.12974529346622,18.159105204872645,7.41,7.21,1.14,0.72,10,2000,-0.02031376907622473,38.34394904458598,180.6
2001-01-31,963.7599999999998,55.44,1.4468327402135233,-1.1007396997378185,119.78999999999996,76.23000000000002,163.05000000000007,11.75,887.5299999999997,37.09,93.13,553.59,341.0,1057.41,1256.51,2473.85,295.0,191.57,1.77,861.79,1.93,863.72,383.12,1610.14,173.07,-68.20000000000002,-93.82000000000002,86.82000000000005,2.032992424242424,2.8,0.54,6.16,0.0,0.0,8.962846975088969,10.390889679715302,13.773096085409254,14.656227758007116,15.670889679715302,6.98,6.8,1.23,0.83,1,2001,-42.17834394904458,38.31818181818181,236.04
2001-04-30,-2523.97,-144.68,-3.769028021015762,0.0,-293.29999999999995,-142.04000000000002,-412.51000000000005,13.0,-2381.92,-82.42,108.92,514.23,391.67,1083.87,1232.5,2477.96,190.0,203.08,1.34,774.89,1.57,776.47,383.12,1701.5,-454.69,254.84,177.90000000000003,-270.47,-0.8619463643903787,2.93,0.46,2.38,0.0,0.0,-23.37430823117338,-33.192784588441334,-34.01626970227671,-36.29669001751314,-47.19203152364273,9.94,9.66,1.4,0.89,4,2001,0.0,38.38655462184874,91.36
2001-07-31,1007.9000000000001,122.44000000000001,3.195580916744621,2.0,189.96,158.64999999999998,236.06,18.5,849.25,119.98,83.94,511.98,350.94,1014.38,1349.79,2528.52,107.68,255.96,1.4,780.0,1.2,781.2,383.12,1747.32,320.22,-186.13,-161.65000000000003,77.41,1.4493139496896439,4.06,0.45,5.58,2.0,0.36,19.379652011225446,25.724999064546306,28.03864546304958,30.260662301216094,37.407768007483625,11.26,10.95,1.3,0.85,7,2001,76.63082437275986,38.31541218637993,213.8
2001-10-31,942.4699999999998,50.55000000000001,1.3194439190467184,-0.00019931216963491518,104.17000000000002,65.58000000000004,141.61,20.25,876.8799999999999,41.150000000000006,70.93,528.13,328.66,1021.83,1596.46,2779.44,285.0,256.78,1.45,980.76,0.82,981.58,383.12,1797.86,144.32,-334.5899999999999,179.67000000000002,76.03,3.8305909990108797,4.32,0.55,6.9,2.0,0.29,7.274151692831474,10.249593342160017,11.243956875354645,12.062394552676379,14.930750898430114,9.36,9.13,1.04,0.71,10,2001,-0.00763596696275215,38.311594202898554,264.35
2002-01-31,972.54,73.92999999999995,1.9297679437152644,-2.000067262691228,146.39999999999998,111.26999999999998,195.41999999999996,26.5,861.27,66.06,85.28,482.79,327.67,988.93,1605.93,2783.39,273.0,236.04,1.5,910.76,0.42,911.18,383.12,1872.21,115.63999999999999,-89.8900000000001,-12.340000000000003,84.14999999999998,3.4317597727580162,5.42,0.49,8.83,0.0,0.0,10.621372827243698,15.376950455244167,15.79656024595009,16.98545465295021,21.58367860943596,9.06,8.74,1.09,0.73,1,2002,-76.62318840579711,38.310305775764434,338.28
2002-04-30,-2958.75,-267.34,-6.971793064561601,0.0,-443.84000000000003,-357.49,-586.7,46.0,-2601.2599999999998,-242.74,56.78,511.55,296.7,964.0,1703.17,2856.21,325.0,258.29,1.57,912.82,0.0,912.82,383.12,1943.4,-652.9,482.55000000000007,152.04000000000002,-229.20999999999998,-1.6491811924889654,9.07,0.47,1.85,0.0,0.0,-37.3838849732168,-59.24139836481533,-55.02063715816182,-58.63843247815055,-81.24965322808005,7.98,7.8,1.06,0.73,4,2002,0.0,38.34594594594594,70.94
2002-07-31,1124.9700000000003,142.84,3.7283525119281506,2.9,218.64000000000001,184.47000000000003,273.55,43.25,940.4999999999999,134.32,82.69,688.51,363.76,1243.65,1744.06,3203.39,495.0,333.7,1.2,1228.07,0.0,1228.07,383.12,1975.32,112.38,-146.30999999999997,58.64,89.08000000000001,2.899739218706245,8.39,0.62,5.58,2.9,0.52,17.826603049864346,26.967080175881748,28.918117691084294,30.708795958461973,39.154383010571614,10.89,10.51,1.01,0.72,7,2002,111.10430107526882,38.31182795698925,213.78
2002-10-31,1264.6799999999998,157.83,4.119778800355212,-0.00011496038886903369,282.07,219.95999999999998,309.78,51.0,1044.72,187.01999999999998,121.67,805.24,348.91,1406.11,1862.45,3509.82,579.0,343.03,0.82,1376.24,0.0,1376.24,383.12,2133.58,176.71,-219.99000000000007,83.62,89.81999999999996,3.096161376164227,9.16,0.65,9.7,2.9,0.3,17.991116493097604,27.504832485670466,29.594452248324863,32.1087914749334,40.55221441834181,11.63,11.26,1.02,0.77,10,2002,-0.004404168052332125,38.310309278350516,371.61
2003-01-31,1235.7100000000005,111.56,2.911545832729681,-2.8995378438230848,216.52999999999997,152.39,266.4100000000001,70.0,1083.3200000000002,125.79000000000008,72.52,753.53,431.11,1292.76,1900.27,3438.87,425.0,545.71,0.43,1192.68,0.0,1192.68,383.12,2246.19,254.47999999999996,-149.2399999999999,-154.4,114.02000000000004,6.009307771602725,11.94,0.53,12.61,0.0,0.0,12.976120206138628,19.6442759277273,19.865932073597286,21.6668882587909,27.208291905540495,10.97,10.65,1.08,0.72,1,2003,-111.09989690721649,38.31641554321967,483.17
2003-04-30,-3013.7000000000007,-276.53000000000003,-7.213011517615177,4.2,-556.46,-391.25,-658.52,70.5,-2622.46,-295.32000000000005,67.86,977.81,401.32,1486.6,1862.13,3600.88,310.0,561.71,0.0,1148.14,0.0,1148.14,383.12,2452.74,-462.97999999999996,624.64,-154.92000000000002,-267.27,-2.4435424727877626,11.01,0.47,5.39,4.2,0.78,-30.725555555555562,-44.80364111498258,-45.071285327138995,-50.31711188540458,-58.988784359272174,13.9,13.58,1.29,0.95,4,2003,161.01818181818183,38.33766233766234,206.64
2003-07-31,1655.45,247.24,6.454996915484268,-0.0038985074148552776,361.88000000000005,324.18000000000006,434.8,118.0,1331.2799999999997,257.32,99.92,1103.19,404.8,1650.89,2004.58,3904.65,335.0,672.94,0.0,1362.88,0.0,1362.88,383.12,2541.77,409.44,-241.28999999999996,-135.91000000000003,110.62,4.571109852774632,17.79,0.54,11.85,4.2,0.35,25.318840222085132,36.45302899444787,38.91518815545959,43.79592843923505,50.96451573103023,14.76,14.29,1.21,0.91,7,2003,-0.1493210586881446,38.30210970464135,453.88
2003-10-31,1544.9299999999998,188.29999999999995,4.914366688467408,0.0015476870517385365,324.79999999999995,236.19999999999993,349.6099999999999,197.0,1308.73,222.3,132.14,1023.41,389.16,1590.18,2312.01,4157.09,460.0,546.24,0.0,1424.29,0.0,1424.29,383.12,2732.8,292.47,-385.2,125.00000000000001,113.41,10.01807620817844,27.62,0.52,16.76,4.2,0.25,18.120994113799867,25.416306954436447,27.562677131022454,30.952299978199253,35.6555482886418,13.96,13.6,1.12,0.84,10,2003,0.059301531675743036,38.3162291169451,642.18
2004-01-31,1483.9800000000005,121.88,3.180754391016413,-4.199810952131926,242.2600000000001,162.31000000000006,292.76,194.0,1321.6600000000003,133.42999999999995,80.33,895.24,347.92,1359.84,2405.8,4029.5,295.0,460.77,0.0,1176.02,0.0,1176.02,383.12,2853.47,301.15999999999997,-188.11,-165.0,130.45,15.24922833935018,26.05,0.41,19.94,0.0,0.0,12.097713792110568,16.966150302332277,17.087382666282753,19.122810250503885,22.20466455513965,12.62,12.31,1.16,0.86,1,2004,-160.92816229116943,38.31795386158475,764.06
2004-06-30,-4577.05,-563.4399999999999,-7.358253414415311,7.500000000000001,-944.4900000000001,-729.4200000000001,-1053.4899999999998,133.0,-3847.62,-638.03,119.59,950.58,457.61,1563.83,2396.54,4222.36,395.0,544.35,0.0,1334.67,0.0,1334.67,383.12,2887.69,-905.23,810.7,99.00999999999999,-324.07,-4.518436390742582,17.65,0.46,2.62,7.5,2.86,-53.36137972285913,-0.0,-78.07612401555178,-0.0,-102.5661888146745,12.73,12.32,1.17,0.83,6,2004,574.293893129771,76.57251908396947,200.62
2004-09-30,1701.85,240.71999999999997,3.1416758055014276,0.004797153152939497,385.77,312.8999999999999,455.15999999999997,142.0,1388.9599999999998,275.47,116.84,996.16,478.67,1632.8,2361.56,4265.59,140.0,543.35,0.0,1136.93,0.0,1136.93,383.12,3128.67,353.94000000000005,-101.72,-255.0,142.26,11.298428672316385,17.39,0.36,5.76,7.5,1.3,22.580794852041507,0.0,30.784059455295232,0.0,40.209086871799514,13.62,13.25,1.44,1.02,9,2004,0.3675652035622079,76.62152777777777,441.34
2004-12-31,1815.7099999999996,211.95,2.767428707006077,-0.003348037752504176,366.9900000000001,275.6400000000001,419.22,131.0,1540.06,248.99,100.97,1137.89,571.02,1877.13,2324.45,4481.85,160.0,652.43,0.0,1141.56,0.0,1141.56,383.12,3340.3,89.13,-125.13000000000002,20.0,143.57999999999998,11.835968860580325,15.03,0.34,8.53,7.5,0.88,18.921036599366285,0.0,25.383777495446125,0.0,33.1053253532122,12.99,12.69,1.64,1.14,12,2004,-0.2564173016803579,76.5873388042204,653.29
2005-03-31,7027.27,867.06,11.32,0.0,1438.99,1141.44,1723.72,140.0,5885.83,985.74,163.52,1182.46,635.65,2022.89,2401.07,4709.67,0.0,655.77,0.0,1155.26,0.0,1155.26,383.12,3554.41,1128.79,-485.31,-587.32,582.28,3.0924999999999994,15.09,0.33,11.32,0.0,0.0,73.64,0.0,97.56,0.0,128.44,12.62,12.34,1.75,1.2,3,2005,0.0,76.59540636042402,867.06
2005-06-30,-5006.68,-601.3999999999999,-7.855371527516373,3.75,-1056.74,-813.2900000000001,-1243.66,126.0,-4193.389999999999,-724.9100000000001,463.39,1227.55,642.52,2391.16,2516.62,5188.02,0.0,774.86,0.0,1368.44,0.0,1368.44,383.12,3819.58,-680.39,336.28,587.32,-430.37,-4.0098580811439986,12.64,0.36,3.47,3.75,1.08,-46.362538583151384,-63.114627719641625,-63.02407588647141,-71.7170518708123,-77.78402469321688,13.61,13.15,1.75,1.28,6,2005,287.0965417867435,76.55907780979827,265.66
2005-09-30,2085.41,244.76999999999998,3.193715494778912,0.004015304155884445,370.24,308.94000000000005,466.04,135.0,1776.48,247.62,113.24,1357.06,634.16,2179.65,2700.36,5173.2,155.0,745.31,0.0,1396.38,0.0,1396.38,383.12,3776.82,170.76999999999998,-388.44000000000005,-132.33,157.1,10.567487947869429,13.69,0.37,6.66,3.75,0.56,18.932115275356068,25.89499049820739,25.914171972650507,28.350219226926313,32.35914738553768,12.84,12.43,1.56,1.11,9,2005,0.30773749253575033,76.64114114114113,510.43
2005-12-31,2237.6800000000003,278.46,3.63566276667216,-0.0024421358827930446,426.78,361.65,549.4899999999999,144.0,1876.0199999999995,293.18,153.61,1326.54,753.38,2296.03,2695.82,5298.01,0.0,813.61,0.0,1242.65,0.0,1242.65,383.12,4055.36,352.5200000000001,-157.25,-154.99999999999997,187.84000000000003,9.90149590605473,13.6,0.31,10.3,3.75,0.36,21.023308192523672,28.831158716677866,27.461608082242137,30.115994878880446,34.775290851703026,12.84,12.44,1.85,1.24,12,2005,-0.18704626957054415,76.59126213592232,788.89
2006-03-31,8568.56,1066.91,13.92,0.0,1658.18,1382.75,2056.63,148.0,7185.81,1132.56,579.42,1358.04,653.06,2629.6,2606.72,5553.59,0.0,667.99,0.0,1220.58,0.0,1220.58,383.12,4333.01,1491.13,-788.26,-287.33,673.88,2.6575,13.09,0.28,13.92,0.0,0.0,76.84,107.8,98.48,108.2,127.64,12.83,12.45,2.15,1.62,3,2006,0.0,76.64583333333334,1066.91
2006-06-30,-6445.879999999999,-744.6700000000001,-9.728961953823237,4.6,-1208.46,-963.95,-1458.27,156.0,-5481.93,-803.68,1079.42,1295.46,742.92,3170.49,2571.2,6064.55,0.0,676.39,0.0,1761.8,0.0,1761.8,383.12,4302.74,-917.2300000000001,714.37,287.33,-494.32,-4.0081485758792486,13.89,0.41,4.21,4.6,1.09,-49.08388406156902,-68.77289970208541,-69.23508316782524,-73.30229766633566,-89.94090243296922,15.88,15.18,1.8,1.38,6,2006,352.0912114014252,76.541567695962,322.24
2006-09-30,2114.97,325.0,4.243016500834312,0.0032959391538795882,406.2099999999999,418.66,596.42,150.0,1696.3199999999997,318.4,1092.51,1196.96,638.35,2957.19,2624.28,5918.97,0.0,648.7,0.0,1291.32,0.0,1291.32,383.12,4627.64,557.36,-191.8,-352.46,177.76,8.837315384615385,12.42,0.28,8.45,4.6,0.54,21.973302020888696,30.328780668685493,28.099314010258944,30.931339225016995,36.354366232000494,16.0,15.27,2.29,1.8,9,2006,0.2524572376280503,76.59644970414202,647.24
2006-12-31,1867.0600000000004,207.10000000000002,2.70286419926493,0.001559209067299087,310.45000000000016,273.8799999999999,449.6600000000001,170.0,1593.1599999999999,190.30000000000007,874.46,1021.74,635.3,2596.81,2889.37,5863.89,0.0,566.71,0.0,1028.34,0.0,1028.34,383.12,4835.55,253.37000000000012,-471.33,0.0,175.78000000000003,15.727528971511347,13.47,0.21,11.15,4.6,0.41,14.127616639745302,19.30548025376314,17.133492520542173,18.63643046094061,22.282267013132948,14.66,13.99,2.53,1.91,12,2006,0.11947037439966834,76.62242152466368,854.34
2007-03-31,8256.6,1151.62,15.03,0.0,1633.07,1523.25,2231.87,145.0,6733.36,1176.44,1148.68,1157.06,508.62,2872.51,3236.24,6514.99,0.0,633.28,0.0,1375.28,7.33,1382.61,383.12,5132.38,2036.8,-1115.14,-352.46,708.62,2.4125,10.82,0.27,15.03,0.0,0.0,70.72,100.96000000000001,89.76,97.32,118.56,14.56,13.95,2.09,1.72,3,2007,0.0,76.6214238190286,1151.62
2007-06-30,-6126.5,-829.3499999999999,-10.834280261892202,4.85,-1214.4099999999999,-1120.47,-1627.79,149.0,-5006.04,-889.9000000000001,1292.2,1212.59,508.1,3057.05,3254.78,6720.37,0.0,625.65,0.0,1626.54,10.19,1636.73,383.12,5083.64,-1751.12,972.9900000000001,352.46,-507.32,-3.437974106227769,11.23,0.32,4.21,4.85,1.15,-49.41049430601669,-64.8512737766469,-65.2630278958637,-70.7187699754864,-81.42437707512333,16.01,15.13,1.88,1.57,6,2007,371.2611638954869,76.54869358669833,322.27
2007-09-30,2129.1600000000003,364.40999999999997,4.754927477136366,0.0056765472948633,512.1700000000001,455.44000000000005,632.0600000000001,139.0,1673.7300000000002,374.45,1149.04,1182.07,595.23,2969.18,3259.96,6676.96,0.0,642.92,0.0,1214.83,13.05,1227.88,383.12,5449.09,372.54,-144.11999999999998,-371.62,176.62,7.306609862517494,9.77,0.23,8.96,4.85,0.54,21.821720743286537,28.932884604182444,26.74646705889206,28.932884604182444,33.3481744043805,16.91,16.12,2.44,1.95,9,2007,0.4350414616558851,76.63839285714285,686.68
2007-12-31,2115.58,298.32000000000005,3.8917888324873102,0.0009682854423499406,477.5099999999999,407.3799999999999,604.8999999999999,154.0,1708.1899999999996,329.35,1157.01,1134.87,558.01,2929.51,3320.63,6881.11,0.0,656.63,0.0,1117.67,16.04,1133.71,383.12,5747.4,371.21000000000004,-363.28,0.0,197.52000000000004,9.888961517833199,10.27,0.2,12.85,4.85,0.38,17.335874923857872,24.059432284263963,20.764283451776656,22.545117563451782,26.603481015228432,16.15,15.45,2.62,2.12,12,2007,0.07422265842137676,76.65369649805447,985.0
2008-03-31,8665.85,1296.03,16.91,0.0,1962.58,1711.1,2487.12,140.0,6954.75,1378.01,1489.34,1305.79,570.08,3427.25,3402.29,7530.33,0.0,781.59,0.0,1452.71,19.02,1471.73,383.12,6058.6,1825.38,-1113.34,-371.62,776.02,2.07,8.85,0.24,16.91,0.0,0.0,68.84,97.48000000000002,85.56,92.64,112.6,15.56,14.96,2.36,1.97,3,2008,0.0,76.6428149024246,1296.03
2008-06-30,-6318.950000000001,-903.26,-11.797550220230669,0.0,-1421.87,-1230.58,-1797.2999999999997,135.0,-5088.37,-992.06,1712.05,1320.19,678.68,3775.55,3479.25,7981.8,0.0,1010.81,0.0,1510.57,20.14,1530.72,383.12,6451.09,-1270.7400000000002,783.0699999999999,371.62,-566.72,-2.861221132342847,8.02,0.24,5.13,0.0,0.0,-45.2584382717621,-60.160606971000846,-56.021115665656744,-62.64430175420729,-68.34760088601472,17.45,16.74,2.5,2.05,6,2008,0.0,76.56335282651072,392.77
2008-09-30,2389.6699999999996,408.6700000000001,5.333759482930725,5.3,490.28999999999996,522.84,741.08,110.0,1866.83,336.35999999999996,1487.54,1294.85,629.02,3464.78,3549.5,7760.75,0.0,655.01,0.0,1286.37,20.98,1307.35,383.12,6453.4,341.96000000000004,-158.94,-406.04,218.24,5.15767538600827,6.53,0.2,10.46,5.3,0.51,21.069879716510282,28.351532241964467,25.332807945697745,27.47447045318427,31.615017967658215,18.0,16.92,2.69,2.2,9,2008,406.08336520076483,76.61950286806884,801.44
2008-12-31,2127.25,244.19000000000005,3.187737058041564,-0.0011466149502591953,417.3299999999999,316.2099999999999,547.0,60.0,1811.04,261.97,1611.56,1113.14,605.02,3419.87,3464.16,7655.98,0.0,726.29,0.0,938.63,21.76,960.39,383.12,6695.6,336.17999999999995,-210.02000000000004,0.0,230.79000000000002,4.710237929481141,3.43,0.14,13.65,5.3,0.39,12.760289586182495,16.95455753947381,14.59119497336534,15.702816101297783,18.346419287893426,16.02,15.23,3.64,3.0,12,2008,-0.08783406523366466,76.60293040293041,1045.63
2009-03-31,8264.13,1108.63,14.47,0.0,1644.23,1406.5,2282.09,53.5,6857.63,1039.89,1529.91,767.81,512.65,3370.19,3367.52,7528.74,0.0,350.43,0.0,751.75,18.34,770.09,383.12,6758.65,1794.22,-1348.48,-406.04,875.59,0.925,3.03,0.11,14.47,0.0,0.0,58.92,74.72,65.6,69.2,83.0,14.04,13.41,4.48,3.8,3,2009,0.0,76.61575673807879,1108.63
2009-06-30,-6870.07,-1016.1800000000001,-13.2999221200649,0.0,-1445.7,-1271.3,-1948.8500000000001,93.0,-5598.77,-949.46,1720.6,732.15,530.1,3537.41,3361.9,7679.06,0.0,371.69,0.0,805.22,21.9,827.12,383.12,6851.94,-1430.71,1176.07,406.04,-677.5500000000001,-1.7481418154264008,5.2,0.12,1.21,0.0,0.0,-52.760021633315304,-76.06236452136291,-59.355024337479726,-61.11369172525689,-86.61436884802596,6.86,6.63,4.39,3.73,6,2009,0.0,76.40495867768595,92.45
2009-09-30,1774.6,209.12,2.732144444076002,5.0,328.57000000000005,278.67,506.59000000000003,109.0,1495.93,190.3,2149.06,903.71,535.96,3637.44,3243.37,7686.11,0.0,459.48,0.0,981.72,25.54,1007.26,383.12,6678.86,354.44000000000005,456.09000000000003,-383.11,227.92,9.972056952945676,6.25,0.15,3.94,5.0,1.27,10.873102762211095,14.867303776900888,12.537353184998507,12.731515734323706,17.11404184766389,9.94,9.52,3.71,3.16,9,2009,382.7030456852792,76.54060913705584,301.57
2009-12-31,2009.4700000000003,286.33,3.7355861541078412,0.007089028055636099,450.77,388.53,595.9,120.5,1620.9399999999996,312.27,2274.86,1014.55,617.24,3979.54,3102.79,7933.06,0.0,529.43,0.0,938.9,29.1,968.0,383.12,6965.06,212.2299999999999,-86.38,0.0,207.37000000000006,8.064042363706212,6.63,0.14,7.67,5.0,0.65,14.435824459942166,20.04650927028406,16.442423541418606,16.773609797584623,22.34533151896581,11.84,11.35,4.24,3.58,12,2009,0.5433689170675962,76.64928292046936,587.9
2010-03-31,7563.32,957.44,12.5,0.0,1570.65,1308.61,2145.93,130.0,6254.71,1056.67,1858.79,1281.56,419.59,4597.89,3031.17,8441.5,0.0,576.96,0.07,1132.91,46.75,1179.66,383.12,7261.84,1642.58,-930.52,-383.11,837.32,2.6,6.86,0.16,12.5,0.0,0.0,45.36,65.56,52.72,54.64,71.64,13.14,12.66,4.06,3.69,3,2010,0.0,76.5952,957.44
2010-06-30,-5274.789999999999,-590.4000000000001,-7.704925893635572,0.0,-948.8700000000001,-776.6599999999999,-1407.5099999999998,151.5,-4498.14,-577.3300000000002,1783.47,1308.84,427.3,5330.12,2972.58,9114.6,0.0,647.88,0.0,1439.02,49.48,1488.49,383.12,7626.1,-830.1099999999999,41.74000000000001,383.11,-630.85,-4.915936314363143,7.61,0.2,4.79,0.0,0.0,-25.929729729729736,-40.792676547515256,-30.948387096774194,-32.62127288578902,-44.58884045335658,16.48,16.04,3.7,3.41,6,2010,0.0,76.62630480167014,367.04
2010-09-30,2273.93,365.33,4.768839247921133,5.0,563.6700000000001,509.44000000000005,711.08,173.5,1764.49,413.43,3126.09,1150.2,454.73,5208.24,2942.3,8965.88,0.0,590.34,0.0,1331.25,52.25,1383.5,383.12,7582.38,520.6600000000001,1209.22,-383.11,201.64000000000001,9.096238674622944,8.77,0.18,9.56,5.0,0.52,16.3018479730191,24.961581167988857,19.2748900146101,20.49204145445608,27.216304327047805,16.65,16.05,3.91,3.57,9,2010,383.0387029288703,76.60774058577405,732.37
2010-12-31,2238.5,341.87,4.461775208519512,0.000928456338656734,567.0,476.53999999999996,668.46,181.0,1761.9699999999998,415.74,2988.49,1168.68,550.05,5400.76,2951.24,9203.3,0.0,654.01,0.0,1208.22,72.3,1280.52,383.12,7922.77,246.13999999999987,-386.53999999999996,0.0,191.91999999999996,10.141602363471495,8.75,0.16,14.02,5.0,0.36,14.855611036639855,22.557106047065833,17.261532618409294,18.36902033065237,24.17378351206434,16.37,15.8,4.47,4.01,12,2010,0.07114015244212624,76.62196861626248,1074.24
2011-03-31,9249.45,1427.71,18.63,0.0,2358.21,2011.92,2797.6,163.5,7237.53,1728.78,3133.89,1398.59,584.33,5746.47,3268.21,9865.31,0.0,760.24,0.0,1532.64,92.29,1624.93,383.12,8240.38,2180.72,-523.07,-383.11,785.68,2.195,7.6,0.2,18.63,0.0,0.0,57.88,87.92,69.32,73.68,96.56,15.97,15.44,3.75,3.37,3,2011,0.0,76.63499731615674,1427.71
2011-06-30,-7208.250000000001,-1195.64,-15.610760546386865,0.0,-1947.4,-1664.6100000000001,-2263.35,166.5,-5543.639999999999,-1465.01,3762.93,1160.49,660.63,5665.74,3518.58,10063.49,0.0,616.93,0.0,1467.1,97.32,1564.42,383.12,8499.07,-1670.0199999999998,640.47,383.11,-598.74,-2.666405962497073,7.51,0.18,3.03,0.0,0.0,-47.60509156719956,-74.60191838669368,-56.26056276123584,-59.35180247339165,-83.25738958072996,11.9,11.37,3.86,3.41,6,2011,0.0,76.5907590759076,232.07
2011-09-30,2646.95,443.71,5.791118707271597,6.5,619.8600000000001,598.77,785.5,162.5,2048.1800000000003,454.94000000000005,2889.83,1485.06,735.35,5202.98,4079.52,10210.81,0.0,786.14,0.0,1662.87,102.39,1765.26,383.12,8445.55,298.49000000000007,-674.29,-498.04,186.73000000000002,7.013515359130965,7.37,0.21,8.82,6.5,0.74,17.386487910266656,25.92215040397762,21.010861522980854,22.140195329841074,29.073779632424753,15.23,14.41,3.13,2.69,9,2011,498.0238095238095,76.61904761904762,675.78
2011-12-31,1238.38,-366.91999999999996,-4.7875658874571005,0.0017938471121139283,-154.16000000000008,-462.66,-274.3399999999999,147.0,1701.0399999999995,-276.29,2544.43,900.99,878.92,4525.27,4244.6,9760.88,0.0,687.81,0.0,1575.61,106.94,1682.55,383.12,8078.34,39.129999999999995,-383.94000000000005,0.0,188.32,-7.6768865147716125,6.97,0.21,4.03,6.5,1.61,-15.016087547756264,-24.23482483973321,-18.15235899760409,-18.342436055170623,-28.08388525545554,5.53,5.21,2.87,2.31,12,2011,0.13748079877109376,76.64019851116625,308.86
2012-03-31,8245.39,726.59,9.48,0.0,1323.33,974.07,1719.67,184.0,7271.32,691.8,1707.85,1546.36,848.39,4348.78,4574.3,10024.53,0.0,653.95,0.0,1416.29,111.67,1527.96,383.12,8496.56,787.23,-1714.94,-498.04,745.6,4.8525,8.3,0.18,9.48,0.0,0.0,29.000000000000004,39.16,34.2,34.72,45.28,9.31,8.81,3.07,2.47,3,2012,0.0,76.64451476793249,726.59
2012-06-30,-5622.0,-398.36,-5.194469731590653,3.0,-755.77,-537.98,-1090.39,193.0,-5084.0199999999995,-297.55999999999995,1339.37,1615.84,849.3,4153.7,5234.72,10409.86,0.0,701.7,0.0,1697.22,116.11,1813.32,383.12,8596.54,-540.73,1098.42,498.04,-552.4100000000001,-9.28801253890953,8.6,0.21,4.28,3.0,0.7,-15.292130518234165,-20.680786034183345,-18.54474240623953,-18.64183529841879,-24.321769490905766,12.92,12.51,2.45,1.95,6,2012,230.06775700934583,76.6892523364486,328.23
2012-09-30,2971.31,366.78999999999996,4.7866036948577015,-0.002380587716564416,590.69,477.52000000000004,702.79,228.0,2493.79,383.30999999999995,1381.46,1810.85,835.71,4246.8,5605.72,10887.14,0.0,877.25,0.0,1802.35,121.4,1923.75,383.12,8963.39,785.9000000000001,-512.0899999999999,-229.87,225.26999999999998,11.909268791406529,9.75,0.21,9.07,3.0,0.33,13.467930131507005,18.280920836810452,16.359946476360392,16.845467468562056,21.23626600673362,12.85,12.42,2.36,1.89,9,2012,-0.18242073591693497,76.6284454244763,695.02
2012-12-31,3043.0299999999997,442.46000000000004,5.772502725322643,0.0008278033040714939,653.0699999999999,553.1999999999999,776.8399999999999,217.0,2489.83,461.53999999999996,1279.44,1796.12,824.02,4176.6,5748.76,11002.24,0.0,788.75,0.0,1468.88,126.57,1595.46,383.12,9406.78,341.98,-445.6700000000001,0.0,223.64000000000004,9.39630565474845,8.84,0.17,14.84,3.0,0.2,16.088322959524564,21.985300137145273,18.81120160354468,20.242657804972396,23.945772760839752,13.62,13.17,2.84,2.28,12,2012,0.06345078856571718,76.64959568733154,1137.48
2013-03-31,11715.66,1622.91,21.18,0.0,2538.4,2081.0,2942.5,243.0,9634.65,1763.49,1706.83,1894.11,844.33,4738.34,5905.06,11744.18,0.0,865.01,0.0,1750.46,131.76,1882.22,383.12,9861.96,2238.57,-2009.85,-229.87,861.5,2.8675,9.44,0.19,21.18,0.0,0.0,55.28,76.48,65.84,70.72,83.28,14.32,13.85,2.71,2.22,3,2013,0.0,76.62464589235128,1622.91
2013-06-30,-8790.49,-1231.3500000000001,-16.069564051486363,0.0,-1929.8500000000001,-1590.62,-2203.15,252.0,-7199.86,-1354.77,2327.39,1695.43,805.76,5061.09,5941.79,12170.3,0.0,797.67,0.0,1745.41,168.5,1913.91,383.12,10256.39,-1355.5,1743.86,229.87,-612.53,-3.920846875380679,9.41,0.19,5.11,0.0,0.0,-40.504106650321795,-54.592491572172854,-48.05145571559915,-52.20249770150169,-59.120901011339264,13.83,13.39,2.9,2.44,6,2013,0.0,76.62622309197651,391.56
2013-09-30,2696.0699999999997,359.14000000000004,4.688386838950313,6.75,525.78,443.13,703.2299999999999,220.0,2252.9399999999996,341.31999999999994,2103.23,1492.29,789.72,4638.49,5937.17,11778.84,0.0,671.12,0.0,1504.03,177.75,1681.78,383.12,10097.06,531.43,-237.07,-517.19,260.1,11.731647129253215,8.35,0.17,9.8,6.75,0.69,12.189805781270815,15.768288797122686,14.218250699347276,15.079382975889171,17.394871986146264,13.86,13.35,3.08,2.56,9,2013,517.0637755102041,76.60204081632654,750.7
2013-12-31,2544.1800000000003,335.03999999999996,4.372609280306519,0.0017972083743867722,521.53,421.5999999999999,687.1500000000001,208.0,2122.580000000001,344.6100000000001,1788.51,1492.76,742.75,4695.16,5943.71,11893.76,0.0,632.7,0.0,1277.15,188.76,1465.9,383.12,10427.86,414.96000000000004,-730.76,0.0,265.55,11.89310470391595,7.64,0.14,14.17,6.75,0.48,11.269420671615672,14.6144513419419,12.849361357231013,13.515898833974981,15.750033709727925,13.78,13.3,3.68,3.09,12,2013,0.13770649403011248,76.62244177840508,1085.74
2014-03-31,10766.04,1487.51,19.41,0.0,2188.27,1847.02,2878.1,203.0,8919.02,1383.31,2667.18,1550.67,729.4,5261.97,5975.28,12506.08,0.0,692.88,0.0,1484.28,189.96,1674.24,383.12,10831.84,2502.72,-1025.43,-517.18,1031.08,2.615,7.18,0.15,19.41,0.0,0.0,47.56,60.92,54.92000000000001,57.52,67.04,14.49,13.82,3.55,3.05,3,2014,0.0,76.63626996393612,1487.51
2014-06-30,-8654.52,-1283.03,-16.75317928403756,0.0,-1828.12,-1591.32,-2355.29,228.0,-7063.200000000001,-1187.58,3052.77,1281.9,826.85,5312.14,6008.83,12625.23,0.0,652.05,0.0,1415.27,173.24,1588.51,383.12,11036.71,-1969.6,878.22,517.18,-763.9699999999999,-3.4022094573002972,7.91,0.14,2.67,0.0,0.0,-40.65940140845071,-51.70269561815337,-46.43203247261346,-48.18892018779343,-57.22434272300469,10.0,9.68,3.75,3.17,6,2014,0.0,76.58426966292134,204.48
2014-09-30,2498.0499999999997,235.17,3.0703418628454453,6.0,363.89,298.01000000000005,577.9100000000001,223.0,2200.04,177.83,2448.48,1671.72,741.95,5016.57,5940.69,12328.79,0.0,679.2,0.0,1331.97,183.06,1515.04,383.12,10813.76,240.64999999999998,-387.61,-459.06,279.9,18.15750574052813,7.9,0.14,5.74,6.0,1.05,7.638411463664277,9.820814738996928,8.708216990788127,9.007762538382803,10.783639713408393,9.93,9.54,3.77,3.21,9,2014,459.56445993031355,76.59407665505226,439.65
2014-12-31,2528.6400000000003,349.88,4.564442136460933,0.004643348217002248,433.9200000000001,432.51,730.02,202.0,2096.1299999999997,246.94,1673.9,1588.5,969.03,5485.26,5842.82,12773.34,0.0,814.81,0.0,1425.53,190.45,1615.98,383.12,11157.36,483.22,-1256.83,0.0,297.51,11.062852477992454,6.94,0.14,10.3,6.0,0.58,10.954661127506238,14.180791103567946,12.55000012665763,12.975423859764671,15.40388433625068,11.66,11.06,3.85,3.17,12,2014,0.35592841920095,76.65339805825242,789.53
2015-03-31,9981.61,1157.65,15.11,0.0,1715.01,1445.13,2591.3,199.5,8536.48,1010.43,2350.31,1764.24,939.18,5947.01,5823.15,13293.9,0.0,870.74,0.0,1551.39,203.19,1754.57,383.12,11539.33,1737.24,-1595.61,-459.06,1146.17,3.3,6.62,0.15,15.11,0.0,0.0,34.84,44.8,40.12,41.4,49.24,12.16,11.6,3.83,3.23,3,2015,0.0,76.61482461945732,1157.65
2015-06-30,-7478.81,-981.5400000000001,-12.818931349724604,0.0,-1384.62,-1219.2600000000002,-2065.11,206.0,-6259.549999999999,-871.6899999999999,2398.65,1739.78,766.11,5961.96,5765.82,13320.99,0.0,678.63,0.0,1406.71,204.66,1611.37,383.12,11709.61,-1168.47,1074.1299999999999,459.06,-845.8500000000001,-4.017710103510809,6.74,0.14,2.3,0.0,0.0,-29.427807620237353,-38.791200953949236,-33.44069047754245,-34.55538016012719,-42.35820793822043,7.29,7.04,4.24,3.69,6,2015,0.0,76.56956521739131,176.11
2015-09-30,2878.74,446.34000000000003,5.822605510482768,4.8,394.25,559.26,865.5799999999999,182.0,2319.4900000000002,211.46999999999997,1089.86,1581.25,741.1,6201.08,5677.34,13562.75,0.0,771.78,0.0,1512.16,224.49,1736.65,383.12,11826.1,654.3499999999999,-1595.58,-367.79,306.32,7.813048628847963,5.9,0.15,8.12,4.8,0.59,13.165398666559563,17.381768174150533,15.087145312876535,15.775532171258734,18.70117631938308,12.62,11.57,4.1,3.61,9,2015,367.9507389162562,76.65640394088672,622.45
2015-12-31,2666.01,262.26,3.423837189587548,-0.003643040637902901,421.80000000000007,324.16999999999996,629.9100000000001,170.0,2341.8199999999997,230.73000000000008,798.9,1700.45,912.81,6510.67,5590.49,13848.31,0.0,885.21,0.0,1521.54,237.2,1758.74,383.12,12089.58,205.94000000000005,-496.6100000000001,0.0,305.74,12.414141691451233,5.39,0.15,11.55,4.8,0.42,7.576907235139197,9.877251528749534,8.679649602694669,9.023515502254977,10.671700331181968,11.8,10.99,4.28,3.68,12,2015,-0.27905060456788533,76.5982683982684,884.71
2016-03-31,11326.88,1303.44,17.01,0.0,1742.81,1622.61,2849.92,168.5,9704.26,995.69,1839.89,2154.82,772.44,7059.5,5536.09,14407.27,0.0,944.15,0.0,1643.23,256.09,1899.32,383.12,12507.95,1873.54,-2016.37,-367.79,1227.31,2.4775,5.16,0.15,17.01,0.0,0.0,36.2,46.88,41.68,43.36,50.84000000000001,12.21,11.51,4.3,3.83,3,2016,0.0,76.62786596119929,1303.44
2016-06-30,-8608.0,-1060.14,-13.856330456226882,0.0,-1340.79,-1322.02,-2241.53,176.5,-7285.97,-776.61,1942.46,1789.27,846.42,7262.64,5483.89,14585.32,0.0,873.89,0.0,1580.25,256.63,1836.88,383.12,12748.45,-1169.09,1414.86,367.79,-919.51,-3.18428462278567,5.3,0.14,3.18,0.0,0.0,-29.10700863131936,-37.473094944512944,-33.290051787916155,-34.68439950678175,-40.26179038224415,9.24,8.95,4.6,4.06,6,2016,0.0,76.50943396226415,243.3
2016-09-30,2901.7799999999997,366.97999999999996,4.786591072950121,5.0,547.85,455.33,756.85,171.0,2446.45,353.28999999999996,1537.74,1831.46,779.22,7178.23,5469.15,14485.54,0.0,813.9,0.0,1544.82,259.9,1804.72,383.12,12680.82,576.21,-599.3499999999999,-382.86,301.52000000000004,8.93019674096681,5.17,0.14,7.96,5.0,0.63,10.126406239758799,12.964686373467915,11.569599528085467,11.97850429311136,14.047081339712916,11.25,10.86,4.65,4.14,9,2016,383.34170854271355,76.66834170854271,610.28
2016-12-31,2861.4799999999996,328.63,4.287650041004995,-0.0014761048963599448,473.0200000000001,410.80000000000007,707.3799999999999,188.0,2450.6800000000003,255.14,1135.62,1852.37,746.1,7254.62,5563.62,14831.95,0.0,830.33,0.0,1469.8,296.83,1766.63,383.12,13065.32,615.3499999999999,-1018.2300000000002,0.0,296.5799999999999,10.96390203268113,5.51,0.14,12.25,5.0,0.41,8.862310125571142,11.396398802867157,10.066352259534995,10.458365977569736,12.222427708726077,11.53,11.07,4.94,4.43,12,2016,-0.11313711414214822,76.64571428571428,938.91
2017-03-31,11466.49,1270.77,16.58,0.0,1937.6,1580.28,2778.45,201.0,9886.21,1164.65,1085.64,1962.9,721.74,7738.07,5460.12,15185.83,0.0,881.04,0.0,1548.24,296.12,1844.35,383.12,13341.48,2372.08,-2743.1,-382.86,1198.17,3.03,5.77,0.14,16.58,0.0,0.0,33.48,42.72,38.08,39.32,46.36000000000001,11.53,11.08,5.0,4.53,3,2017,0.0,76.6447527141134,1270.77
2017-06-30,-11466.49,,,,-1937.6,-1580.28,-2463.2,225.0,-9886.21,-1164.65,1873.59,2128.84,833.8,8441.72,5348.76,15785.52,0.0,1061.52,0.0,1836.64,303.27,2139.9,383.12,13645.62,-1826.28,2985.7,382.86,-882.9200000000001,,6.32,0.16,,0.0,0.0,,,,,,,,4.6,4.14,6,2017,,,
2017-09-30,6424.76,,,,1034.83,841.88,1164.83,221.0,5582.88,618.43,1653.84,2130.42,871.41,8503.37,5271.65,15817.44,0.0,960.89,0.0,1853.23,320.18,2173.4,383.12,13644.03,600.51,-439.31,-383.12,322.95000000000005,,6.21,0.16,8.84,5.0,0.57,,,,,,10.95,10.55,4.59,4.12,9,2017,,76.65837104072398,677.66
