,revenue,net_profit,eps,dps,gross_profit,ebit,ebitda,close_price,allowance_doubtful_accounts,expense,operating_profit,cash,account_receivable,inventory,current_asset,property_plant_equipment,total_asset,short_term_loan,account_payable,current_portion_long_term_debt,current_liability,non_current_liability,total_liability,paid_in_capital,total_equity,cash_flow_operation,cash_flow_investment,cash_flow_financing,depreciation,P/E,P/BV,D/E,EPS,DPS,DPR%,ROA%,ROAA%,ROE%,ROAE%,ROCE%,NPM%,NPMA%,CurrentRatio,QuickRatio,month,year,dividend,number_of_shares,return_old
2000-03-31,182.73,-38.36,-1.53,0.0,18.09,-27.98,4.4,0.58,0.0,210.71,-28.05,77.03,78.36,20.62,335.7,748.75,1120.39,4.98,99.81,67.17,244.9,307.36,552.26,250.0,568.13,-21.53,-8.5,-46.0,32.38,-0.095,0.26,0.97,-1.53,0.0,0.0,-13.68,0.0,-27.0,0.0,-12.8,-21.29,-20.99,1.37,1.29,3,2000,0.0,25.0718954248366,-38.36
2000-06-30,165.49000000000004,-20.86,-0.834822695035461,0.0,31.98,-4.790000000000003,-4.7,0.55,0.0,170.29,-1.8599999999999994,61.69,113.67,22.56,430.49,742.98,1181.13,45.69,122.83,74.01,337.98,295.11,633.08,250.0,548.05,-43.120000000000005,25.28,23.3,0.0899999999999963,-0.16323825503355704,0.25,1.16,-2.37,0.0,0.0,-7.059007092198581,0.0,-15.231111111111112,0.0,-5.480945626477542,-17.54,-17.01,1.27,1.21,6,2000,0.0,24.987341772151897,-59.22
2000-09-30,272.36,-32.400000000000006,-1.2943025540275053,0.0,30.6,-18.759999999999998,-1.8099999999999998,0.36,0.0,291.12,4.82,124.11,208.49,26.68,564.84,729.34,1303.1,50.31,28.8,0.0,779.7,5.47,785.17,250.0,517.93,26.210000000000008,-3.3200000000000003,3.1799999999999997,16.950000000000003,-0.07069444444444443,0.17,1.52,-3.66,0.0,0.0,-9.944204322200394,0.0,-25.023182711198434,0.0,-13.933202357563852,-15.04,-14.76,0.72,0.69,9,2000,0.0,25.0327868852459,-91.62
2000-12-31,-7.639999999999986,-294.03,-11.764249708284712,0.0,-88.53,-299.15,-285.32,0.35,0.0,291.5,-113.74000000000001,98.77,282.61,33.93,573.81,517.17,1108.58,52.59,202.89,403.65,885.79,2.17,887.96,250.0,220.62,-37.480000000000004,-6.5600000000000005,2.009999999999998,13.829999999999998,-0.006558004285277013,0.4,4.02,-15.43,0.0,0.0,-106.0993512252042,0.0,-533.089008168028,0.0,-480.02408401400237,-65.54,-62.92,0.65,0.61,12,2000,0.0,24.99351911860013,-385.65
2001-03-31,341.24,240.17,9.61,0.0,75.02,38.25,51.08,0.42,0.0,302.98,45.51,68.53,116.69,29.77,574.68,518.41,1109.94,103.01,322.59,0.0,647.12,1.71,648.83,250.0,461.12,145.44,-39.74,-165.44,12.83,0.01,0.23,1.41,9.61,0.0,0.0,86.56,13.72,208.32,186.68,33.04,70.93,70.38,0.89,0.84,3,2001,0.0,24.991675338189385,240.17
2001-06-30,388.76,40.440000000000026,1.616965895727167,0.0,60.33,42.33,55.16,1.45,0.0,346.42999999999995,35.17000000000001,55.99,170.6,32.26,673.43,508.55,1201.69,100.28,332.78,0.0,697.37,2.76,700.13,250.0,501.56,-11.919999999999987,-13.18,-2.039999999999992,12.83,0.22551496043521252,0.72,1.4,11.22,0.0,0.0,13.46030433698016,3.8968589857809794,32.25284915006595,30.82323224403979,9.211805708991132,38.92,38.44,0.97,0.92,6,2001,0.0,25.009803921568626,280.61
2001-09-30,335.9000000000001,32.20999999999998,0.12870820280033238,0.0,71.43,37.91,50.07000000000001,1.9,0.0,298.0,34.91,93.82,250.32,55.16,811.85,501.64,1334.56,126.03,453.62,0.0,799.08,1.59,800.67,250.0,533.89,9.810000000000002,7.560000000000002,26.97999999999999,12.16,3.6905184725240634,0.89,1.5,1.25,0.0,0.0,9.654144875647331,3.6985589156703518,24.13124352662872,24.49780448820406,9.114600089508338,29.67,29.35,1.02,0.95,9,2001,0.0,250.256,312.82
2001-12-31,496.1199999999999,16.090000000000032,0.06457328752546301,0.0,36.69,16.049999999999997,28.939999999999998,1.88,0.0,480.07000000000005,-0.8200000000000074,52.69,169.5,53.54,697.87,492.27,1208.9,204.78,330.2,0.0,659.46,0.0,659.46,250.0,549.43,-114.71000000000001,14.59,78.78,12.89,7.256870727159713,0.86,1.2,1.32,0.0,0.0,5.324361071417723,2.271805661123108,11.713203003861262,16.71665440394032,4.792120640904815,21.43,21.06,1.06,0.98,12,2001,0.0,249.17424242424244,328.91
2002-03-31,308.61,23.08,0.08999999999999998,0.0,57.46,27.85,39.07,4.14,0.0,280.76,25.85,14.36,241.59,73.11,756.28,495.14,1271.33,238.6,355.42,0.0,698.83,0.0,698.83,250.0,572.5,-42.87,-14.22,34.3,11.22,11.499999999999998,1.81,1.22,0.09,0.0,0.0,7.280000000000001,9.36,16.12,17.88,19.44,7.53,7.48,1.08,0.98,3,2002,0.0,256.44444444444446,23.08
2002-06-30,298.78999999999996,16.050000000000004,0.06562739585995402,0.0,41.49999999999999,19.47,29.970000000000006,3.9,0.0,279.32000000000005,16.759999999999998,15.03,186.76,80.09,746.1,492.9,1256.99,210.06,350.71,0.0,668.46,0.0,668.46,250.0,588.53,35.919999999999995,-10.51,-24.739999999999995,10.499999999999998,14.859647975077879,1.66,1.14,0.16,0.0,0.0,5.102530028111424,6.316636851520574,10.910554561717355,11.780117556861745,13.191106567850754,6.5,6.44,1.12,1.0,6,2002,0.0,244.5625,39.13
2002-09-30,303.74,-33.370000000000005,-0.11586805555555557,0.0,8.690000000000012,-30.57,-20.020000000000003,2.08,0.0,334.31999999999994,-44.96,63.44,214.51,77.91,682.61,493.88,1235.42,175.36,414.18,0.0,677.08,0.0,677.08,250.0,558.34,92.88000000000001,-4.579999999999998,-39.9,10.550000000000004,-4.487863350314653,0.93,1.21,0.02,0.0,0.0,-10.891597222222224,-30.12569444444445,-23.868819444444448,-24.332291666666674,-69.52083333333334,0.65,0.63,1.01,0.89,9,2002,0.0,288.0,5.76
2002-12-31,285.82000000000005,-128.89,-0.5129221148379761,0.0,-108.86,-126.11,-114.36000000000001,2.22,0.0,411.91999999999996,-125.85,47.68,237.43,68.49,510.42,501.14,1075.03,119.39,351.09,0.0,648.19,0.0,648.19,250.0,426.84,26.86999999999999,12.48,-55.099999999999994,11.75,-1.0818894018155016,1.3,1.52,-0.49,0.0,0.0,-47.942516039957766,-40.11260293998213,-120.79839194347437,-105.59914886705107,-107.273996588971,-10.46,-10.29,0.79,0.68,12,2002,0.0,251.28571428571428,-123.13
2003-03-31,372.21,55.68,0.22,0.0,27.7,58.8,68.71,1.79,0.0,313.41,11.63,79.11,211.78,71.79,557.17,503.54,1128.82,102.02,311.26,11.97,617.56,28.99,646.55,250.0,482.27,15.56,-5.56,21.43,9.91,2.035,0.93,1.34,0.22,0.0,0.0,19.72,19.6,46.2,42.24,46.0,17.33,14.96,0.9,0.79,3,2003,0.0,253.0909090909091,55.68
2003-06-30,254.89000000000004,14.729999999999997,0.05857690668939071,0.0,25.570000000000004,16.180000000000007,26.810000000000002,2.56,0.0,238.70999999999998,8.999999999999998,20.54,138.42,66.61,486.38,505.85,1056.37,71.31,293.15,14.34,533.5,26.08,559.58,250.0,496.8,-22.15,-5.96,-30.46,10.629999999999999,10.922393075356418,1.29,1.13,0.28,0.0,0.0,5.581542394546228,5.422547933532168,11.85763953983809,10.853463996591392,11.999897741798039,12.32,11.23,0.91,0.79,6,2003,0.0,251.46428571428567,70.41
2003-09-30,214.74,-15.149999999999999,-0.06031487513572204,0.0,-13.770000000000003,-11.360000000000007,1.1099999999999994,5.9,0.0,226.10000000000002,-26.39,140.9,132.8,56.39,491.34,503.28,1059.81,175.86,193.09,14.34,554.41,24.25,578.66,250.0,481.15,19.41,-2.460000000000001,103.41,12.469999999999999,-24.456653465346538,3.07,1.2,0.22,0.0,0.0,-5.713463626492942,-6.0753528773072745,-12.589359391965255,-11.657220412595006,-13.806623235613463,7.16,6.56,0.89,0.78,9,2003,0.0,251.18181818181816,55.26
2003-12-31,246.86,19.119999999999997,0.077117504705566,0.0,35.019999999999996,24.18,-27.22,3.82,0.0,222.68999999999994,19.9,32.19,117.04,33.02,400.48,495.02,960.42,17.78,135.42,15.36,287.84,172.17,460.0,250.0,500.42,-11.540000000000001,-87.97999999999999,-9.199999999999989,-51.4,12.380457635983266,1.91,0.92,0.3,0.0,0.0,7.958526485614413,8.873654208120463,15.279548265662811,16.49286367303038,13.418445818768486,7.35,6.83,1.39,1.28,12,2003,0.0,247.93333333333334,74.38
2004-03-31,134.35,-12.01,-0.05,0.0,1.42,-8.28,3.02,2.9,0.0,142.63,-11.81,15.73,91.63,44.92,317.4,492.76,867.2,0.59,105.13,15.36,210.27,168.38,378.66,250.0,488.54,2.51,2.01,-20.98,11.3,-14.500000000000002,1.48,0.78,-0.05,0.0,0.0,-5.52,-3.3199999999999994,-9.84,-9.88,-5.04,-9.19,-8.94,1.51,1.3,3,2004,0.0,240.2,-12.01
2004-06-30,163.87000000000003,-6.610000000000001,-0.024849624060150382,0.0,11.48,-1.120000000000001,10.5,2.3,0.0,164.99,-4.979999999999999,28.99,109.2,54.38,350.18,487.48,893.05,16.62,110.19,34.23,264.61,146.29,410.91,250.0,482.14,6.130000000000001,-5.6899999999999995,12.81,11.620000000000001,-23.141195158850223,1.19,0.85,-0.07,0.0,0.0,-2.953555316863588,-1.3631793770139635,-5.481117078410311,-5.3959183673469395,-2.129967776584318,-6.41,-6.24,1.32,1.12,6,2004,0.0,266.0,-18.62
2004-09-30,238.14,2.490000000000002,0.009262244265344088,0.0,4.229999999999999,6.3100000000000005,18.05,2.0,0.0,231.83000000000004,-14.09,30.52,130.02,52.19,384.37,483.28,943.58,21.79,157.49,34.07,315.83,142.58,458.41,250.0,485.17,5.109999999999999,-4.859999999999999,1.29,11.739999999999995,53.977198795180676,1.03,0.94,-0.06,0.0,0.0,1.0558958462492258,0.19141971481711115,2.050043397396158,2.062393056416617,0.30256664600124017,-3.18,-3.01,1.22,1.05,9,2004,0.0,268.8333333333333,-16.13
2004-12-31,330.42999999999995,-33.07000000000001,-0.13443089430894312,0.0,-12.03,-33.06999999999999,-18.36,1.7,0.0,363.49,-39.08,37.92,102.19,44.3,433.65,483.98,982.52,14.5,194.32,53.4,409.6,121.38,530.98,250.0,451.54,10.25,6.289999999999999,-9.150000000000002,14.71,-3.1614756576957963,0.94,1.18,-0.2,0.0,0.0,-13.4699756097561,-10.001658536585367,-29.3059349593496,-27.800308943089433,-16.96517886178862,-5.91,-5.68,1.06,0.95,12,2004,0.0,246.0,-49.2
2005-03-31,373.65,14.74,0.06,0.0,32.51,20.46,34.41,1.88,0.0,353.19,17.3,13.11,230.32,57.86,593.34,492.21,1151.66,60.4,300.69,52.9,568.03,117.43,685.45,250.0,466.2,-65.71,-0.54,41.44,13.95,7.8325,1.01,1.47,0.06,0.0,0.0,5.12,8.12,12.64,12.36,14.04,3.98,3.94,1.04,0.94,3,2005,0.0,245.66666666666669,14.74
2005-06-30,677.37,60.98,0.24160063391442155,0.0,75.68,67.5,82.59,1.85,0.0,609.8699999999999,61.42,24.54,311.77,96.97,865.39,499.69,1422.69,67.09,484.88,52.71,800.02,94.92,894.94,250.0,527.75,25.239999999999995,2.2,-16.009999999999998,15.09,1.9153509347326991,0.88,1.7,0.3,0.0,0.0,17.137538298996304,24.482197569994714,46.22625462229265,48.32012678288431,45.517559429477025,7.27,7.2,1.08,0.96,6,2005,0.0,252.4,75.72
2005-09-30,735.4000000000001,41.41,0.16616323742849823,0.0,65.24000000000001,44.65000000000002,60.03999999999999,2.04,0.0,690.75,39.16,61.36,468.05,71.44,897.05,508.17,1461.16,65.36,462.0,53.99,787.42,104.76,892.19,250.0,568.97,61.0,-20.9,-3.280000000000001,15.39,3.0689700555421395,0.9,1.57,0.47,0.0,0.0,11.341524801502603,15.598131990096473,29.11745581832152,31.422528814138136,27.83057457525826,6.61,6.56,1.14,1.05,9,2005,0.0,249.2127659574468,117.13
2005-12-31,897.2599999999998,29.72,0.11940619679945522,0.0,48.44,30.129999999999995,46.31,2.06,0.0,867.1300000000001,19.730000000000018,59.67,548.83,39.79,994.92,496.61,1545.49,43.44,417.63,50.58,860.11,86.37,946.48,250.0,599.01,39.39,-10.030000000000001,-31.049999999999997,16.18,4.311124663526245,0.86,1.58,0.59,0.0,0.0,7.690568607422541,10.418696629213482,19.849762342526386,22.634557711950972,19.218326183180118,5.53,5.47,1.16,1.11,12,2005,0.0,248.89830508474577,146.85
2006-03-31,659.43,23.22,0.09,0.0,72.86,42.41,58.0,2.24,0.0,617.02,40.52,242.39,338.19,39.1,964.52,482.85,1509.41,25.89,342.46,47.02,802.78,84.93,887.71,250.0,621.7,218.8,-13.54,-22.55,15.59,6.2225,0.9,1.43,0.09,0.0,0.0,6.160000000000001,12.76,14.920000000000002,17.08,24.000000000000004,3.53,3.52,1.2,1.15,3,2006,0.0,258.0,23.22
2006-06-30,738.38,169.42,0.6771875,0.0,257.4,237.31000000000003,252.76,2.12,0.0,501.06999999999994,232.11999999999998,262.77,693.77,41.38,1310.91,478.73,1845.56,0.0,399.47,45.88,982.9,71.48,1054.38,250.0,791.18,70.65999999999997,-9.8,-40.47,15.45,0.7817258883248731,0.67,1.33,0.77,0.0,0.0,36.72642857142857,60.22571428571429,85.65982142857143,102.75660714285715,114.08410714285714,13.85,13.78,1.33,1.29,6,2006,0.0,250.18181818181816,192.64
2006-09-30,307.79999999999995,134.53000000000003,0.5386627747042823,0.0,104.62,90.14999999999998,107.07,2.84,0.0,217.6500000000001,73.38,300.84,107.97,57.04,992.26,494.48,1545.23,0.0,155.23,50.27,535.87,83.98,619.86,250.0,925.37,411.57,-390.40000000000003,16.89,16.92,1.319331933397755,0.77,0.67,1.31,0.0,0.0,34.819819665617274,40.47783476480118,58.15913194975091,72.0245584864138,60.26443989363329,19.46,19.18,1.85,1.75,9,2006,0.0,249.74809160305344,327.17
2006-12-31,318.0600000000002,-82.26000000000002,-0.32916091625495086,0.0,41.35000000000002,-71.72000000000003,-52.47999999999996,3.94,0.0,389.78,25.100000000000023,77.04,173.86,93.99,972.2,493.16,1523.88,0.0,152.22,51.18,616.68,64.22,680.9,250.0,842.99,-111.31999999999994,-93.62,-18.859999999999992,19.240000000000002,-2.992153537563821,1.17,0.81,0.98,0.0,0.0,-21.590269078436982,-26.10447592993345,-39.02908007022989,-45.639168674206864,-44.147868196480346,12.44,12.1,1.58,1.42,12,2006,0.0,249.90816326530611,244.91
2007-03-31,295.02,3.05,0.01,0.05,11.3,5.82,23.8,2.82,0.0,289.2,-5.15,88.5,183.91,107.43,909.11,481.11,1451.15,0.0,157.51,51.76,549.08,56.41,605.5,250.0,845.65,-65.04,79.87,-3.37,17.98,70.5,0.83,0.72,0.01,0.05,5.0,0.84,1.56,1.44,1.68,2.6,1.07,1.03,1.66,1.46,3,2007,15.25,305.0,3.05
2007-06-30,442.02,27.689999999999998,0.10809368900455431,-0.009531554977228358,27.99,30.46,50.42,4.5,0.0,411.55,-4.859999999999999,79.39,205.94,52.95,848.23,475.03,1392.59,0.0,175.93,52.08,497.12,34.97,532.09,250.0,860.5,-23.769999999999996,56.099999999999994,-41.45,19.959999999999997,10.407638136511377,1.31,0.62,0.12,0.05,0.42,7.962901756668835,8.070995445673391,12.863148991541964,13.403617436564737,14.592648015614834,4.45,4.17,1.71,1.6,6,2007,-2.4416666666666647,256.1666666666667,30.74
2007-09-30,383.22,-16.7,-0.07136752136752136,-0.00473646723646724,12.329999999999998,-1.4200000000000017,18.120000000000005,6.6,0.0,384.6500000000001,-9.639999999999999,109.6,126.42,69.62,829.21,491.94,1395.14,0.0,199.14,54.32,512.99,37.94,550.93,250.0,844.21,-32.269999999999996,64.94999999999999,-2.479999999999997,19.54,-23.119760479041915,1.95,0.65,0.06,0.05,0.83,-4.8054131054131055,-11.276068376068377,-7.898005698005698,-7.564957264957266,-18.793447293447294,1.32,1.25,1.62,1.48,9,2007,-1.1083333333333343,234.0,14.04
2007-12-31,393.5,-20.63,-0.09391502276176024,-0.0032625189681335363,-2.1699999999999946,-17.38,-0.9699999999999989,8.85,0.0,410.8699999999999,-36.83,200.05,161.76,552.71,1690.49,571.06,2344.66,0.0,621.95,53.86,1504.12,16.67,1520.78,250.0,823.88,241.53,-126.19999999999999,-24.86,16.410000000000004,-23.558531265147842,2.69,1.85,-0.03,0.05,-1.67,-3.506160849772383,11.26980273141123,-10.017602427921092,-9.89238239757208,26.045766312594843,-0.46,-0.44,1.12,0.76,12,2007,-0.7166666666666668,219.66666666666666,-6.59
2008-03-31,1692.04,305.75,1.22,0.0,264.85,306.47,325.25,9.1,0.0,1385.57,246.45,204.48,360.39,65.64,2199.45,735.64,3029.48,0.0,368.1,53.24,1886.57,13.77,1900.34,250.0,1129.14,1021.69,-1012.85,-4.4,18.78,1.865,2.01,1.68,1.22,0.0,0.0,40.36,54.72,108.32,123.88,107.24,18.73,18.07,1.17,1.13,3,2008,0.0,250.61475409836066,305.75
2008-06-30,1075.9700000000003,105.72000000000003,0.42393856174204686,0.0,149.15999999999997,106.28999999999996,129.97000000000003,9.3,0.0,969.6900000000003,129.44,164.48,300.33,396.66,2388.61,1087.93,3638.71,0.0,408.79,33.09,2390.88,10.72,2401.6,250.0,1237.11,-14.440000000000055,-2.3700000000000045,-23.200000000000003,23.68,5.48782349602724,1.88,1.94,1.65,0.0,0.0,11.62362456558194,16.865046783483614,34.18229469949207,40.31784188397697,33.99730332709554,15.09,14.87,1.0,0.83,6,2008,0.0,249.3757575757576,411.47
2008-09-30,1768.58,184.18999999999994,0.7359436591344053,0.0,198.68000000000006,184.66999999999996,214.18999999999994,7.75,0.0,1583.8899999999999,172.82000000000005,300.26,590.97,304.09,2639.06,1398.39,4260.35,0.0,571.11,30.85,2858.43,8.78,2867.22,250.0,1393.14,395.80999999999995,-255.8499999999999,-4.18,29.520000000000003,2.6356637168141597,1.39,2.06,2.38,0.0,0.0,17.291583789410062,26.135276500016783,52.88899304972633,65.86386529228082,52.71582983581236,13.27,13.13,0.92,0.82,9,2008,0.0,250.27731092436974,595.66
2008-12-31,2564.7200000000003,395.82000000000005,1.584908823173438,0.0,392.19999999999993,400.37,534.64,7.8,0.0,2164.36,367.49,312.94,979.15,372.88,4381.7,1328.93,5910.1,0.0,823.35,9.68,4136.45,7.69,4144.14,250.0,1765.96,1338.3400000000001,-1303.39,-22.269999999999996,134.26999999999998,1.2273892173210044,1.1,2.35,3.97,0.0,0.0,26.795738088514145,38.612690523258166,89.6491499576391,122.2735199903175,89.84077621333765,14.25,13.96,1.06,0.97,12,2008,0.0,249.74307304785893,991.48
2009-03-31,2843.72,609.3,2.44,2.4,543.63,616.64,717.97,8.0,0.0,2227.07,524.36,324.54,1101.15,336.99,4869.26,1299.05,6422.3,0.0,520.32,7.44,4034.29,7.38,4041.67,250.0,2380.63,99.26,-54.0,-33.66,101.33,0.82,0.84,1.7,2.44,2.4,0.98,37.96,52.2,102.36,138.88,103.28,22.19,21.43,1.21,1.12,3,2009,599.311475409836,249.71311475409834,609.3
2009-06-30,1894.56,307.18000000000006,1.1999218750000002,0.058939549180327955,324.04999999999995,312.49,412.5999999999999,8.55,0.0,1582.0899999999997,310.12,251.38,1752.37,825.74,6000.1,1213.2,7543.71,0.0,469.37,5.46,5306.77,4.41,5311.18,289.78,2232.54,789.47,-374.74,-487.88,100.11,1.7826577251123117,1.11,2.38,3.58,2.4,0.67,16.289442213687153,22.282348114525146,55.03552287011174,70.82890799581007,55.69246333798884,19.81,19.34,1.13,0.98,6,2009,15.088524590163956,256.0,916.48
2009-09-30,2374.2200000000003,180.51999999999998,0.6796240656335459,1.0868988149498635,212.17999999999995,203.15999999999997,302.83000000000015,15.7,0.0,2171.05,197.6500000000001,574.26,1598.84,700.68,5395.9,1132.05,7012.18,0.0,512.29,4.69,4773.4,4.65,4778.06,289.78,2234.12,189.66000000000008,133.32,-0.10000000000002274,99.67000000000002,5.773044538001329,2.04,2.14,4.13,3.4,0.82,10.29474129443938,13.22387164995442,32.319168641750224,39.8164258887876,33.29335132178669,15.69,15.42,1.13,0.98,9,2009,288.6992736077483,265.6174334140436,1097.0
2009-12-31,1800.0699999999997,196.23000000000002,0.7161955723266551,0.10388981741177336,244.32000000000016,235.30999999999995,94.87999999999988,15.0,0.0,1564.7600000000002,216.33999999999992,127.47,940.82,334.4,4573.39,1303.39,6370.05,0.0,285.87,4.04,3833.22,4.06,3837.28,328.04,2532.77,762.8399999999999,-1041.97,-167.66999999999996,-140.43,5.239351016664118,1.94,1.52,4.72,3.4,0.72,12.320991625619575,13.51667406416492,30.99063213813475,36.51990473465664,32.7204265289237,14.76,14.51,1.19,1.11,12,2009,28.464709443099082,273.989406779661,1293.23
2010-03-31,4144.68,1788.13,5.53,1.5,1797.78,1790.27,1834.83,14.4,0.0,2354.41,1781.18,91.25,1125.26,88.17,4776.26,1288.53,6628.17,0.0,420.84,3.25,2322.31,3.59,2325.9,328.04,4302.27,611.51,-646.35,-1.38,44.56,0.65,1.1,0.54,5.53,1.5,0.27,107.92,109.76,166.24,214.04,166.32,43.3,43.14,2.06,2.02,3,2010,485.02622061482816,323.3508137432188,1788.13
2010-06-30,376.0599999999995,91.66999999999985,0.28137881689541394,0.011223910550293278,74.67000000000007,104.33999999999992,149.6400000000001,28.5,0.0,271.72000000000025,57.309999999999945,96.28,340.76,114.41,3124.59,1252.99,5182.31,0.0,133.9,3.93,1179.81,2.05,1181.86,341.1,4000.44,-268.32,722.1800000000001,-448.82,45.3,25.325111814115896,2.43,0.3,5.77,1.5,0.26,7.074946058091275,5.808985211192671,9.16602468347695,11.766218533886565,9.234296840089355,42.22,41.58,2.65,2.55,6,2010,3.656621672866777,325.78856152513,1879.8
2010-09-30,363.6100000000006,67.34000000000015,0.20439177460275115,0.01673962944612252,-20.6400000000001,112.09000000000015,156.6400000000001,31.5,0.0,251.52999999999975,-36.38000000000011,104.86,238.76,162.12,3184.62,1221.43,5154.31,0.0,124.03,2.18,1213.05,1.77,1214.81,341.1,3939.49,107.78000000000003,-97.0,-2.2200000000000273,44.55,38.52931467181459,2.73,0.31,5.91,1.5,0.25,5.226342635865947,4.563712111096284,6.837959674188824,8.726249165442669,7.044080651622395,41.93,39.86,2.63,2.49,9,2010,5.515127255452285,329.4653130287648,1947.14
2010-12-31,163.67000000000007,74.28999999999996,0.20874687721068735,2.461357075434185,76.1400000000001,71.22000000000003,116.19999999999982,27.0,0.0,92.44000000000005,54.81000000000017,92.32,163.05,199.41,2153.06,1184.96,4259.62,0.0,71.81,1.81,1020.39,1.52,1021.9,367.55,3237.72,41.889999999999986,729.06,-783.48,44.97999999999999,32.31186061381076,3.07,0.32,5.68,3.85,0.68,6.976849853816354,5.747889365449209,9.177512355114938,10.29915930801462,9.430360685257462,42.38,40.04,2.11,1.91,12,2010,875.9614494709375,355.8855633802817,2021.43
2011-03-31,539.43,346.36,0.9500000000000001,1.32,-42.21,349.03,393.61,24.9,0.0,190.4,-67.16,55.76,105.22,218.64,1958.02,1154.34,4098.4,0.0,41.43,1.14,506.05,44.01,550.07,367.55,3548.34,-67.98,33.56,-2.14,44.58,6.5525,2.58,0.16,0.95,1.32,1.39,33.8,26.04,39.04,35.28,38.88,281.07,64.21,3.87,3.44,3,2011,481.2581052631579,364.58947368421053,346.36
2011-06-30,345.1400000000001,41.879999999999995,0.11542241912219244,-0.0063604281670589236,47.160000000000004,42.120000000000005,86.87,23.5,0.0,303.01,24.059999999999995,74.62,114.57,156.98,1368.77,1116.33,3469.11,0.0,58.03,1.01,306.85,43.07,349.92,367.72,3119.18,-112.74,611.1800000000001,-479.58000000000004,44.75,50.893925501432676,2.77,0.11,1.07,1.32,1.23,4.828324747578816,3.900630537811662,5.371996703070265,4.707508757469606,5.337477848753347,86.22,43.89,4.46,3.95,6,2011,-2.3078248893261275,362.8411214953271,388.24
2011-09-30,268.82000000000005,25.360000000000014,0.06989941972920699,-0.00012408033406227545,13.25,26.75,72.06999999999994,19.0,0.0,242.07999999999998,-10.68,47.42,176.63,157.66,1473.78,1091.92,3530.27,0.0,71.42,6.59,347.66,56.68,404.34,367.72,3125.93,20.669999999999987,-53.960000000000036,6.090000000000032,45.32000000000001,67.96837539432174,2.24,0.13,1.14,1.32,1.16,2.8744603481624775,2.359411992263057,3.2448046421663457,2.872007736943909,3.2202785299806593,60.67,35.86,4.24,3.79,9,2011,-0.04501721593697994,362.8070175438597,413.6
2011-12-31,343.9699999999998,-14.090000000000032,-0.03879502390428284,0.0013952354792511432,11.940000000000001,-13.899999999999977,32.379999999999995,28.75,0.0,357.8699999999999,-38.56,85.19,121.34,121.15,1751.25,1068.08,3522.89,0.0,97.19,7.78,185.48,238.5,423.97,367.87,3098.92,354.86,-318.29999999999995,1.2199999999999704,46.28,-185.29438254080867,3.41,0.14,1.1,1.32,1.2,-1.5997657129984266,-1.4643358113689304,-1.8184285750043845,-1.7789281870291145,-1.7083917799304187,39.91,26.68,9.44,8.79,12,2011,0.5067368421051128,363.19090909090903,399.51
2012-03-31,575.62,133.13,0.37,0.32,120.85,159.24,204.49,31.25,0.0,416.39,98.23,121.92,982.15,102.84,3042.38,1054.51,4606.13,0.0,163.05,10.11,983.64,242.93,1226.57,367.87,3379.56,185.38,-287.92,139.27,45.25,21.115,3.4,0.36,0.37,0.32,0.86,11.56,14.64,15.76,15.36,17.6,25.87,23.13,3.09,2.99,3,2012,115.13945945945945,359.8108108108108,133.13
2012-06-30,691.5400000000001,172.14,0.46803223376027775,0.006946796765645713,216.72,219.26999999999998,265.09999999999997,27.5,0.0,472.26,194.02999999999997,349.62,442.36,123.07,3739.74,1024.34,5283.68,0.0,146.99,13.54,1587.1,249.36,1836.46,367.89,3447.22,840.1999999999999,-502.75999999999993,-109.74000000000001,45.83,14.688037498547695,2.93,0.53,0.83,0.32,0.39,13.037235234382678,19.510741310970616,19.98441248730632,20.976866380581125,23.09710878894094,25.85,24.09,2.36,2.28,6,2012,2.5549983718658638,367.7951807228916,305.27
2012-09-30,1041.3099999999997,401.13,1.095952576443941,-0.0015604524553480084,462.05,492.53999999999996,518.6400000000001,46.0,0.0,548.7700000000001,437.23,300.35,647.85,100.55,4700.29,1088.93,6307.24,0.0,207.01,17.66,2158.91,258.01,2416.91,367.89,3890.32,27.75,-83.96000000000004,6.93,26.10000000000001,10.491307057562386,4.35,0.62,1.93,0.32,0.17,25.439728199320495,40.22657021517554,41.24870215175538,45.746082672706684,47.699490373725936,32.6,30.6,2.18,2.13,9,2012,-0.5711417691491363,366.0103626943005,706.4
2012-12-31,1044.4300000000003,383.36,1.044798120687124,0.0007955433263624669,457.07000000000005,477.6700000000001,519.27,62.75,0.0,566.75,406.3699999999999,373.94,582.61,155.73,5056.66,1565.93,7232.79,0.0,232.93,17.88,2666.91,255.29,2922.2,368.49,4310.59,1249.21,-1171.98,-3.6300000000000026,41.599999999999994,15.016321994991651,5.36,0.68,2.97,0.32,0.11,21.205532227279402,35.29095874320951,35.5723858464249,41.39792688298341,41.56678314491264,34.71,32.5,1.9,1.84,12,2012,0.29190279304268074,366.9225589225589,1089.76
2013-03-31,1296.08,424.73,1.15,1.0,470.46,431.43,470.17,93.25,0.0,864.65,436.65,660.0,629.26,117.3,5611.62,1627.43,8063.26,0.0,362.29,18.16,2943.4,252.4,3195.79,368.49,4867.47,911.85,-620.71,-5.09,38.74,20.2725,7.06,0.66,1.15,1.0,0.87,21.08,27.24,34.92,41.2,33.72,33.83,32.77,1.91,1.87,3,2013,369.33043478260873,369.33043478260873,424.73
2013-06-30,1306.7800000000002,486.25,0.3309348174493403,0.7486389716950784,492.09999999999997,596.8899999999999,634.0,75.75,0.0,709.88,463.38,612.71,983.11,157.54,5570.74,1815.74,8298.65,0.0,437.94,18.46,3099.8,249.0,3348.8,369.36,4949.86,-978.72,1301.95,-370.51000000000005,37.10999999999999,57.22546858611826,5.65,0.68,0.62,1.0,1.61,23.44299545544359,32.324858943116205,39.285165426244255,46.330874442907636,42.23155283321259,37.14,35.0,1.8,1.75,6,2013,1099.9921458625524,1469.3225806451612,910.98
2013-09-30,1362.1599999999999,386.79999999999995,0.26228174266824883,0.0036802301100788445,427.95000000000005,454.02,498.80999999999995,18.6,0.0,908.1499999999999,386.05999999999995,741.76,685.07,264.16,5774.46,2122.42,8781.69,0.0,435.45,18.23,3220.68,249.25,3469.93,369.36,5311.75,359.99,-225.29000000000002,-5.659999999999968,44.790000000000006,17.732076783867637,5.17,0.65,0.88,1.0,1.14,17.620564348348715,23.426528379232224,29.12519533356963,33.63167254850591,31.783778452434156,34.44,32.73,1.79,1.71,9,2013,5.427419354838776,1474.75,1297.78
2013-12-31,1984.98,610.74,0.41280919246327,0.0031922641628067097,640.55,680.53,737.8499999999999,15.7,0.0,1304.4500000000003,595.72,359.05,1005.62,825.86,7688.85,2240.14,10867.01,0.0,852.36,16.78,4652.56,303.65,4956.21,369.36,5910.8,-244.49,-132.95,-5.259999999999991,57.32000000000001,9.507600779382388,3.92,0.84,1.29,1.0,0.78,22.477300526062077,30.59268123991365,41.33212038647748,47.79626433047598,44.54499193092029,33.67,32.08,1.65,1.48,12,2013,4.722868217054156,1479.4728682170542,1908.52
2014-03-31,2791.53,495.38,0.34,0.34,642.43,564.13,626.79,21.7,0.0,2227.4,593.75,534.04,1562.28,618.04,8331.29,2336.49,11634.43,0.0,987.27,14.82,4914.12,287.19,5201.32,369.36,6433.11,-258.91,439.17,-5.28,62.66,15.955,4.98,0.81,0.34,0.34,1.0,17.04,22.92,30.8,35.08,33.56,18.18,17.75,1.7,1.57,3,2014,495.37999999999994,1456.9999999999998,495.38
2014-06-30,2699.07,576.5400000000001,0.3926358310321666,0.002635831032166671,633.7000000000002,671.0300000000001,736.6800000000001,19.9,0.0,2028.0399999999995,615.4200000000001,900.96,1296.49,665.43,8400.2,2386.56,11734.38,0.0,931.21,16.13,4898.7,309.03,5207.73,369.36,6526.65,761.44,100.12999999999994,-494.64000000000004,65.65,12.67064696291671,4.5,0.8,0.73,0.34,0.47,19.642548697664008,26.527122173296515,35.32646764683932,40.18869766400478,38.876325845212335,20.07,19.52,1.71,1.58,6,2014,3.8704109589042446,1468.3835616438357,1071.92
2014-09-30,3113.16,773.4499999999998,0.5239125487029701,0.001822282957547667,797.0499999999997,868.3999999999999,936.6400000000001,22.1,0.0,2244.76,761.29,336.54,1590.17,654.31,8253.8,2368.81,11647.59,0.0,801.26,13.86,4022.14,327.62,4349.77,369.36,7297.82,-478.26,-80.03999999999996,-6.1200000000000045,68.24000000000001,10.54565311267697,4.47,0.6,1.25,0.34,0.27,26.55607926865614,34.51955000894129,42.39919474143396,49.071744961714984,46.255191099887824,22.03,21.45,2.05,1.89,9,2014,2.6902290410957903,1476.2959999999998,1845.37
2014-12-31,3450.33,782.0799999999999,0.5298302156082895,-4.618135454528757e-05,974.7400000000002,954.0300000000002,1025.0699999999997,19.2,0.0,2496.3,930.1799999999998,602.21,1568.75,1124.06,10853.01,2360.91,14023.18,0.0,1408.04,13.09,5627.09,351.3,5978.39,369.36,8044.79,1399.89,-1129.1599999999999,-5.069999999999993,71.03999999999996,9.062431432845743,3.53,0.74,1.78,0.34,0.19,22.31240054044796,29.25377167976555,38.88596593655445,44.82720812955527,43.36273360102,22.39,21.8,1.93,1.73,12,2014,-0.06816808988764933,1476.0955056179773,2627.45
2015-03-31,2444.37,537.19,0.33,0.5,635.71,621.45,693.48,15.7,0.0,1822.92,593.41,512.61,320.13,1716.2,10669.31,2389.35,13900.03,0.0,1343.34,10.83,4940.53,376.51,5317.04,369.36,8582.99,-1314.89,1230.12,-4.82,72.03,11.895,2.7,0.62,0.33,0.5,1.52,15.44,19.48,25.04,28.6,27.76,22.65,21.98,2.16,1.81,3,2015,813.9242424242425,1627.848484848485,537.19
2015-06-30,5240.63,712.8,0.43908831270650167,-0.0013813443840884805,1013.8,829.1399999999999,904.5899999999999,17.1,0.0,4411.49,955.14,510.74,1343.69,233.96,7701.63,2338.24,10887.15,0.0,1171.94,16.16,1937.53,387.8,2325.34,406.3,8561.81,475.2600000000001,252.33000000000015,-729.4699999999999,75.44999999999999,9.737050329685747,3.25,0.27,0.77,0.5,0.65,26.18563028504228,29.242141137129096,33.302282418259345,37.79580956647653,36.97465739725918,16.52,16.27,3.97,3.85,6,2015,-2.242424242424363,1623.3636363636363,1249.99
2015-09-30,1866.1599999999999,571.8,0.35153118636066727,0.0009942768575760823,1017.0899999999999,655.7700000000002,732.1400000000001,15.0,0.0,1210.3900000000003,955.7,366.84,1417.79,1336.28,10064.81,2280.68,13157.22,0.0,1125.79,12.98,3625.45,395.11,4020.56,406.3,9136.66,-92.33000000000004,-47.11000000000013,-4.4500000000000455,76.37,10.665341072053167,2.67,0.44,1.12,0.5,0.45,17.388239039625862,21.317855515729036,25.034042342970377,27.833737148628547,27.745854352038382,19.37,19.07,2.78,2.41,9,2015,1.6172889610388665,1626.598214285714,1821.79
2015-12-31,4011.6399999999994,772.9900000000002,0.47664310654467834,-0.0014986131496971733,1264.7400000000002,969.8199999999997,1044.88,9.4,0.0,3041.8200000000006,1222.9499999999998,926.07,1782.8,1846.55,9766.58,2216.16,12740.22,0.0,1168.0,12.56,2621.3,225.98,2847.29,406.3,9892.93,768.96,-202.98000000000002,-6.759999999999991,75.06000000000003,4.934509631431195,1.54,0.29,1.6,0.5,0.31,24.273050200787743,27.395062548655382,31.25587171166728,34.47321268084385,36.224876097395544,19.42,19.13,3.73,3.02,12,2015,-2.4303571428570194,1621.7375,2594.78
2016-03-31,3894.64,576.81,0.36,0.37,834.96,680.83,756.85,10.1,0.0,3213.81,792.66,801.22,1530.82,1048.69,10314.16,2155.03,13221.62,0.0,1123.83,12.26,2518.26,223.15,2741.41,406.3,10480.21,716.83,-838.2,-3.48,76.02,7.015,1.57,0.26,0.36,0.37,1.03,17.44,20.08,22.0,24.2,25.44,15.09,14.81,4.1,3.68,3,2016,592.8325,1602.25,576.81
2016-06-30,3973.2000000000003,571.8300000000002,0.3534608754701212,0.0035570108998468253,603.03,680.43,756.11,10.0,0.0,3292.77,561.5100000000001,972.88,1233.64,157.88,9628.88,2090.29,12427.88,0.0,1170.06,12.18,1738.12,218.3,1956.42,406.3,10471.46,275.27,500.28000000000003,-603.89,75.67999999999999,7.070655264676563,1.55,0.19,0.71,0.37,0.52,18.399878813205188,23.25872127037192,21.84487776849144,24.035339531968244,25.349616590054328,14.84,14.6,5.54,5.45,6,2016,5.754542253521208,1617.8028169014087,1148.64
2016-09-30,1722.7000000000007,121.39999999999986,0.074558281628925,0.002375442539017251,150.6099999999999,155.07999999999993,228.96000000000004,8.45,0.0,1567.63,108.24000000000001,1535.27,1575.02,292.74,9542.81,2007.52,12141.74,0.0,1172.52,11.0,1319.18,216.93,1536.11,406.3,10605.63,942.84,-376.92,-3.5299999999999727,73.88000000000002,28.32482125205934,1.29,0.14,0.78,0.37,0.47,3.9993826966079773,4.584378444773388,4.580554943151392,4.920846587509049,5.3567257724166115,13.52,13.24,7.23,7.01,9,2016,3.867829541350602,1628.2564102564102,1270.04
2016-12-31,429.5199999999986,95.84000000000015,0.058940463291065184,-0.0005026007465460272,-48.299999999999955,125.30000000000018,194.33999999999992,11.1,0.0,304.21000000000004,-88.33000000000015,1970.33,1717.45,424.61,9028.1,2084.58,12565.23,0.0,760.26,11.96,905.5,422.87,1328.37,406.3,10678.99,166.44000000000005,271.95000000000005,-3.330000000000041,69.03999999999999,47.06613835559259,1.69,0.12,0.84,0.37,0.44,3.05087064749466,3.640275280405312,3.589754883298684,3.7272826309778364,3.9518177292295134,14.1,13.63,9.97,9.5,12,2016,-0.8172527472527236,1626.0476190476193,1365.88
2017-03-31,472.33,-230.78,-0.14,0.39,-81.18,-230.94,-160.7,9.7,0.0,703.27,-126.4,1584.78,1827.58,420.74,8650.63,2271.22,12480.01,0.0,909.94,6.1,1046.35,429.62,1475.97,406.3,10449.13,-288.18,-93.63,-3.74,70.24,-17.3225,1.51,0.14,-0.14,0.39,-2.79,-7.4,-7.2,-8.84,-8.84,-8.08,-53.74,-48.86,8.27,7.87,3,2017,642.8871428571429,1648.4285714285713,-230.78
2017-06-30,304.18,-1931.07,-1.1880209542752735,-0.0055130559474524535,-512.97,-1895.96,-1825.7,8.15,722.73,2200.13,-583.21,1575.27,988.29,148.94,5796.83,2244.74,9555.1,0.0,717.5,8.62,880.14,244.89,1125.04,406.3,7879.03,585.9200000000001,41.419999999999995,-636.85,70.26,-1.7156473483612713,1.68,0.14,-1.33,0.39,-0.29,-80.85688479774267,-69.13746004579411,-98.04299243703309,-84.17977047436223,-87.60984601151792,-322.25,-278.41,6.59,6.42,6,2017,-8.961203007518861,1625.4511278195487,-2161.85
2017-09-30,176.03999999999996,-162.21000000000004,-0.09980822353983979,-5.6235202603318684e-05,-121.72000000000003,-165.0999999999999,-93.48999999999978,6.7,722.7,341.1500000000001,-162.62,1684.58,839.84,139.69,5572.39,2224.34,9311.81,0.0,694.11,6.75,799.8,244.68,1044.48,406.3,7719.82,-167.36,279.86,-3.189999999999941,71.61000000000001,-16.79896646322668,1.41,0.14,-1.43,0.39,-0.27,-6.968428698054269,-5.96615870502483,-8.4062254847121,-7.0801022348820615,-7.518420866931148,-285.46,-243.98,6.97,6.79,9,2017,-0.09139439507850966,1625.2167832167831,-2324.06
