,revenue,net_profit,eps,dps,gross_profit,ebit,ebitda,close_price,allowance_doubtful_accounts,expense,operating_profit,cash,account_receivable,inventory,current_asset,property_plant_equipment,total_asset,short_term_loan,account_payable,current_portion_long_term_debt,current_liability,non_current_liability,total_liability,paid_in_capital,total_equity,cash_flow_operation,cash_flow_investment,cash_flow_financing,depreciation,P/E,P/BV,D/E,EPS,DPS,DPR%,ROA%,ROAA%,ROE%,ROAE%,ROCE%,NPM%,NPMA%,CurrentRatio,QuickRatio,month,year,dividend,number_of_shares,return_old
2000-03-31,282.79,-101.08,-1.68,0.0,133.44,-42.72,3.79,8.0,0.0,325.52,-17.29,59.34,34.76,34.93,135.47,1846.56,2842.68,84.37,69.06,2087.95,2799.82,0.0,2799.82,600.0,42.86,-14.42,-4.23,-1.1,46.51,-1.19,111.99,65.32,-1.68,0.0,0.0,-14.239999999999998,0.0,-943.3600000000001,0.0,-398.68,-35.87,-35.74,0.05,0.04,3,2000,0.0,60.16666666666667,-101.08
2000-06-30,279.37999999999994,-173.66000000000003,-2.894965421853389,0.0,134.61,-90.55000000000001,-44.1,8.5,0.0,369.9200000000001,-18.660000000000004,82.26,33.32,32.17,155.95,2650.88,2823.94,85.53,65.72,0.0,2954.73,0.0,2954.73,600.0,-130.79,31.0,-6.619999999999999,-1.4699999999999998,46.449999999999996,-0.7356564551422319,-38.99,-22.59,-4.58,0.0,0.0,-24.600885200553254,0.0,531.1060580912864,0.0,257.6392807745505,-49.22,-48.87,0.05,0.04,6,2000,0.0,59.98689956331878,-274.74
2000-09-30,297.38,-275.35,-4.590084349833663,0.0,139.8,-240.79,-194.29,8.3,0.0,538.1799999999998,-7.919999999999995,127.49,32.34,31.68,197.33,2606.44,2821.08,88.79,72.73,0.0,3227.23,0.0,3227.23,600.0,-406.15,50.2,-2.0500000000000007,-2.9200000000000004,46.500000000000014,-0.454496005084438,-12.26,-7.95,-9.17,0.0,0.0,-39.04324746859605,0.0,271.1803813921358,0.0,184.40426112090748,-64.48,-64.0,0.06,0.05,9,2000,0.0,59.98800436205017,-550.09
2000-12-31,306.23,-219.54999999999995,-3.659927368639883,0.0,141.93999999999994,-148.45,-102.23999999999998,8.0,0.0,454.68000000000006,-60.54,122.91,29.35,31.23,187.06,2571.25,2766.01,89.92,75.78,0.0,3391.7,0.0,3391.7,600.0,-625.69,7.420000000000002,-10.99,-1.0099999999999998,46.20999999999998,-0.5433577772716922,-7.67,-5.42,-12.83,0.0,0.0,-31.74409334234187,0.0,140.3609245881191,0.0,95.28933267501688,-66.58,-66.02,0.06,0.05,12,2000,0.0,59.987529228371,-769.64
2001-03-31,311.9,-183.51,-3.06,0.0,147.0,-117.24,-72.6,6.0,0.0,429.14,-9.57,152.16,33.96,26.61,218.69,2534.1,2760.49,101.06,75.5,2470.74,3569.69,0.0,3569.69,600.0,-809.21,28.4,-7.31,8.17,44.64,-0.49,-4.45,-4.41,-3.06,0.0,0.0,-26.6,-16.72,90.72,191.56,57.959999999999994,-59.62,-58.84,0.06,0.05,3,2001,0.0,59.970588235294116,-183.51
2001-06-30,317.2900000000001,-105.32999999999998,-1.7540413377648523,0.0,138.11,-47.88000000000001,-2.8800000000000097,5.5,0.0,365.16999999999996,-19.82,169.22,37.44,26.88,242.72,2507.0,2757.53,99.78,92.82,2494.89,3672.06,0.0,3672.06,600.0,-914.53,37.00000000000001,-17.8,-2.1500000000000004,45.0,-0.7815380233551694,-3.61,-4.02,-4.81,0.0,0.0,-15.272193601994184,-8.635280432073118,46.064553385957616,80.60567511425009,26.3434399667636,-46.57,-45.91,0.07,0.06,6,2001,0.0,60.04989604989605,-288.84
2001-09-30,350.0,1643.72,27.393715753424654,0.0,158.68,-24.090000000000003,21.240000000000002,8.0,0.0,374.09000000000015,-8.54,32.04,44.8,29.42,114.58,2483.5,2606.62,16.74,96.9,0.0,1877.44,0.0,1877.44,600.0,729.18,33.56999999999999,-21.67,-149.08,45.33,0.0721242060691602,6.58,2.57,22.58,0.0,0.0,252.24541095890407,-33.82359589041096,901.6875684931507,4070.769246575342,-125.92859589041095,140.37,138.37,0.06,0.05,9,2001,0.0,60.00354295837025,1354.88
2001-12-31,359.75,-46.16000000000008,-0.7692627911241532,0.0,157.74999999999994,-15.310000000000002,29.680000000000003,8.0,0.0,375.04999999999995,-20.83,348.49,49.13,30.4,433.95,2474.43,2921.15,31.68,97.99,40.0,258.12,1660.0,1918.12,600.0,1003.02,-12.870000000000005,-35.620000000000005,364.95,44.99000000000001,-2.622543327556321,4.79,1.91,21.81,0.0,0.0,-6.320581942661542,1.0143969680298324,-18.408694908001742,-97.86602848584893,1.083528333027693,99.19,97.74,1.68,1.56,12,2001,0.0,60.00550206327373,1308.72
2002-03-31,348.98,-32.95,-0.33,0.0,152.11,-5.21,37.99,7.9,0.0,354.19,-9.81,286.08,54.3,27.78,384.06,2505.15,2899.09,14.16,98.33,108.44,303.55,1625.47,1929.02,1000.0,970.08,2.54,-47.0,-17.94,43.2,-5.985,8.14,1.99,-0.33,0.0,0.0,-4.56,-0.72,-13.6,-163.84,-0.8,-9.57,-9.44,1.27,1.17,3,2002,0.0,99.84848484848486,-32.95
2002-06-30,383.54999999999995,-25.14,-0.25101050094680666,0.0,171.76999999999998,2.93,48.419999999999995,9.0,0.0,380.61999999999995,-6.49,272.57,54.32,32.19,375.96,2506.45,2895.74,17.92,99.54,106.42,304.16,1646.65,1950.81,1000.0,944.93,22.19,-32.43000000000001,-3.2699999999999996,45.489999999999995,-8.965361972951472,9.52,2.06,-0.58,0.0,0.0,-3.4795248751936643,-0.13848855224651402,-10.646307453950765,-661.5771251506284,-0.15579962127732827,-8.08,-7.93,1.24,1.13,6,2002,0.0,100.15517241379311,-58.09
2002-09-30,450.1700000000001,11.96,0.1192629525254715,0.0,192.40999999999997,40.61,87.28999999999999,9.6,0.0,409.55999999999995,5.33,280.14,56.44,30.55,391.21,2526.88,2960.37,28.98,116.73,140.04,389.84,1613.64,2003.48,1000.0,956.89,74.85,-72.44,5.16,46.68000000000001,20.12401964882943,10.03,2.09,-0.46,0.0,0.0,1.617827877736831,-1.4311554303056577,4.998673314545849,5.672768263602862,-1.5452330370691523,-4.07,-3.9,1.0,0.93,9,2002,0.0,100.28260869565217,-46.13
2002-12-31,429.3399999999999,-27.93999999999999,-0.2791359524773862,0.0,186.01,-0.75,46.70000000000002,8.5,0.0,430.09000000000015,-23.97,90.1,66.62,37.17,232.82,2621.7,2896.46,19.72,101.56,160.58,401.13,1566.38,1967.51,1000.0,928.95,-26.379999999999995,-127.01999999999998,-22.889999999999997,47.44999999999999,-7.615106478167504,9.15,2.12,-0.74,0.0,0.0,-3.862638045092479,1.9464074524098822,-12.02547860132307,-11.572825705413795,2.278352909410017,-4.81,-4.59,0.58,0.49,12,2002,0.0,100.09459459459458,-74.07
2003-03-31,429.22,-3.82,-0.04,0.0,195.14,20.73,68.17,8.6,0.26,408.49,49.39,54.22,65.74,39.04,197.23,2613.47,2858.66,40.69,96.18,176.12,420.3,1511.06,1931.36,1000.0,927.3,38.22,-38.27,-36.15,47.44,-53.75,9.27,2.08,-0.04,0.0,0.0,-0.52,2.88,-1.64,-1.6,3.4,-0.93,-0.89,0.47,0.38,3,2003,0.0,95.5,-3.82
2003-06-30,445.66999999999996,-12.12,-0.12165621079046424,0.0,215.28000000000003,10.43,62.08,11.5,0.0,435.24,236.33000000000004,28.17,57.79,28.73,161.68,2656.12,2869.99,54.98,112.0,25.16,289.15,1665.65,1954.8,1000.0,915.19,49.05,-57.089999999999996,-18.020000000000003,51.650000000000006,-23.63381188118812,12.57,2.14,-0.16,0.0,0.0,-1.7031869510664994,3.2847176913425344,-5.292045169385195,-5.200803011292346,3.680100376411543,-1.88,-1.82,0.56,0.46,6,2003,0.0,99.625,-15.94
2003-09-30,491.07000000000005,1.25,0.012763784887678693,0.0,215.40000000000003,21.279999999999998,63.18000000000001,16.4,0.0,469.78999999999996,-144.67000000000002,20.22,61.24,23.63,159.13,2673.96,2891.75,63.08,124.69,25.27,313.01,1662.3,1975.32,1000.0,916.43,56.500000000000014,-67.01,2.5700000000000003,41.900000000000006,321.21153999999996,17.9,2.16,-0.15,0.0,0.0,0.17358747447243025,-0.6092579986385296,0.5445881552076243,0.5343771272974813,-0.6909462219196733,-1.13,-1.08,0.51,0.43,9,2003,0.0,97.93333333333334,-14.69
2003-12-31,483.0999999999999,-25.86,-0.2614697903822441,0.0,247.30999999999995,-5.619999999999997,59.400000000000006,21.4,0.0,488.73,60.64999999999998,5.46,62.21,24.75,150.08,2682.7,2892.3,78.73,122.07,22.95,328.22,1673.5,2001.72,1000.0,890.57,11.929999999999978,-61.349999999999994,34.64,65.01999999999998,-20.46316705336427,24.03,2.25,-0.41,0.0,0.0,-3.5712946979038223,4.132498150431567,-11.606707768187423,-11.37712453760789,4.66819235511714,-2.25,-2.19,0.46,0.38,12,2003,0.0,98.90243902439025,-40.55
2004-03-31,547.75,17.76,0.18,0.0,267.96,38.12,89.91,17.9,0.0,509.63,74.62,7.83,72.26,24.07,174.16,2707.7,2947.15,91.44,117.98,20.41,351.67,1687.14,2038.81,1000.0,908.34,59.76,-80.92,23.86,51.79,24.86,19.71,2.24,0.18,0.0,0.0,2.4,5.24,7.84,7.759999999999999,5.88,3.36,3.24,0.5,0.43,3,2004,0.0,98.66666666666669,17.76
2004-06-30,561.9200000000001,9.0,0.09080717488789238,0.0,274.18,29.28000000000001,81.87,20.1,0.0,532.65,68.16999999999999,5.72,77.94,24.69,185.02,2756.98,3012.75,89.52,132.75,32.93,377.9,1717.51,2095.41,1000.0,917.33,69.5,-100.39999999999999,28.79,52.589999999999996,55.333733333333335,21.91,2.28,0.27,0.0,0.0,1.1973094170403589,3.080717488789238,3.9282511210762325,3.9282511210762325,3.4439461883408073,2.49,2.41,0.49,0.42,6,2004,0.0,99.11111111111111,26.76
2004-09-30,634.03,22.23,0.22234537660747092,0.0,293.15999999999997,40.86999999999999,97.78999999999999,24.8,0.0,593.1600000000001,72.91,28.96,94.21,27.85,232.36,2855.24,3162.85,92.92,146.49,74.3,493.62,1729.49,2223.11,1000.0,939.56,99.35000000000002,-158.63,82.53,56.920000000000016,27.883309716599193,26.4,2.37,0.49,0.0,0.0,2.813349663196571,6.49793018983466,9.45648499693815,9.583539497856705,7.369161053276177,2.91,2.81,0.47,0.41,9,2004,0.0,99.9795918367347,48.99
2004-12-31,864.8500000000001,216.21999999999997,2.160487915236982,0.0,286.95000000000005,235.65000000000003,319.72999999999996,25.5,0.0,629.19,44.400000000000034,8.18,108.51,34.95,180.45,4308.77,4640.47,79.88,160.78,132.75,531.14,1820.93,2352.07,1000.0,2288.4,44.52999999999997,-118.19999999999999,52.879999999999995,84.07999999999998,2.949912357783739,11.14,1.03,2.65,0.0,0.0,18.65357113231024,29.773969307341353,37.796309339768484,54.42798989480035,27.29552279325817,11.6,10.17,0.34,0.27,12,2004,0.0,100.07924528301886,265.21
2005-03-31,672.7,14.94,0.15,0.0,251.2,34.74,124.04,25.0,0.0,637.96,92.16,18.15,116.74,30.11,184.62,4358.23,4710.52,83.76,167.4,177.11,610.46,1796.72,2407.18,1000.0,2303.34,110.44,-136.95,36.49,89.3,41.6675,10.85,1.05,0.15,0.0,0.0,1.28,3.64,2.6,3.72,3.4,2.33,2.22,0.3,0.25,3,2005,0.0,99.6,14.94
2005-06-30,676.29,24.700000000000003,0.2492431886982846,0.0,228.37,43.74,100.62999999999998,25.75,0.0,632.54,67.03,21.03,96.86,31.0,177.27,4395.94,4748.19,96.42,180.87,225.75,709.91,1747.01,2456.92,1000.0,2291.28,117.81,-129.40000000000003,14.46,56.89,25.830194331983797,11.24,1.07,0.4,0.0,0.0,2.068718466195762,5.034712411705349,4.311907164480323,6.15630676084763,4.835317860746721,3.09,2.94,0.25,0.21,6,2005,0.0,99.1,39.64
2005-09-30,783.2099999999998,19.659999999999997,0.19560539629005055,0.0,281.72999999999996,43.81,126.1,21.0,0.0,739.4000000000001,81.33000000000001,19.98,107.49,30.7,188.96,4431.0,4808.21,75.17,193.25,301.74,809.95,1705.98,2515.93,1000.0,2292.28,121.23000000000002,-126.73999999999995,4.459999999999994,82.28999999999999,26.837321973550363,9.16,1.1,0.59,0.0,0.0,1.631150084317032,4.071244519392916,3.434698145025295,4.866927487352444,4.057983136593592,2.93,2.78,0.23,0.2,9,2005,0.0,100.50847457627118,59.3
2005-12-31,841.1800000000003,50.540000000000006,0.5061361981063366,0.0,417.55999999999995,78.45,157.92000000000002,21.0,0.0,762.7399999999998,173.65,17.6,125.68,39.26,220.83,4472.26,4881.29,71.54,206.86,336.68,792.65,1764.47,2557.11,1000.0,2324.18,30.439999999999998,-32.18000000000001,-0.6499999999999986,79.47,10.372208151958844,9.04,1.1,1.1,0.0,0.0,4.141114348142754,7.766890021849964,8.705542607428988,8.760757465404224,9.036831755280408,3.82,3.69,0.28,0.23,12,2005,0.0,99.85454545454544,109.84
2006-03-31,805.57,31.93,0.32,0.0,302.83,64.18,146.38,25.25,0.0,741.4,97.43,23.59,126.55,34.32,215.75,4416.17,4825.68,72.24,185.39,341.49,774.28,1713.44,2487.72,1000.0,2337.96,97.38,-29.6,-61.78,82.2,19.7275,10.8,1.06,0.32,0.0,0.0,2.64,5.4,5.48,5.52,6.32,4.22,3.96,0.28,0.23,3,2006,0.0,99.78125,31.93
2006-06-30,899.0299999999999,51.220000000000006,0.511276007215875,0.0,418.08,90.94999999999999,182.81,35.0,0.0,808.07,197.98000000000002,32.15,159.95,41.59,282.82,5073.92,5439.96,135.59,229.12,357.28,1001.05,1847.9,2848.95,1000.0,2422.3,174.17000000000002,-169.71,4.100000000000001,91.86,17.114581706364703,14.45,1.18,0.83,0.0,0.0,3.7698905592303067,7.515141310883944,8.451453998797355,8.697852074564041,8.599292844257366,4.98,4.88,0.28,0.24,6,2006,0.0,100.18072289156628,83.15
2006-09-30,1123.4500000000003,87.15,0.8699647680563711,0.0,527.2099999999999,139.07,243.08999999999997,40.0,0.0,984.3700000000001,231.98999999999995,52.28,181.22,47.07,321.31,5114.84,5520.9,105.97,247.1,382.46,1054.04,1800.66,2854.71,1000.0,2490.25,213.05,-120.02999999999997,-72.88999999999999,104.01999999999998,11.495005737234655,16.06,1.15,1.7,0.0,0.0,6.3046858485026425,11.667762771579566,14.00131532589548,14.574468584850264,13.489571344685848,6.12,6.02,0.3,0.26,9,2006,0.0,100.1764705882353,170.3
2006-12-31,1121.87,66.97999999999999,0.6690096089008765,0.0,419.4200000000001,123.65000000000003,233.25,40.25,0.0,998.23,218.85000000000002,36.71,202.08,53.23,325.32,5097.2,5501.99,102.64,245.1,372.58,1006.96,1776.57,2783.53,1000.0,2538.56,136.79999999999995,-92.99000000000001,-59.379999999999995,109.60000000000002,15.038124813377129,15.86,1.1,2.37,0.0,0.0,4.866550910316924,9.089497639919083,10.557366824005392,11.020310182063383,10.500910316925152,6.09,6.01,0.32,0.27,12,2006,0.0,100.11814345991561,237.28
2007-03-31,1222.12,88.39,0.88,0.0,460.32,173.51,282.67,39.0,0.0,1048.61,198.41,87.64,261.79,52.73,461.58,5143.01,5686.44,83.4,269.65,422.42,1130.41,1762.59,2892.99,1000.0,2608.52,216.98,-105.44,-60.61,109.16,11.08,14.95,1.11,0.88,0.0,0.0,6.2,13.2,13.56,14.28,15.24,7.76,7.23,0.41,0.36,3,2007,0.0,100.44318181818181,88.39
2007-06-30,1200.71,43.209999999999994,0.43341337386018236,0.0,363.15000000000003,99.79000000000002,221.78999999999996,76.0,0.0,1100.91,-116.11999999999999,72.56,242.91,60.79,447.81,5132.24,5663.38,127.69,238.29,465.65,1211.67,1643.83,2855.49,1000.0,2633.11,184.48,-126.47999999999999,-73.08,122.0,43.841286739180745,28.86,1.08,1.32,0.0,0.0,3.0470273556231,6.461799392097264,6.566869300911853,6.842677811550151,8.064115501519757,5.9,5.43,0.37,0.32,6,2007,0.0,99.69696969696969,131.6
2007-09-30,1274.52,68.67000000000002,0.6857742048234884,0.0,717.52,135.32999999999998,260.50000000000006,64.0,0.0,1139.1999999999998,319.31,81.43,252.58,57.4,450.24,5102.52,5641.24,144.17,229.74,472.57,1257.72,1528.61,2786.33,1000.0,2682.98,217.19,-112.78999999999999,-95.53,125.16999999999999,23.33129459734964,23.85,1.04,2.0,0.0,0.0,4.868996854246767,10.039734358615872,10.231751135966446,10.615784690667601,12.782831177909824,5.43,5.42,0.36,0.31,9,2007,0.0,100.135,200.27
2007-12-31,1303.7599999999998,72.41,0.7249497579580461,0.0,566.8999999999999,139.16999999999996,263.28999999999996,56.0,0.0,1164.5900000000006,46.77999999999997,104.85,282.25,66.21,521.28,5013.62,5615.11,122.49,243.17,385.12,1129.54,1568.57,2698.11,1000.0,2739.49,156.49,-17.25,-115.83000000000001,124.12,19.309027758596883,20.44,0.98,2.73,0.0,0.0,5.162279595129823,10.473266832917703,10.568864603197886,10.972499633269766,12.969430834678011,5.56,5.45,0.46,0.4,12,2007,0.0,99.88278388278388,272.68
2008-03-31,1439.3,128.66,1.29,0.0,628.57,215.02,331.38,48.0,0.0,1224.28,195.53,155.63,362.4,59.92,654.58,4939.4,5672.54,0.0,241.75,427.93,1194.28,1443.45,2637.72,1000.0,2852.98,262.83,-53.4,-158.64,116.36,9.3025,16.82,0.92,1.29,0.0,0.0,9.08,15.16,18.04,18.84,19.2,9.06,8.94,0.55,0.5,3,2008,0.0,99.73643410852712,128.66
2008-06-30,1405.5800000000002,117.62,1.1748627578366089,0.0,609.9799999999999,194.65,307.69000000000005,62.0,0.0,1210.9199999999998,179.29,295.23,327.35,55.71,777.23,4846.36,5700.7,0.0,260.01,427.37,1187.87,1363.82,2551.69,1000.0,2956.31,272.79,-27.630000000000003,-105.57,113.04,13.19132800544125,20.97,0.86,2.46,0.0,0.0,8.25269449407179,13.773594282929999,15.913181744356018,16.830147799252885,17.34594120513237,8.76,8.66,0.65,0.61,6,2008,0.0,100.11382113821138,246.28
2008-09-30,1498.8000000000002,128.78,1.287593984962406,0.0,626.3600000000001,229.8,349.43999999999994,65.0,0.0,1269.0100000000002,214.25000000000006,157.25,367.37,57.45,758.95,4794.96,5629.07,0.0,267.21,435.24,1204.1,1156.13,2360.23,1000.0,3070.68,262.45000000000005,-156.93,-243.5,119.64000000000001,12.618010948905109,21.17,0.77,3.75,0.0,0.0,9.147067669172932,15.58847117794486,16.769624060150377,17.90957393483709,19.846115288220552,8.74,8.63,0.63,0.58,9,2008,0.0,100.016,375.06
2008-12-31,1491.1499999999996,98.57999999999998,0.9865492779326069,0.0,607.3099999999997,174.30999999999995,288.76,56.0,0.0,1316.8400000000001,158.01999999999998,146.52,392.58,60.89,724.9,4864.57,5704.75,0.0,273.72,416.75,1250.97,1059.32,2310.28,1000.0,3189.43,257.42999999999995,-122.14000000000001,-146.09999999999997,114.44999999999999,14.185657334144858,17.56,0.72,4.74,0.0,0.0,6.910007600709399,11.971796300988093,12.363085888016212,13.303845958956167,15.210342031922977,8.21,8.12,0.58,0.53,12,2008,0.0,99.92405063291139,473.64
2009-03-31,1381.46,97.28,0.97,1.0,561.56,169.75,285.79,56.0,0.0,1211.71,151.94,230.55,330.24,51.74,747.97,4810.78,5666.78,0.0,230.93,405.94,1317.96,965.4,2283.36,1000.0,3174.44,298.42,-105.69,-108.7,116.04,14.4325,17.64,0.72,0.97,1.0,1.03,6.88,11.96,12.24,12.92,15.600000000000001,7.13,7.04,0.57,0.53,3,2009,100.28865979381443,100.28865979381443,97.28
2009-06-30,1359.62,99.96000000000001,0.9983836949908741,-0.0016662938238411326,556.8200000000002,173.11,299.90000000000003,52.25,0.0,1186.5,399.97999999999996,139.05,323.64,53.18,652.9,4710.79,5474.33,0.0,244.13,402.43,1113.78,881.51,1995.29,1000.0,3262.02,212.03999999999996,-80.05000000000001,-223.49,126.79,13.082244897959182,16.02,0.61,1.97,1.0,0.51,7.297830054755628,12.446854593388764,12.264408842019876,12.852289596430744,15.93359561954979,7.26,7.2,0.59,0.54,6,2009,-0.16683238264691624,100.12182741116752,197.24
2009-09-30,1539.2399999999998,160.8,1.6078203552675678,-0.0011064186459046285,628.5999999999999,245.21000000000004,365.26,62.0,0.0,1294.04,329.51,195.18,356.85,63.72,861.29,4589.32,5564.52,0.0,274.57,397.35,1148.04,776.59,1924.63,1000.0,3410.36,280.04,-129.06,-94.85000000000002,120.04999999999998,9.641251243781094,18.18,0.56,3.58,1.0,0.28,11.55115629538599,18.880661378616914,18.862696905373703,19.85074293375042,23.928678359959783,8.47,8.36,0.75,0.69,9,2009,-0.11065422680997017,100.01117318435755,358.04
2009-12-31,1560.4300000000003,121.63,1.2171367815373069,-0.0007997816934896728,631.6300000000001,211.33999999999992,329.05999999999995,65.0,0.0,1349.1000000000004,374.42999999999995,169.47,402.96,66.08,915.32,5538.56,6567.45,0.0,282.03,389.78,1180.93,586.54,1767.47,1000.0,4557.11,260.29999999999995,-65.46999999999997,-220.53000000000003,117.72000000000003,13.349362410589492,14.26,0.39,4.8,1.0,0.21,7.40424875435195,13.21607688619259,10.680375257989866,12.556794462859882,15.05192486501136,8.33,8.21,0.78,0.72,12,2009,-0.07992318435753987,99.93125,479.67
2010-03-31,1518.21,158.85,1.59,2.0,610.67,246.47,352.02,62.0,0.0,1271.73,327.42,476.9,389.41,64.39,1060.93,5447.47,6615.94,0.0,278.08,389.55,1433.12,437.44,1870.56,1000.0,4499.2,356.46,103.27,-152.3,105.55,9.7475,13.78,0.42,1.59,2.0,1.26,9.6,16.04,14.12,16.56,19.04,10.63,10.46,0.74,0.7,3,2010,199.81132075471697,99.90566037735849,158.85
2010-06-30,1421.63,107.77000000000001,1.0792359912984772,-0.0009610172346195948,547.36,173.69000000000003,278.5,66.0,0.0,1247.9499999999998,296.98999999999995,326.89,364.04,63.84,897.94,5353.0,6349.19,0.0,272.84,391.32,1153.03,350.44,1503.47,1000.0,4590.58,165.75000000000006,-16.89,-298.86,104.81000000000002,15.289149113853574,14.38,0.33,2.67,2.0,0.75,6.7906983722151395,11.495682244392771,9.393799414897607,10.978295701747806,13.08017853124297,9.22,9.07,0.78,0.72,6,2010,-0.09596494947351175,99.85767790262173,266.62
2010-09-30,1737.8000000000002,187.55,1.8747979831340686,0.0035939948569802785,724.3299999999999,304.09,417.5999999999999,79.0,0.0,1433.71,339.09000000000003,369.85,460.49,65.76,1042.99,5247.74,6393.87,0.0,313.59,336.38,1199.5,160.35,1359.85,1000.0,4762.08,331.44999999999993,-32.739999999999995,-255.76999999999992,113.50999999999999,10.533934950679818,16.59,0.29,4.54,2.0,0.44,11.727811172028094,20.00335116806482,15.758213884668734,18.351546777638326,23.026153202545302,9.86,9.71,0.87,0.81,9,2010,0.35953406259795884,100.03744493392071,454.17
2010-12-31,1618.0499999999993,135.32,1.35207518363331,0.000914177812030895,616.8799999999999,210.61,311.6100000000001,98.0,0.0,1407.44,281.6099999999999,425.12,424.83,86.69,1071.89,5216.74,6391.73,0.0,311.58,249.8,1112.82,116.83,1229.65,1000.0,4881.57,270.73000000000013,-26.3,-189.1500000000001,101.0,18.122069169376296,20.08,0.25,5.89,2.0,0.34,8.465964817045242,13.24987769088534,11.09206670172522,11.468535853025495,16.261630901287553,9.52,9.36,0.96,0.89,12,2010,0.09149383334704453,100.08319185059423,589.49
2011-03-31,1746.09,202.32,2.02,0.0,713.25,312.65,413.31,102.0,0.0,1433.44,378.53,148.25,463.66,65.22,1389.45,4615.61,6098.03,0.0,286.13,171.42,1228.26,286.88,1515.15,1000.0,4315.09,444.02,-634.3,-86.58,100.66,12.625,23.64,0.35,2.02,0.0,0.0,13.279999999999998,19.68,18.76,18.36,25.68,11.82,11.59,1.13,1.08,3,2011,0.0,100.15841584158416,202.32
2011-06-30,1720.1499999999999,181.37,1.8151653678751074,2.52,704.22,281.52,379.04,118.5,0.0,1438.63,344.27,511.98,445.0,70.63,1154.01,4597.35,5838.52,0.0,297.99,28.98,1018.71,299.22,1317.93,1000.0,4244.47,287.70000000000005,499.19999999999993,-423.17,97.52000000000001,16.32115757843083,27.92,0.31,3.84,2.52,0.66,12.422537986395266,18.43527326748156,17.09280721415726,16.431028173786128,23.31353019364591,11.3,11.07,1.13,1.06,6,2011,251.79656250000002,99.91927083333334,383.69
2011-09-30,1884.75,235.61999999999995,2.355020587427944,0.003294760499587408,742.8700000000001,359.96000000000004,454.38,142.0,0.0,1524.7899999999995,412.76,427.97,460.55,72.58,1454.99,4577.6,6127.46,0.0,333.12,26.08,1040.62,318.6,1359.22,1000.0,4480.08,369.94000000000005,-436.9599999999999,-16.99000000000001,94.42000000000002,15.074029581529585,31.7,0.3,6.19,2.52,0.41,15.385627230304692,23.192577545978583,21.031589349437272,20.392423826516605,28.549393357123247,11.82,11.57,1.4,1.33,9,2011,0.3296410541194632,100.05008077544424,619.31
2011-12-31,1808.9800000000005,148.20000000000005,1.4829461505387556,1.4971283197669896,373.3299999999999,237.06000000000006,333.46000000000004,155.5,0.0,1571.92,-93.65999999999985,404.16,574.27,127.29,1554.69,4586.19,6230.22,0.0,533.15,23.35,1102.63,337.83,1440.45,1000.0,4484.41,219.13999999999987,-85.18000000000006,-157.76999999999998,96.39999999999998,26.218079453441288,34.68,0.32,7.68,4.02,0.52,9.515571132623682,14.574580135763709,13.222936508970573,12.659108024651148,17.942103685945465,10.95,10.72,1.41,1.29,12,2011,149.6173120708805,99.93619791666667,767.51
2012-03-31,1923.79,254.64,2.55,2.5,703.49,348.34,441.57,185.0,0.0,1575.44,308.2,909.4,627.85,84.92,1822.84,4626.22,6544.5,0.0,434.25,20.56,1141.89,364.58,1506.47,1000.0,4739.05,399.94,112.22,-6.93,93.23,18.1375,39.04,0.32,2.55,2.5,0.98,15.56,22.04,21.48,22.48,25.8,13.52,13.24,1.6,1.52,3,2012,249.64705882352942,99.85882352941177,254.64
2012-06-30,1902.04,225.10000000000002,2.252219952474257,0.00217642399436951,670.28,311.67,400.14000000000004,215.0,0.0,1590.38,269.26000000000005,703.37,659.91,77.26,1760.89,4653.18,6509.37,0.0,450.14,17.73,1092.62,388.14,1480.76,1000.0,4714.14,302.63000000000005,-230.57,-278.09,88.46999999999998,23.86445424255886,45.61,0.31,4.8,2.5,0.52,13.83238420811273,20.06352607662484,19.10633259682328,20.101063075832744,22.86003251761371,12.82,12.54,1.61,1.54,6,2012,0.21752450980392268,99.94583333333334,479.74
2012-09-30,2114.91,278.76,2.789437574159525,-0.00029293012524730293,773.5,393.8900000000001,482.1299999999999,238.0,0.0,1721.02,356.48,916.07,763.78,90.64,2077.81,4735.68,6912.4,0.0,519.95,13.25,1170.17,410.08,1580.25,1000.0,4992.91,338.93999999999994,-120.07,-6.170000000000016,88.24000000000001,21.332472377672552,47.67,0.32,7.59,2.5,0.33,16.126550823994727,23.756158734344098,22.330201186552408,23.53564983520106,26.975588661832568,13.03,12.77,1.78,1.7,9,2012,-0.02927371541503021,99.93412384716733,758.5
2012-12-31,2173.41,240.33000000000004,2.4037090395763046,2.0012216862899557,803.6700000000001,343.7099999999998,434.32000000000016,227.0,0.0,1829.6999999999998,285.81999999999994,827.42,793.33,107.7,2053.64,4872.26,7038.37,0.0,545.26,10.77,1202.37,474.19,1676.56,1000.0,5004.69,343.30999999999995,-227.52,-204.43,90.61000000000001,23.606517704822533,45.36,0.33,9.99,4.5,0.45,13.657109618253356,20.27873852407317,19.21042339537259,20.25948960283532,23.05058318232332,12.59,12.31,1.71,1.62,12,2012,200.08811380550515,99.98298298298299,998.83
2013-03-31,2120.29,283.81,2.84,2.25,771.1,375.35,468.87,247.0,0.0,1744.94,330.84,1004.34,859.08,94.15,2292.36,4979.28,7376.01,0.0,479.68,7.02,1209.55,803.17,2012.72,1000.0,4996.82,401.99,-219.62,-5.45,93.52,21.7425,49.43,0.4,2.84,2.25,0.79,15.4,21.559999999999995,22.720000000000002,23.32,24.36,13.64,13.39,1.9,1.82,3,2013,224.84947183098592,99.9330985915493,283.81
2013-06-30,2116.5299999999997,215.89,2.160196117670602,0.00015537491508994998,730.89,294.64,388.97,232.0,0.0,1821.8899999999999,252.8,799.78,805.91,103.32,2210.74,5061.52,7395.59,0.0,539.28,5.06,1226.85,820.85,2047.69,1000.0,4983.19,408.33000000000004,-347.74,-265.16,94.33,26.849414053453145,46.56,0.41,5.0,2.25,0.45,11.682340604362617,16.659432459475685,17.333413648188913,17.81729757854713,18.767783870322194,12.04,11.79,1.8,1.72,6,2013,0.015528169014089599,99.94,499.7
2013-09-30,2312.84,273.60999999999996,2.7350031681990403,0.002251425689567988,833.1299999999999,365.0999999999999,464.90999999999997,213.0,0.0,1947.7399999999998,313.28,644.82,816.23,120.72,2395.3,5193.21,7749.24,0.0,584.24,3.41,1289.41,820.04,2109.45,1000.0,5256.73,396.76999999999987,-548.92,-2.8000000000000114,99.81000000000003,19.466293720989732,40.52,0.4,7.73,2.25,0.29,14.124363062678615,19.983567780062327,20.818575215631505,21.35637661481165,22.672574775963067,12.06,11.81,1.86,1.76,9,2013,0.22523285899092116,100.04010349288485,773.31
2013-12-31,2325.7199999999993,231.0300000000001,2.3095178923472135,-0.00014032887694258713,801.44,306.10000000000014,418.71000000000004,191.0,0.0,2019.63,247.0200000000001,488.39,842.95,127.75,2473.82,5474.16,8068.41,0.0,693.3,2.12,1329.4,854.43,2183.82,1000.0,5487.76,252.20000000000005,-407.20000000000005,-1.4399999999999977,112.60999999999996,20.671067393844947,34.8,0.4,10.04,2.25,0.22,11.455576796702315,16.34144930999463,16.838317701176898,17.611224087460428,18.310520341716956,11.57,11.32,1.86,1.76,12,2013,-0.014037639867382268,100.03386454183268,1004.34
2014-03-31,2407.37,346.21,3.4599999999999995,5.5,884.01,462.65,574.77,196.0,0.0,1944.72,410.64,311.6,932.27,109.97,2720.24,5660.24,8506.04,0.0,612.87,1.23,1398.55,886.77,2285.32,1000.0,5833.98,541.22,-716.47,-1.54,112.12,14.162499999999998,33.6,0.39,3.46,5.5,1.59,16.28,23.32,23.719999999999995,25.56,26.040000000000003,14.7,14.38,1.95,1.87,3,2014,550.3338150289018,100.0606936416185,346.21
2014-06-30,2344.6099999999997,291.96999999999997,2.9188764925256194,-0.0017859222858645717,805.72,381.87,496.6200000000001,264.0,0.0,1962.74,317.25,305.06,870.48,106.23,2032.58,6100.37,8272.52,0.0,589.27,3.37,1363.98,928.46,2292.43,1000.0,5575.94,465.3299999999999,112.99000000000001,-584.86,114.75,22.611816624995722,47.35,0.41,6.38,5.5,0.86,14.109428061048607,19.727579052931773,20.953690181453506,22.124900811683222,22.362802970948636,13.77,13.43,1.49,1.41,6,2014,-0.1786426151086289,100.0282131661442,638.18
2014-09-30,2535.5,340.34000000000003,3.4050694927032663,-0.004250437324770754,898.7399999999998,450.5899999999999,567.8599999999999,323.0,0.0,2084.91,393.93999999999994,300.3,986.92,99.93,2391.54,6202.66,8748.5,0.0,629.18,3.45,1427.02,979.8,2406.82,1000.0,5916.28,544.06,-545.3299999999999,-3.490000000000009,117.26999999999998,23.712592407592407,54.6,0.41,9.79,5.5,0.56,15.568019457956916,21.84252953439889,23.0111744266852,24.374593467685894,24.611104933981938,13.75,13.43,1.68,1.61,9,2014,-0.424835335141438,99.95097037793667,978.52
2014-12-31,2567.59,302.6300000000001,3.0259456738086885,0.003340266184655119,856.9200000000001,391.01,522.7199999999998,302.0,0.0,2176.59,318.69000000000005,294.7,1010.24,130.5,2568.72,7001.08,9746.92,0.0,691.25,3.72,1444.68,1105.0,2549.68,1000.0,6755.73,417.8900000000001,-423.77,0.2799999999999727,131.71000000000004,24.955818160790393,44.7,0.38,12.81,5.5,0.43,12.415589743589749,17.886386137454636,17.914732232759636,19.776125824454596,19.190306521484604,13.33,13.0,1.78,1.69,12,2014,0.3340657316526858,100.01170960187353,1281.15
2015-03-31,2520.49,367.72,3.68,8.0,915.67,486.97,618.96,297.0,0.0,2033.52,424.51,293.79,1079.19,99.42,3007.38,7044.62,10207.11,0.0,608.02,3.75,1497.95,1154.85,2652.81,1000.0,7123.44,536.56,-539.38,1.91,131.99,20.1775,41.69,0.37,3.68,8.0,2.17,14.4,20.8,20.64,22.72,22.36,14.96,14.59,2.01,1.94,3,2015,799.3913043478261,99.92391304347827,367.72
2015-06-30,2410.59,259.87,2.600397711881961,0.0008645910477413052,795.9399999999999,341.5799999999999,472.98,310.0,0.0,2069.0099999999998,277.66999999999996,328.69,987.49,117.33,2480.32,7025.82,9700.59,0.0,633.18,3.79,1480.04,1192.68,2672.72,1000.0,6583.32,474.2600000000001,395.63,-835.0,131.39999999999998,29.801287566860353,47.09,0.41,6.28,8.0,1.27,10.716288659793815,15.271125416274957,15.784579741551012,17.093060118867413,16.69554709284724,12.98,12.73,1.68,1.6,6,2015,0.08640265854330664,99.93471337579618,627.59
2015-09-30,2560.8999999999996,342.0,3.4214461782815415,0.0018422653268051151,911.9300000000001,459.80999999999995,590.1099999999999,303.0,0.0,2101.09,398.0100000000001,788.29,1038.48,107.38,2811.16,7028.9,10023.91,0.0,613.2,3.83,1411.22,1214.39,2625.6,1000.0,6927.09,395.59000000000003,64.98,-0.9699999999999136,130.3,22.1418067251462,43.74,0.38,9.7,8.0,0.82,13.643457543910312,19.371734444455903,19.75267896739859,21.304675171979905,21.107148382305922,13.2,12.94,1.99,1.92,9,2015,0.18414866373370842,99.95773195876289,969.59
2015-12-31,2612.66,387.83000000000004,3.8771000132604505,5.005855681039546,900.19,516.9200000000001,648.2900000000002,300.0,0.0,2095.750000000001,407.14999999999986,917.31,973.89,103.91,2776.54,7034.03,9974.89,0.0,547.09,0.83,1584.23,1090.77,2675.0,1000.0,6822.7,647.9799999999998,-1.980000000000004,-516.97,131.36999999999995,19.34646378567929,43.97,0.39,13.57,13.0,0.96,15.554113833596086,20.92548304872479,22.742605825757686,22.84546183200483,24.594013938206302,13.76,13.43,1.75,1.69,12,2015,500.74050247285925,100.03095062638172,1357.42
2016-03-31,2513.44,351.88,3.52,5.0,905.23,467.6,604.55,349.0,0.0,2045.84,422.87,1351.51,1015.33,97.63,3097.0,7018.23,10272.91,0.0,546.78,0.84,1445.71,1189.24,2634.95,1000.0,7174.15,380.58,53.85,-0.23,136.95,24.7875,48.65,0.37,3.52,5.0,1.42,13.72,18.28,19.6,19.68,21.2,14.21,14.0,2.14,2.07,3,2016,499.8295454545455,99.9659090909091,351.88
2016-06-30,2394.2099999999996,285.25,2.851917975923281,0.002724397618296177,808.1600000000001,376.67999999999995,513.02,365.0,0.0,2017.5400000000002,335.27,918.85,900.18,104.79,2663.29,7084.43,9923.62,0.0,542.3,0.85,1293.88,1186.05,2479.93,1000.0,6959.52,320.01000000000005,-218.4,-534.26,136.34000000000003,31.99609903593339,52.45,0.36,6.37,5.0,0.78,11.497214069342206,15.401252491642209,16.386216313782118,16.85183557515735,17.514447600960555,13.17,12.98,2.06,1.98,6,2016,0.2724953617810115,100.0204081632653,637.13
2016-09-30,2640.8600000000006,368.28999999999996,3.6813615205585726,0.0010686974557080576,916.49,489.52,633.3800000000001,359.0,0.0,2151.3199999999997,440.2800000000001,783.16,904.33,100.65,3018.81,7064.92,10279.67,0.0,547.01,0.84,1271.91,1170.89,2442.8,1000.0,7327.52,595.9499999999999,-731.4100000000001,-0.2300000000000182,143.85999999999996,24.378616307800918,48.99,0.33,10.05,5.0,0.5,14.329837083010082,19.252971295577968,20.102798034652185,20.674233255753812,21.69988621670546,13.5,13.32,2.37,2.29,9,2016,0.10691440755402937,100.0417910447761,1005.42
2016-12-31,2662.17,361.17999999999995,3.612857163764086,4.996446350131386,899.44,458.8800000000001,604.6099999999999,360.0,0.0,2203.3,407.1399999999999,527.97,934.54,115.28,3083.87,7090.47,10393.19,0.0,587.65,0.84,1495.51,1142.85,2638.36,1000.0,7216.48,643.3,-398.40999999999985,-500.0899999999999,145.73000000000002,24.915723461985717,49.89,0.37,13.67,10.0,0.73,13.901703497731596,18.606082247914532,20.022681691789842,20.582978486755447,21.301849846333962,13.57,13.38,2.06,1.99,12,2016,499.4984332179628,99.97073884418434,1366.6
2017-03-31,2606.94,374.97,3.75,6.0,898.27,490.19,641.73,345.0,0.0,2116.75,448.99,887.52,928.66,105.04,3403.53,7098.63,10725.81,0.0,572.25,0.63,1454.96,1155.69,2610.66,1000.0,7591.0,471.18,-112.18,0.56,151.54,23.000000000000004,45.45,0.34,3.75,6.0,1.6,14.0,18.68,19.76,20.32,21.16,14.57,14.38,2.34,2.27,3,2017,599.952,99.992,374.97
2017-06-30,2598.53,345.18999999999994,3.451133081537436,0.0018129304598966064,873.3299999999999,442.48999999999995,593.01,349.0,0.0,2156.05,393.03999999999996,570.62,854.07,113.49,3022.27,7169.58,10399.07,0.0,593.48,0.42,1369.3,1152.1,2521.4,1000.0,7336.03,525.56,-208.51999999999998,-633.9599999999999,150.52,25.280392827138684,47.57,0.34,7.2,6.0,0.83,13.286862363919125,17.60077871584092,18.827848255943124,19.326345256609642,19.80566929571206,14.02,13.83,2.21,2.12,6,2017,0.1813333333332139,100.02222222222221,720.16
2017-09-30,2965.7,494.06000000000006,4.939704831084977,-0.00024597409585161016,1091.5,649.0100000000001,803.1800000000001,384.0,0.0,2316.6799999999994,595.01,932.42,1038.08,118.76,3667.9,7151.25,11042.64,0.0,642.48,0.52,1505.26,1148.16,2653.42,1000.0,7827.88,599.98,-227.64000000000004,-10.540000000000077,154.17000000000002,19.43376239727968,49.06,0.34,12.14,6.0,0.49,17.903378300472735,24.153284907183213,25.243763403666552,26.07382912487029,26.9852738383489,15.06,14.86,2.44,2.36,9,2017,-0.024601867105843667,100.0181219110379,1214.22
