,revenue,net_profit,eps,dps,gross_profit,ebit,ebitda,close_price,expense,operating_profit,cash,account_receivable,inventory,current_asset,property_plant_equipment,total_asset,short_term_loan,account_payable,current_portion_long_term_debt,current_liability,non_current_liability,total_liability,paid_in_capital,total_equity,cash_flow_operation,cash_flow_investment,cash_flow_financing,depreciation,P/E,P/BV,D/E,EPS,DPS,DPR%,ROA%,ROAA%,ROE%,ROAE%,ROCE%,NPM%,NPMA%,TIE,CurrentRatio,QuickRatio,month,year,dividend,number_of_shares,return_old
2010-09-30,,,,,,,,,,,15.44,74.36,2.34,103.07,448.22,573.49,15.0,35.15,0.0,137.1,0.0,137.1,225.0,436.39,,,,,,0.0,0.31,0.65,0.0,0.0,,,,,,34.77,34.33,0.0,0.75,0.73,9,2010,,225.0153846153846,146.26
2010-12-31,151.39,52.05000000000001,0.2230976753567647,0.0,90.00999999999999,64.51999999999998,87.60999999999996,9.05,86.88000000000002,68.0,351.46,69.8,1.82,733.62,503.05,1259.16,0.0,52.09,0.0,146.96,0.0,146.96,300.0,1112.2,99.42000000000002,-372.16,608.77,23.089999999999996,10.144099423631124,2.44,0.13,0.85,0.0,0.0,16.53547476173668,0.0,18.71920730169936,0.0,26.02631233926681,34.73,34.34,0.0,4.99,4.98,12,2010,0.0,233.30588235294118,198.31
2011-03-31,165.55,54.15,0.18,0.0,109.33,77.66,102.34,11.3,87.89,74.38,348.29,77.37,2.27,741.82,551.21,1320.47,0.0,47.52,0.0,153.62,8.45,162.07,300.0,1158.4,67.02,-70.19,0.0,24.68,15.695,2.93,0.14,0.18,0.0,0.0,16.4,0.0,18.68,0.0,26.64,33.37,32.71,0.0,4.83,4.81,3,2011,0.0,300.8333333333333,54.15
2011-06-30,173.20999999999998,55.63,0.18749407906722537,0.53,112.98,79.81,107.63,11.2,93.39999999999999,76.57,125.49,83.88,1.96,578.49,630.94,1237.54,0.0,74.27,0.0,173.13,9.38,182.51,300.0,1055.04,72.64999999999999,-136.5,-158.95,27.82,14.933671580082688,3.18,0.17,0.37,0.53,1.43,17.979161960284202,0.0,21.10068500637639,0.0,29.978783020586626,33.04,32.41,0.0,3.34,3.33,6,2011,157.25243243243244,296.7027027027027,109.78
2011-09-30,181.69000000000005,55.900000000000006,0.18556856591018833,0.1579765944118914,114.38999999999999,80.15,111.65,9.0,101.53999999999999,76.85000000000002,59.99,84.02,2.39,513.11,711.54,1258.24,0.0,80.33,0.0,181.74,10.56,192.31,300.0,1065.94,87.12,-107.63999999999999,-44.99000000000001,31.5,12.122203935599284,2.53,0.18,0.55,0.68,1.24,17.774094640270402,35.008353452438435,20.97262192177692,29.77194591984549,29.78544181554805,32.45,31.83,0.0,2.82,2.81,9,2011,47.58829484029485,301.23636363636365,165.68
2011-12-31,185.42999999999995,46.66,0.15601676556466043,-0.004924726210965278,111.63999999999999,67.63,103.17000000000002,9.9,117.80000000000001,64.34999999999997,171.32,98.11,3.91,505.78,827.99,1374.3,0.0,126.49,0.0,250.44,11.27,261.71,300.0,1112.59,126.59,-15.160000000000025,-0.09000000000000341,35.540000000000006,15.859513501928848,2.67,0.24,0.71,0.68,0.96,13.580050861825372,20.37447113120467,16.779493265517566,16.779493265517566,23.87276255062635,30.65,30.08,0.0,2.02,2.0,12,2011,-1.4728399487836157,299.07042253521126,212.34
2012-03-31,199.8,61.89,0.21,0.0,122.03,81.28,119.45,11.3,118.52,77.59,36.9,98.85,4.03,513.38,889.36,1445.32,0.0,119.28,0.0,256.28,14.55,270.84,300.0,1174.48,109.01,-243.39,-0.04,38.17,13.4525,2.89,0.23,0.21,0.0,0.0,17.12,23.52,21.08,21.24,27.36,31.56,30.98,0.0,2.0,1.99,3,2012,0.0,294.7142857142857,61.89
2012-06-30,201.12,63.97,0.21347052280311454,0.38,123.10999999999999,83.18,124.8,12.9,117.94000000000001,80.41,42.82,87.55,3.72,403.82,926.92,1378.1,0.0,128.05,0.0,238.1,15.53,253.63,300.0,1124.47,94.24999999999999,25.779999999999973,-114.11,41.620000000000005,15.10536423323433,3.44,0.23,0.42,0.38,0.9,18.561770220880344,25.57580168441125,22.749858573017637,23.481757508342604,29.336948990942318,31.91,31.39,0.0,1.7,1.68,6,2012,113.87333333333333,299.6666666666667,125.86
2012-09-30,208.31,62.08,0.2081004575928488,0.14828136639352982,122.57,80.91999999999999,126.94999999999999,15.0,127.37999999999997,77.81,102.26,98.3,4.24,343.39,1013.43,1397.15,0.0,135.1,0.0,238.75,16.84,255.59,300.0,1141.56,104.74000000000001,0.09000000000000341,-45.400000000000006,46.02999999999999,18.020503382731956,3.94,0.22,0.63,0.53,0.84,17.771118442055975,24.417120357560925,21.748149409385977,22.501274874960096,27.98455677343833,31.34,30.85,0.0,1.44,1.42,9,2012,44.23492063492063,298.3174603174603,187.94
2012-12-31,210.34000000000003,46.31,0.15420192102454644,0.0035349494333486034,116.28000000000003,61.49000000000001,110.28000000000003,23.1,148.86000000000007,59.39999999999998,165.29,93.94,4.59,284.83,1182.02,1514.31,0.0,203.64,0.0,242.67,83.77,326.44,300.0,1187.87,114.00999999999999,-50.50999999999996,-0.46999999999999886,48.79000000000002,37.45673180738502,5.83,0.27,0.78,0.53,0.68,12.233352401280683,16.804055496264674,15.594163500533618,16.108169903948774,19.0814992529349,28.99,28.58,0.0,1.17,1.15,12,2012,1.0616178266178338,300.3205128205128,234.25
2013-03-31,225.45,53.57,0.18,0.0,117.67,67.13,119.91,20.6,158.32,65.0,50.15,107.42,8.47,196.61,1351.89,1604.11,0.0,226.06,0.0,273.79,84.39,358.18,300.0,1245.93,59.65,-174.59,-0.19,52.78,28.61,4.96,0.29,0.18,0.0,0.0,13.36,17.6,17.2,17.72,20.2,23.99,23.76,0.0,0.72,0.69,3,2013,0.0,297.61111111111114,53.57
2013-06-30,237.51,49.949999999999996,0.1688804095826893,0.43,117.66000000000001,64.08000000000001,124.77000000000001,17.7,173.43,62.730000000000004,9.88,117.26,9.09,164.26,1454.17,1675.52,98.44,212.61,30.0,374.84,133.8,508.64,300.0,1166.88,101.4,-190.97,49.29,60.69,26.201233233233236,4.55,0.44,0.35,0.43,1.23,11.92778207109737,16.579231066460586,17.11964837712519,17.44775888717156,19.474323802163834,22.53,22.36,0.0,0.44,0.41,6,2013,127.18171428571429,295.7714285714286,103.52
2013-09-30,274.54,43.209999999999994,0.1413535064404007,0.16394859362677797,116.4,57.59,125.42000000000002,13.5,216.95000000000005,57.14999999999999,45.97,142.26,9.82,234.22,1633.65,1929.75,218.44,316.15,41.67,608.91,154.0,762.91,300.0,1166.84,98.39999999999998,-167.13000000000005,104.83000000000001,67.83000000000001,23.880553691275168,3.47,0.65,0.48,0.58,1.21,8.952388741225379,13.3696858174879,14.806779799631977,14.971692223812445,16.83284672527772,20.0,19.9,0.0,0.38,0.37,9,2013,50.11703571428569,305.6875,146.73
2013-12-31,284.25,98.85000000000002,0.3300635230881994,-0.01200657626842576,147.95999999999998,128.93,123.5,13.6,155.31999999999994,128.19,12.62,162.22,10.7,232.93,1929.24,2255.93,142.67,437.78,47.92,692.52,292.16,984.68,300.0,1271.25,119.49000000000001,-226.89999999999998,74.06,-5.430000000000007,10.303925644916538,3.21,0.77,0.82,0.58,0.71,17.53361837283167,27.12961153188371,31.10647446860494,32.153017346689474,32.71654043488884,24.15,24.04,0.0,0.34,0.32,12,2013,-3.5958231707317054,299.4878048780488,245.58
2014-03-31,297.03,49.39,0.16,0.0,133.86,70.01,127.25,17.1,227.02,69.49,33.43,175.44,11.74,282.01,2169.37,2543.4,169.42,440.89,83.75,756.83,464.2,1221.03,300.0,1322.37,43.2,-258.06,235.66,57.24,26.720000000000002,3.88,0.92,0.16,0.0,0.0,7.76,13.520000000000001,14.92,15.4,15.679999999999998,16.66,16.63,0.0,0.37,0.36,3,2014,0.0,308.6875,49.39
2014-06-30,321.4100000000001,51.61,0.17373663366336634,0.43,149.01,78.35000000000001,141.95,17.5,243.05999999999997,77.11,48.57,188.32,12.84,328.3,2448.31,2856.71,136.26,457.34,168.75,805.0,801.67,1606.66,300.22,1250.05,76.25,-324.58,263.47,63.6,25.181505522185624,4.2,1.29,0.34,0.43,1.26,7.2356198019801985,13.387940594059407,16.5152,17.08750891089109,14.777833663366339,16.38,16.33,0.0,0.41,0.39,6,2014,127.73529411764706,297.05882352941177,101.0
2014-09-30,329.64,38.06999999999999,0.12592363557920472,0.1574916567619353,141.87,60.349999999999994,132.95,17.7,269.29,58.01000000000002,35.95,234.94,12.64,350.2,2530.95,2965.23,66.84,370.44,229.33,720.56,999.81,1720.37,300.22,1244.86,140.81,-243.12,89.69000000000005,72.6,35.141933280798526,4.27,1.38,0.46,0.58,1.26,5.13549435536061,9.340248795570574,12.231017473214925,12.625213201984609,10.183389659883511,14.73,14.67,6.29,0.49,0.47,9,2014,47.61383631713552,302.3260869565217,139.07
2014-12-31,327.31000000000006,42.640000000000015,0.14314236970997748,-0.008646577322202347,147.09000000000003,70.97999999999999,149.06000000000006,14.0,256.33000000000004,68.25,27.94,253.14,13.55,359.74,2645.53,3094.27,55.0,311.41,316.92,736.28,1066.67,1802.96,300.36,1291.32,70.69999999999999,-260.97,182.26999999999998,78.07999999999998,24.45030780956847,3.26,1.4,0.61,0.58,0.95,5.509807935721756,9.818158604369604,13.206643552913988,13.309893786803151,11.132252490231691,14.32,14.25,0.0,0.49,0.47,12,2014,-2.5756878118317843,297.88524590163934,181.71
2015-03-31,334.74,43.7,0.15,0.0,149.7,74.51,156.23,14.0,260.23,73.37,75.0,212.73,12.73,376.1,2777.63,3260.58,148.41,294.44,492.05,987.3,936.53,1923.83,300.36,1336.75,112.13,-194.83,129.75,81.72,23.3325,3.15,1.44,0.15,0.0,0.0,5.36,10.28,13.079999999999998,13.16,13.12,13.1,13.05,0.0,0.38,0.37,3,2015,0.0,291.33333333333337,43.7
2015-06-30,331.29999999999995,33.230000000000004,0.11230729234368907,0.28,139.56,62.39999999999999,149.83,13.1,268.90999999999997,59.370000000000005,80.38,217.36,13.96,385.69,2963.35,3440.69,188.41,382.0,491.78,1103.4,1049.67,2153.07,300.36,1287.62,137.29,-204.16,72.25,87.43,29.158391513692447,3.06,1.67,0.26,0.28,1.08,3.8702820746132853,7.515949564539191,10.314992850643442,10.47049525542701,10.12493435590797,11.62,11.55,0.0,0.35,0.34,6,2015,82.84769230769233,295.8846153846154,76.93
2015-09-30,330.9200000000001,20.97999999999999,0.07071187825554077,0.1107666381213516,127.11000000000001,49.24000000000001,142.13,9.85,281.66999999999996,41.870000000000005,83.11,206.48,13.81,372.94,3153.81,3616.92,464.83,364.89,372.22,1247.6,1091.98,2339.58,300.36,1277.34,163.48,-330.49,169.75,92.89000000000001,34.826185653002874,2.32,1.83,0.33,0.39,1.18,2.322778061485036,4.851263405168009,6.574061893575729,6.651202124399956,6.736913491982429,9.94,9.82,0.0,0.3,0.29,9,2015,32.86412587412586,296.6969696969697,97.91
2015-12-31,322.49,15.990000000000009,0.053346795434591775,0.003955303695426641,124.68999999999994,44.66999999999999,143.17000000000002,8.95,277.82000000000016,43.0,62.5,189.87,14.16,332.94,3219.02,3645.69,413.12,319.0,362.2,1141.29,1208.01,2349.3,300.36,1296.39,116.52999999999997,-196.81999999999994,59.68000000000001,98.5,41.93785178236396,2.07,1.81,0.38,0.39,1.03,1.7520210711150142,3.8465847234416173,4.935982440737491,4.941597892888502,5.177446883230907,8.72,8.63,0.0,0.29,0.28,12,2015,1.185550239234459,299.7368421052632,113.9
2016-03-31,324.47,11.08,0.029999999999999995,0.0,122.99,38.59,139.47,8.35,285.87,37.85,56.39,197.22,13.57,342.53,3208.01,3649.35,367.1,252.69,351.42,1013.3,1326.81,2340.12,300.36,1309.23,59.58,-131.1,65.4,100.88,69.5825,1.92,1.79,0.03,0.0,0.0,1.2,4.48,3.4,3.36,5.839999999999999,3.42,3.41,0.0,0.34,0.32,3,2016,0.0,369.33333333333337,11.08
2016-06-30,347.77,25.65,0.07681731554587531,0.01,132.05,55.709999999999994,159.78,8.85,292.07000000000005,53.99999999999999,101.15,209.99,12.64,395.17,3468.81,3967.64,95.0,496.06,143.85,779.75,1854.05,2633.8,325.39,1333.84,130.56,-137.29,51.5,104.07,28.80047270955166,2.16,1.97,0.11,0.01,0.08,2.597821943915056,7.123060168799347,7.681731554587531,7.821399401034577,8.268336509665124,5.48,5.46,0.0,0.51,0.49,6,2016,3.339090909090909,333.9090909090909,36.73
2016-09-30,352.95000000000005,23.490000000000002,0.07411325141149121,-0.0005351589625917096,134.58,53.32000000000001,161.69,8.45,299.64,52.379999999999995,73.12,213.08,13.01,371.23,3550.63,4030.14,250.0,381.53,92.04,772.89,1898.15,2671.04,325.39,1359.11,146.37,-324.77,150.37999999999997,108.37,28.50131332481907,2.02,1.97,0.19,0.01,0.05,2.3248156758551977,6.022676851544338,6.912035868482232,7.1304749252739965,7.068063766190635,5.89,5.87,0.0,0.48,0.46,9,2016,-0.1696172248803829,316.9473684210526,60.22
2016-12-31,363.53,39.14,0.12211553945249598,0.0001113441817103152,148.18999999999994,65.22,175.59999999999997,8.25,298.30000000000007,61.97,81.42,207.18,12.53,376.41,3573.53,4036.87,110.0,220.69,143.04,551.79,2085.06,2636.85,325.39,1400.02,204.08000000000004,-296.9200000000001,101.13000000000005,110.38,16.887899846704137,1.92,1.88,0.31,0.01,0.03,3.876183574879227,8.729291465378422,11.187359098228663,11.612793880837359,9.62743156199678,7.19,7.15,0.0,0.68,0.66,12,2016,0.03568760611205457,320.51612903225805,99.36
2017-03-31,363.77,27.7,0.09,0.0,144.02,54.2,165.1,12.1,309.57,53.62,75.04,229.86,11.11,401.96,3637.65,4126.88,90.0,247.9,203.23,583.76,2113.66,2697.42,325.39,1429.45,57.94,-136.15,71.83,110.9,33.61,2.75,1.89,0.09,0.0,0.0,2.68,5.56,7.76,8.08,6.12,7.63,7.61,0.0,0.69,0.67,3,2017,0.0,307.77777777777777,27.7
2017-06-30,359.81000000000006,20.3,0.06343750000000001,0.0,133.35,44.78,159.16,11.8,315.03000000000003,44.190000000000005,56.42,237.19,12.2,398.22,3686.35,4176.15,65.0,230.79,270.63,609.99,2114.65,2724.64,325.39,1451.51,121.11000000000001,-186.20000000000002,46.47,114.38,46.504433497536944,2.65,1.88,0.15,0.0,0.0,1.9454166666666666,4.11075,5.5994166666666665,5.836250000000001,4.702833333333333,6.64,6.63,0.0,0.65,0.63,6,2017,0.0,320.0,48.0
2017-09-30,343.93999999999994,3.219999999999999,0.01005857087075361,0.0,112.74000000000001,25.200000000000003,149.56,11.8,318.73,23.25,65.52,211.0,11.87,386.3,3712.34,4191.03,30.0,304.77,332.42,709.24,2027.04,2736.28,325.39,1454.74,144.22999999999996,-77.38,-57.75,124.35999999999999,293.2822204968945,2.64,1.88,0.16,0.0,0.0,0.30678641155798503,0.7594221007418974,0.8851542366263175,0.9153299492385785,0.8977274502147594,4.81,4.8,0.0,0.54,0.53,9,2017,0.0,320.125,51.22
