,revenue,net_profit,eps,dps,gross_profit,ebit,ebitda,close_price,expense,operating_profit,cash,account_receivable,inventory,current_asset,property_plant_equipment,total_asset,account_payable,current_portion_long_term_debt,current_liability,non_current_liability,total_liability,paid_in_capital,total_equity,cash_flow_operation,cash_flow_investment,cash_flow_financing,depreciation,P/E,P/BV,D/E,EPS,DPS,DPR%,ROA%,ROAA%,ROE%,ROAE%,ROCE%,NPM%,NPMA%,CurrentRatio,QuickRatio,month,year,dividend,number_of_shares,return_old
2015-09-30,,,,,,,,,,,5.58,176.49,29.16,241.59,53.87,328.6,160.26,6.43,175.42,21.92,197.34,110.0,131.26,,,,,,0.0,1.5,0.21,0.0,0.0,,,,,,7.3,7.28,1.38,1.21,9,2015,,258.5238095238095,54.29
2015-12-31,260.94000000000005,13.660000000000004,0.04221633554083886,0.0,80.82,18.019999999999996,20.150000000000006,4.98,242.92000000000007,17.58,484.47,180.06,27.79,718.97,52.64,806.71,163.24,2.91,177.7,13.97,191.67,152.0,615.04,21.089999999999996,3.3000000000000007,454.5,2.13,29.48562408491947,1.23,0.31,0.21,0.0,0.0,6.770696100073585,0.0,8.88553348050037,0.0,11.193359823399561,6.76,6.75,4.05,3.89,12,2015,0.0,323.5714285714286,67.95
2016-03-31,284.46,23.92,0.04,0.0,87.03,30.42,32.81,6.2,254.04,29.18,162.31,189.71,31.25,735.82,56.36,857.22,182.85,2.94,203.81,14.45,218.26,152.0,638.96,40.45,-361.73,-0.88,2.39,38.75,1.47,0.34,0.04,0.0,0.0,11.16,0.0,14.96,0.0,18.64,8.45,8.41,3.61,3.46,3,2016,0.0,598.0,23.92
2016-06-30,298.37000000000006,27.08,0.042478431372549016,0.04,91.34,34.2,37.00999999999999,5.9,264.18000000000006,32.34,140.28,198.61,27.44,728.53,71.67,864.95,190.04,2.88,208.56,14.67,223.24,152.0,641.72,21.89,-18.659999999999968,-25.26,2.81,34.72350443131462,1.4,0.35,0.08,0.04,0.5,12.53113725490196,0.0,16.885176470588235,0.0,20.899388235294115,8.8,8.75,3.49,3.36,6,2016,25.5,637.5,51.0
2016-09-30,292.9599999999999,22.189999999999998,0.03638201940155759,0.0581910097007788,89.30000000000001,28.159999999999997,31.400000000000006,9.05,264.78999999999996,26.279999999999994,146.07,219.42,33.65,732.07,74.76,871.38,213.83,1.58,230.57,13.38,243.95,152.0,627.43,31.209999999999994,15.319999999999993,-40.739999999999995,3.2399999999999993,62.19006083821542,2.19,0.39,0.12,0.1,0.83,10.186965432436125,18.74886733160268,14.152605547205901,23.393638475201527,17.560388031151795,8.4,8.36,3.18,3.03,9,2016,35.49166666666667,609.9166666666666,73.19
2016-12-31,308.1500000000001,28.64,0.04781302170283806,-0.001822481914301605,89.59999999999997,34.81,38.52000000000001,9.45,273.3399999999999,32.870000000000005,153.45,222.94,39.32,811.04,88.66,934.23,245.3,1.55,265.05,13.11,278.17,152.0,656.07,39.85000000000001,-31.900000000000034,-0.5799999999999983,3.710000000000001,49.41279416899441,2.19,0.42,0.17,0.1,0.59,12.262633801433763,16.49267995679073,17.460190513601102,18.02269665128155,21.45398409113228,8.65,8.6,3.06,2.91,12,2016,-1.0916666666666615,599.0,101.83
2017-03-31,287.08,25.82,0.04,0.0,90.51,32.5,36.51,8.55,254.58,28.72,45.51,222.42,46.8,793.74,85.52,913.4,189.99,1.5,217.96,13.55,231.51,152.0,681.89,-8.88,-98.6,-0.46,4.01,53.43749999999999,1.91,0.34,0.04,0.0,0.0,11.32,14.68,15.16,15.64,18.68,9.11,8.99,3.64,3.43,3,2017,0.0,645.5,25.82
2017-06-30,331.51000000000005,31.15,0.049210110584518164,0.08,104.96999999999998,38.92,43.089999999999996,6.35,292.5899999999999,37.2,41.23,267.4,50.35,784.09,93.77,912.39,215.28,1.59,233.58,14.41,247.99,152.0,664.4,-2.6899999999999995,47.55,-49.13,4.17,32.26166292134832,1.45,0.37,0.09,0.08,0.89,13.647604002106373,17.58441284886782,18.743584342636474,19.071651746533266,23.008460593294718,9.29,9.21,3.36,3.14,6,2017,50.64,633.0,56.97
2017-09-30,309.4599999999999,22.11,0.03634673748103187,0.086752655538695,91.97,27.810000000000002,32.5,6.4,281.6600000000001,26.620000000000005,37.02,300.42,52.6,758.47,94.82,887.67,223.44,1.69,240.68,15.2,255.88,152.0,631.79,-1.0099999999999998,52.05,-55.25999999999999,4.6899999999999995,44.01976933514246,1.54,0.41,0.13,0.17,1.31,9.964597875569044,12.615113808801214,14.001881638846736,14.046616084977238,17.155660091047043,8.58,8.52,3.15,2.93,9,2017,52.77230769230769,608.3076923076923,79.08
