,revenue,net_profit,eps,dps,gross_profit,ebit,ebitda,close_price,expense,operating_profit,cash,account_receivable,inventory,current_asset,property_plant_equipment,total_asset,short_term_loan,account_payable,current_portion_long_term_debt,current_liability,non_current_liability,total_liability,paid_in_capital,total_equity,cash_flow_operation,cash_flow_investment,cash_flow_financing,depreciation,P/E,P/BV,D/E,EPS,DPS,DPR%,ROA%,ROAA%,ROE%,ROAE%,ROCE%,NPM%,NPMA%,TIE,CurrentRatio,QuickRatio,month,year,dividend,number_of_shares,return_old
2000-03-31,722.22,104.55,3.48,0.0,265.86,169.37,216.94,6.5,552.86,156.73,112.86,467.71,453.95,1098.45,1402.87,4195.43,518.22,54.97,274.08,993.86,443.72,1437.58,300.0,2757.86,249.3,-21.5,-199.64,47.57,0.4675,0.71,0.52,3.48,0.0,0.0,9.96,0.0,15.160000000000002,0.0,21.16,14.73,14.48,0.0,1.11,0.65,3,2000,0.0,30.04310344827586,104.55
2000-06-30,710.8,69.72000000000001,2.324400068858668,3.5000000000000004,224.20999999999998,116.15999999999997,168.53000000000003,6.3,594.63,121.33000000000001,48.33,442.1,444.17,1007.65,1362.11,4022.96,656.57,61.76,159.6,1016.23,317.3,1333.53,300.0,2689.44,162.14999999999998,-13.520000000000003,-213.17000000000002,52.37,0.6748838209982788,0.7,0.5,5.81,3.5,0.6,6.92919263212257,0.0,10.369784816663799,0.0,15.202616629368224,12.31,12.16,0.0,0.99,0.55,6,2000,104.9819277108434,29.994836488812396,174.27
2000-09-30,786.44,101.04999999999998,3.369312073223884,-0.0004144137205518357,234.67000000000002,147.17000000000002,198.18999999999994,6.05,639.27,127.21999999999997,21.82,483.18,516.78,1100.98,1314.28,4106.87,695.16,63.71,197.78,1052.49,233.34,1285.83,300.0,2821.04,-2.7199999999999704,-4.969999999999999,-18.810000000000002,51.02000000000001,0.44955764473033155,0.64,0.46,9.18,3.5,0.38,9.836335900043585,0.0,14.328751997675429,0.0,20.803116373674268,12.6,12.4,0.0,1.05,0.56,9,2000,-0.012428800168009957,29.99128540305011,275.32
2000-12-31,856.4899999999998,70.18,2.340010419681621,3.972645498111432e-06,163.96000000000004,94.75000000000006,139.64,6.05,761.74,67.61000000000001,213.69,476.74,643.0,1428.33,1287.93,4397.75,930.23,66.57,199.37,1305.94,153.45,1459.39,300.0,2938.35,-9.730000000000018,-11.369999999999997,212.96,44.889999999999986,0.6523047876888002,0.62,0.5,11.52,3.5,0.3,6.386278437047758,0.0,9.555042547033286,0.0,13.861311722141824,11.46,11.23,0.0,1.09,0.6,12,2000,0.00011914488017339409,29.991319444444446,345.5
2001-03-31,826.39,71.22,2.37,0.0,186.89,110.22,151.43,5.3,716.17,90.74,122.64,461.42,751.48,1436.46,1252.61,4365.26,912.31,71.4,100.58,1261.18,102.37,1363.55,300.0,2996.8,47.8,-5.41,-133.44,41.21,0.56,0.53,0.46,2.37,0.0,0.0,6.52,10.319999999999999,9.52,9.92,14.2,8.83,8.62,0.0,1.14,0.54,3,2001,0.0,30.050632911392402,71.22
2001-06-30,924.2099999999999,117.91,3.9276317876592817,3.0,200.13,162.6,209.76,6.05,761.61,104.94000000000001,65.4,507.11,673.88,1311.74,1219.2,4205.17,760.17,57.47,101.26,1084.94,103.37,1188.31,300.0,3005.5,182.81,2.0900000000000003,-242.14999999999998,47.160000000000004,0.38496480366381136,0.6,0.4,6.3,3.0,0.48,11.221805107597948,16.53345952519431,15.685589805953576,16.55839686987786,21.79523925342357,11.3,10.8,0.0,1.21,0.59,6,2001,90.06190476190477,30.020634920634922,189.13
2001-09-30,958.29,108.5,3.616302120081981,-0.0017608951990567647,254.88,163.76999999999998,209.07999999999998,5.9,794.5200000000002,151.08999999999997,112.15,557.66,708.07,1476.48,1188.96,4406.88,830.13,84.11,71.23,1146.76,65.19,1211.96,300.0,3177.54,55.599999999999966,-14.59,5.75,45.31,0.4046122119815668,0.56,0.38,9.92,3.0,0.3,9.842757786513456,14.960991835500453,13.66320599401942,14.465208480327924,19.525115075765214,11.36,10.99,0.0,1.29,0.67,9,2001,-0.05283218125960332,30.003024193548388,297.63
2001-12-31,915.4200000000001,135.95999999999998,4.531059295647962,0.00032035150644007805,260.21000000000004,188.68,232.64,6.4,726.75,161.60000000000002,324.86,525.84,676.64,1613.31,1269.52,4300.07,627.38,65.21,70.95,931.97,64.94,996.92,300.0,3274.88,248.76000000000005,-102.83,-222.76000000000005,43.95999999999998,0.3508009708737864,0.59,0.3,14.45,3.0,0.21,12.64306649138587,18.036438109735005,16.60656749463779,17.509643672593924,23.27929703175811,12.36,11.96,0.0,1.73,1.01,12,2001,0.009612540462100583,30.00622837370242,433.59
2002-03-31,875.81,131.05,4.37,0.0,273.98,179.22,224.42,8.1,696.59,173.89,464.4,522.41,495.21,1568.08,1264.61,4260.8,409.58,76.86,99.4,811.64,0.0,811.64,300.0,3416.86,431.96,-39.82,-252.6,45.2,0.4625,0.71,0.24,4.37,0.0,0.0,12.32,16.64,15.36,16.36,20.8,15.11,14.96,0.0,1.93,1.32,3,2002,0.0,29.988558352402748,131.05
2002-06-30,888.75,160.69,5.353762939603757,3.5,290.31999999999994,211.42999999999998,255.89000000000001,8.7,677.32,193.89,585.5,502.32,413.71,1556.0,1233.69,4244.02,387.04,63.99,94.96,707.22,0.0,707.22,300.0,3497.87,281.71999999999997,-203.01000000000002,-147.54999999999998,44.459999999999994,0.408497728545647,0.75,0.2,9.72,3.5,0.36,15.135947076163706,20.3795502844999,18.374643175430176,19.76265578940152,24.34530061013231,16.84,16.53,0.0,2.2,1.62,6,2002,105.05041152263374,30.01440329218107,291.74
2002-09-30,938.8400000000001,184.43,6.146762920805594,-0.0011656149362568409,356.99,266.84000000000003,300.10999999999996,9.6,671.99,253.57000000000005,705.25,549.42,435.99,1745.03,1206.44,4396.06,380.98,67.37,63.66,672.55,0.0,672.55,300.0,3678.37,152.13,-191.77,-42.200000000000045,33.27000000000001,0.38727701566990186,0.78,0.18,15.87,3.5,0.22,16.778687443560074,23.146222567570405,20.06315811579898,21.51948001764076,27.360260411197682,17.87,17.61,0.0,2.59,1.95,9,2002,-0.034973589426428475,30.004410838059233,476.17
2002-12-31,913.0999999999999,151.45,5.048172461043306,-0.0004030489192454415,310.45000000000005,229.14,292.17999999999995,9.8,683.9699999999998,223.37,1063.63,591.98,438.42,2145.08,1168.17,4762.2,450.78,152.64,63.4,873.32,0.0,873.32,300.0,3838.22,308.1200000000001,86.53000000000003,69.80000000000001,63.03999999999999,0.4869286893364147,0.77,0.23,20.92,3.5,0.17,12.721780695325196,18.889624294955546,15.781571651636341,17.036375513845954,22.007329275676366,17.57,17.35,0.0,2.46,1.95,12,2002,-0.01209185290137782,30.00095602294455,627.62
2003-03-31,907.7,108.98,0.36,0.0,225.25,143.19,194.77,11.8,764.51,135.73,556.54,579.16,316.21,2192.08,1123.41,4753.77,437.98,66.14,0.0,754.36,0.0,754.36,300.0,3941.05,265.45,-121.34,-76.2,51.58,8.195,0.9,0.19,0.36,0.0,0.0,9.16,12.72,11.08,11.84,14.320000000000002,12.11,12.01,0.0,2.91,2.49,3,2003,0.0,302.72222222222223,108.98
2003-06-30,917.03,145.51999999999998,4.848760707269155,6.000000000000001,259.2,190.42000000000002,242.89000000000001,14.3,726.5999999999999,157.31000000000003,285.24,572.83,555.99,2058.33,1204.51,4769.69,444.25,89.3,0.0,696.0,0.0,696.0,300.0,3920.82,-169.44,156.47,-257.57,52.47,0.7389104590434304,1.09,0.18,8.48,6.0,0.71,12.213387819253436,16.92491944990177,14.84361178781925,15.68985776031434,18.731768958742627,14.27,13.95,0.0,2.96,2.16,6,2003,180.07075471698113,30.011792452830186,254.5
2003-09-30,993.5799999999999,185.99,0.6206844650275829,5.399069196953478,320.59,248.89999999999998,291.29,17.2,744.6900000000003,215.90999999999997,504.91,585.96,578.18,2118.61,1219.93,4801.89,144.57,98.72,0.0,563.94,0.0,563.94,300.0,4081.96,196.11,10.189999999999998,21.689999999999998,42.39,6.9274329265014245,1.26,0.14,1.47,6.0,4.08,15.487555222593022,21.398835841903335,18.223633680673792,19.169438579763447,23.22288814729052,16.07,15.63,0.0,3.76,2.73,9,2003,1617.8476126299577,299.6530612244898,440.49
2003-12-31,1009.77,100.87,0.3353886508053791,0.021994493083179616,248.76999999999998,166.32000000000005,233.39999999999998,29.5,843.4499999999998,138.00000000000006,395.11,607.0,602.6,2347.04,1183.57,4982.0,162.74,115.25,0.0,633.88,21.74,655.62,300.0,4173.61,77.37,-137.7,-49.360000000000014,67.08000000000001,21.990905125408943,2.12,0.16,1.8,6.0,3.33,8.101499187232156,11.455385695285946,9.666646224323925,10.06911260529038,12.834205704152504,14.55,14.14,0.0,3.7,2.75,12,2003,6.614965986394509,300.75555555555553,541.36
2004-03-31,917.94,98.6,0.33,0.0,221.89,136.26,191.26,20.5,781.68,127.4,372.3,607.34,649.06,2486.92,1154.1,5086.64,213.4,98.53,0.0,637.24,32.23,669.47,300.0,4263.82,139.83,-153.53,-8.54,55.0,15.53,1.44,0.16,0.33,0.0,0.0,7.76,11.08,9.24,9.6,12.24,10.85,10.74,0.0,3.9,2.88,3,2004,0.0,298.78787878787875,98.6
2004-06-30,1072.3899999999999,150.07,0.500897172960148,0.6,262.11,195.36,250.45,17.0,877.0300000000001,151.71,264.2,647.02,529.19,2220.88,1166.28,5097.38,358.52,90.74,0.0,614.02,100.07,714.1,300.0,4222.14,165.79,-213.20000000000002,-65.85,55.09,8.483976810821616,1.21,0.17,0.83,0.6,0.72,11.780135923110949,16.221826517070816,14.218237825230224,14.74930952668195,17.863320867012508,12.84,12.49,0.0,3.62,2.76,6,2004,179.76144578313253,299.6024096385542,248.67
2004-09-30,1149.0100000000002,144.78,0.48204803659931383,0.0014805083850459994,307.39,203.51,269.21,15.4,945.5,174.81,512.03,716.61,723.66,2354.57,1144.1,5254.13,280.03,118.78,0.0,551.63,139.56,691.19,300.0,4394.4,-153.83,435.16,-37.11,65.69999999999999,7.98966017405719,1.05,0.16,1.31,0.6,0.46,11.024548989706442,15.661041555470836,13.17352649637819,13.65925428898208,16.75024933282501,12.87,12.53,0.0,4.27,2.96,9,2004,0.44466108709644914,300.34351145038164,393.45
2004-12-31,1288.5199999999995,240.31,0.8000727404695784,3.33162456084625e-05,300.64,297.31000000000006,344.88,15.9,991.21,189.19,473.63,764.35,900.58,2296.31,1295.7,5502.04,273.87,132.19,0.0,565.32,186.18,751.49,300.0,4582.77,110.63000000000002,-174.17000000000002,37.41,47.57000000000002,4.971235487495319,1.04,0.16,2.11,0.6,0.28,17.472678616510983,24.085602120676597,20.97631469325928,21.962186316586724,25.571993183539508,14.96,14.31,0.0,4.06,2.47,12,2004,0.010006873846833741,300.3601895734597,633.76
2005-03-31,1115.55,264.82,0.88,0.0,311.41,324.68,361.69,16.1,790.87,224.06,851.38,658.3,609.15,2451.2,1238.06,5717.92,181.76,126.09,31.7,569.04,303.3,872.35,300.0,4777.89,427.38,-310.18,265.38,37.01,4.575,1.01,0.18,0.88,0.0,0.0,18.52,24.04,22.16,23.44,25.24,26.1,23.74,0.0,4.31,3.24,3,2005,0.0,300.9318181818182,264.82
2005-06-30,1218.05,286.42,0.9560496335534432,0.6,337.63999999999993,364.71999999999997,402.06,16.5,853.32,245.82999999999998,438.05,721.92,903.1,2303.53,1620.17,6053.54,259.9,162.75,81.46,727.62,340.67,1068.29,300.0,4915.89,-32.620000000000005,-383.22999999999996,-11.289999999999992,37.339999999999996,4.3158847147545565,1.01,0.22,1.84,0.6,0.33,18.933939481895365,25.6886379798273,23.298513895943692,25.065127349248968,26.894091865612076,26.08,23.62,0.0,3.17,1.92,6,2005,179.75217391304346,299.5869565217391,551.24
2005-09-30,1467.06,253.10000000000002,0.8433100430166348,0.0010793618532504536,308.1500000000001,320.38,357.71000000000004,19.4,1146.69,198.43000000000006,158.03,811.73,1088.6,2270.66,1910.06,6345.98,384.63,139.98,79.5,789.9,332.68,1122.58,300.0,5153.14,-133.01,-271.70000000000005,124.72999999999999,37.33000000000001,5.752095614381667,1.13,0.22,2.68,0.6,0.22,15.947370514956361,21.913474401372557,19.647865330581595,21.20861824601537,22.870064897928742,23.26,21.16,0.0,2.87,1.5,9,2005,0.3239454899415932,300.1268656716418,804.34
2005-12-31,1504.3100000000004,82.91999999999996,0.27663052543786476,-0.000754359976597374,246.91999999999985,122.54999999999995,167.05999999999995,22.2,1381.7600000000002,94.5,948.32,893.21,750.92,2787.43,2137.56,6615.39,453.38,238.76,80.74,971.16,345.31,1316.47,300.0,5234.12,526.87,249.72000000000003,31.28000000000003,44.50999999999999,20.062861794500733,1.27,0.25,2.96,0.6,0.2,5.01299371097536,6.986789892477963,6.336334332664604,6.758756621508911,7.498930189572388,17.98,16.73,0.0,2.87,2.1,12,2005,-0.22611940298506283,299.75,887.26
2006-03-31,1697.36,202.87,0.68,0.0,314.19,244.28,307.84,19.6,1453.08,182.77,797.17,1067.65,1141.02,3206.54,2057.9,7007.61,610.73,271.55,76.16,1200.4,330.11,1530.51,300.0,5424.43,-296.4,-27.41,157.35,63.56,7.205,1.08,0.28,0.68,0.0,0.0,11.56,15.360000000000001,14.959999999999999,15.92,16.84,12.5,11.95,0.0,2.67,1.72,3,2006,0.0,298.3382352941176,202.87
2006-06-30,1607.2500000000002,107.31,0.3563392223870011,0.6,226.47999999999996,134.26000000000002,197.92000000000002,16.6,1472.98,92.16,926.25,974.84,911.04,2964.6,2048.15,6754.43,606.21,243.23,75.46,1085.64,293.23,1378.87,300.0,5334.38,392.02,-45.68000000000001,-223.20999999999998,63.66,11.64873171186283,0.93,0.26,1.03,0.6,0.58,6.351833129150815,8.178504094396802,8.040119930363014,8.372241924044102,9.244062157456959,9.73,9.39,0.0,2.73,1.89,6,2006,180.6873786407767,301.1456310679612,310.18
2006-09-30,1871.35,287.96,0.9580372488046276,-0.0011433502108965162,392.26,346.17,410.70000000000005,16.0,1525.19,239.56,185.62,1199.75,1726.63,3289.79,2048.28,7207.8,609.69,400.06,74.16,1270.5,292.56,1563.06,300.0,5611.18,-620.76,-118.60999999999999,3.6099999999999994,64.53,4.175098624809001,0.86,0.28,1.99,0.6,0.3,15.983335005182735,20.585765205470288,20.52799411509011,21.39456047079279,23.51283378473267,12.06,11.56,0.0,2.59,1.23,9,2006,-0.34366004781188053,300.57286432160805,598.14
2006-12-31,2037.2699999999995,333.65,1.1136108994515932,-0.0019263619743940398,473.4,407.22,473.97,18.2,1630.0500000000002,306.25,875.67,1206.04,1060.66,3296.24,2081.58,7229.48,531.42,182.52,71.18,1007.64,252.47,1260.1,300.0,5947.41,757.28,37.72,-124.22,66.75,4.084348493930766,0.92,0.21,3.11,0.6,0.19,18.462308030779468,23.418055570461156,22.444093626246254,23.876390603032874,26.053482007748528,13.61,12.92,0.0,3.27,2.22,12,2006,-0.5771591074342837,299.6109324758842,931.79
2007-03-31,1843.52,308.77,1.03,0.0,404.14,376.45,436.39,19.6,1467.06,280.11,985.12,1112.27,1327.2,3545.13,2065.15,7488.94,480.83,181.9,69.14,1003.49,248.58,1252.07,300.0,6189.7,220.0,-35.01,-50.6,59.94,4.7575,0.95,0.2,1.03,0.0,0.0,16.48,20.76,19.960000000000004,21.28,23.2,17.72,16.75,0.0,3.53,2.21,3,2007,0.0,299.7766990291262,308.77
2007-06-30,1755.5500000000002,350.69000000000005,1.1699238771115763,0.7,458.03999999999996,427.88000000000005,486.62,21.8,1327.6799999999998,331.37,1211.02,1126.85,906.09,3397.37,2060.02,7469.49,367.69,172.09,67.79,866.57,213.09,1079.66,300.0,6341.47,677.2,-83.59,-363.53999999999996,58.74000000000001,4.658850124041176,1.03,0.17,2.2,0.7,0.32,18.78259606344585,24.057889182058048,22.122196949018896,24.03661783883784,25.908496042216363,19.47,18.32,0.0,3.92,2.87,6,2007,209.8281818181818,299.75454545454545,659.46
2007-09-30,1849.1799999999998,372.74,1.2422259252082928,0.0007082489299115097,487.7500000000001,441.80000000000007,499.97,23.9,1407.38,327.52,1434.64,1142.77,867.52,3620.38,2182.3,7922.66,435.33,173.6,67.62,970.85,214.93,1185.78,300.0,6693.96,361.26,-210.1,64.89999999999998,58.16999999999999,4.811524118688631,1.07,0.18,3.44,0.7,0.2,18.82116721565588,23.790070916489054,22.27339972873474,24.237850029064134,25.898966091842663,20.15,18.95,0.0,3.73,2.84,9,2007,0.2125158562368199,300.05813953488376,1032.2
2007-12-31,2014.2299999999996,265.26,0.8832050313689825,0.000652186615781147,411.03,321.27,379.4200000000001,30.0,1692.96,262.43000000000006,1185.19,1199.96,1138.67,3647.9,2295.91,8049.9,361.01,148.98,66.56,881.1,176.94,1058.05,300.0,6948.73,-60.569999999999936,-120.19999999999999,-112.82,58.150000000000006,8.486364698786097,1.3,0.15,4.32,0.7,0.16,13.182652875618516,16.780895596010666,15.267998088573059,16.453782621429564,17.876724060857363,18.39,17.39,0.0,4.14,2.85,12,2007,0.19587639965541825,300.33796296296293,1297.46
2008-03-31,2273.99,372.19,1.24,0.0,446.13,436.28,495.37,27.75,1837.72,329.99,1000.57,1449.98,1305.75,3949.9,2285.14,8411.33,337.57,169.9,62.24,909.77,166.74,1076.51,300.0,7291.14,-112.19,-69.34,-23.44,59.09,5.595,1.14,0.15,1.24,0.0,0.0,17.68,21.96,20.4,22.08,23.280000000000005,17.17,16.37,0.0,4.34,2.91,3,2008,0.0,300.1532258064516,372.19
2008-06-30,2535.26,402.10999999999996,1.3398473459899263,0.9,363.03,453.4,510.13,23.3,2081.8500000000004,230.73000000000002,1321.48,1471.81,943.57,3937.91,2331.06,8680.44,358.68,243.52,66.13,993.81,141.55,1135.36,300.0,7496.72,702.48,-48.36,-283.06,56.72999999999999,4.347025067767526,0.93,0.15,2.58,0.9,0.35,18.529361746093244,22.89165543071161,21.458330362908434,23.244793490895002,24.03416091954023,17.28,16.1,0.0,3.96,3.01,6,2008,270.1046511627907,300.1162790697674,774.3
2008-09-30,2689.1099999999997,373.80999999999995,1.246999242232887,-0.0010467759652719095,385.67999999999995,427.91999999999996,492.8599999999999,22.9,2261.19,274.04999999999995,56.42,1647.27,2083.42,5335.06,2607.55,10484.55,1643.25,330.78,68.11,2411.71,140.67,2552.38,300.0,7910.61,-2245.05,-316.57,1288.38,64.94,4.591702870442204,0.87,0.32,3.83,0.9,0.23,14.260722404647636,18.64963879767618,18.897085122505683,20.472927506946196,21.254336953776207,16.37,15.31,0.0,2.21,1.35,9,2008,-0.31378954399173153,299.7676240208877,1148.11
2008-12-31,2038.7600000000011,-698.28,-2.328479647866972,0.0003572629033226404,-41.69999999999982,-657.1499999999999,-591.5399999999998,12.7,2695.91,-147.17999999999995,311.1,1207.85,1540.79,3233.39,2851.44,8445.24,373.18,223.78,68.8,1129.97,125.08,1255.05,300.0,7169.42,1817.35,-253.51999999999998,-1301.32,65.61000000000001,-1.3640875078764967,0.53,0.18,1.5,0.9,0.6,-33.09545739501589,-49.736325278438514,-38.93217971233577,-39.55310761843363,-56.06978992063668,4.92,4.72,0.0,2.86,1.5,12,2008,0.10713838120108221,299.88666666666666,449.83
2009-03-31,1192.38,131.44,0.43999999999999995,0.45,155.86,134.83,202.07,11.4,1057.55,57.71,474.92,774.52,1760.61,3185.78,2852.9,8467.03,380.04,197.74,70.1,1027.0,123.12,1150.12,300.0,7297.62,218.62,-55.7,6.87,67.24,6.4775,0.47,0.16,0.44,0.45,1.02,6.2,6.4,7.2,7.2,7.24,11.83,11.02,0.0,3.1,1.39,3,2009,134.42727272727274,298.72727272727275,131.44
2009-06-30,1194.67,264.21,0.8814790850499179,0.0015127006192341235,233.95,235.12999999999997,301.97,13.3,959.54,167.67999999999998,776.54,805.45,1146.5,2938.55,2886.35,8352.18,347.2,113.73,67.13,809.38,87.33,896.71,300.0,7439.48,616.24,-124.49999999999999,-203.77,66.84000000000002,3.773657318042466,0.54,0.12,1.32,0.45,0.34,12.66124503980791,11.592785542777708,14.210511310501706,14.157088335650196,13.088628838619993,17.77,16.57,0.0,3.63,2.21,6,2009,0.45340909090907644,299.73484848484844,395.65
2009-09-30,1627.2799999999997,286.15,0.9401232032854211,0.00686018293821161,368.74999999999994,313.27000000000004,379.53000000000003,18.7,1314.01,241.19,879.65,1133.79,943.48,3253.5,2917.13,8747.46,341.52,160.04,66.05,912.82,92.17,1004.99,300.0,7732.64,352.85,-248.2,-7.099999999999994,66.25999999999999,4.973816180325005,0.73,0.13,2.24,0.45,0.2,13.07778527427398,11.93620709885597,14.80694045174538,14.639061308301555,14.639061308301555,18.08,16.98,0.0,3.56,2.53,9,2009,2.0880681818181586,304.37499999999994,681.8
2009-12-31,1982.7600000000002,405.4100000000001,1.3498626760239514,-0.006054373120188194,513.1000000000001,448.26,518.4899999999999,18.6,1534.5000000000005,360.96999999999997,1002.61,1291.07,1152.3,3681.82,2950.18,9272.06,340.78,260.95,37.51,1024.58,90.29,1114.87,300.0,8151.01,117.72000000000003,38.51999999999998,-33.849999999999994,70.22999999999999,3.4460542413852635,0.68,0.14,3.62,0.45,0.12,17.49601015443199,19.047233561133545,19.89742331288344,21.165250135668366,20.4642164807167,19.2,18.13,0.0,3.59,2.47,12,2009,-1.8183356353590625,300.33425414364643,1087.21
2010-03-31,2208.95,320.79,1.07,0.6,363.01,343.6,413.48,25.5,1865.36,260.85,1207.45,1475.5,1076.66,3877.92,2937.42,9535.36,330.47,260.97,36.38,982.8,90.67,1073.47,300.0,8460.16,204.3,1.53,-10.31,69.88,5.9575,0.9,0.13,1.07,0.6,0.56,13.439999999999998,15.28,15.16,16.28,16.08,15.15,14.52,0.0,3.95,2.85,3,2010,179.8822429906542,299.803738317757,320.79
2010-06-30,2271.0200000000004,340.62999999999994,1.132995675969883,0.0016798183008689708,367.02,389.99,460.03999999999996,25.0,1881.0200000000002,272.11,1002.46,1507.61,1247.0,4100.21,3036.56,9914.0,427.94,323.58,4.42,1200.29,91.9,1292.2,300.0,8621.8,244.2,-332.63,-117.45,70.05000000000001,5.514584152893169,0.87,0.15,2.2,0.6,0.27,13.740147561307488,16.54173686916029,15.800139699434547,16.974335218166974,17.345133803029842,15.5,14.76,0.0,3.42,2.38,6,2010,0.5050297366185248,300.6454545454545,661.42
2010-09-30,2525.12,333.88,1.1070069325831406,0.0019109816135838963,459.78,386.6,487.3499999999999,32.25,2138.5199999999995,340.24,1370.29,1651.02,1158.1,4263.35,2977.83,10026.74,401.32,190.53,2.49,1005.1,94.36,1099.46,300.0,8927.28,216.29999999999995,164.29000000000002,-28.540000000000006,100.75,7.281119713669581,1.08,0.12,3.3,0.6,0.18,13.324337988546167,16.00799115844469,14.961366422184268,16.034827690143675,16.665486185069827,14.77,14.21,0.0,4.24,3.09,9,2010,0.5763636363636522,301.6060606060606,995.3
2010-12-31,2604.789999999999,283.54999999999995,0.944538452515932,-0.0028111904516486524,389.29999999999995,345.1299999999999,453.23,35.5,2259.6600000000008,259.30999999999995,1672.08,1703.55,2108.18,5585.99,2976.95,11421.4,475.24,1282.32,0.0,2150.74,104.97,2255.71,300.0,9165.69,357.33000000000004,-129.74,75.36000000000001,108.09999999999997,9.392365103156411,1.16,0.25,4.26,0.6,0.14,9.933174336317784,12.558370410916057,12.372123392110097,13.099373656019077,14.021739844391446,13.83,13.31,0.0,2.6,1.62,12,2010,-0.8439180537772017,300.19953051643193,1278.85
2011-03-31,2763.78,268.98,0.9,1.0,294.98,292.99,407.07,27.5,2470.79,161.32,862.2,1802.82,2474.23,5305.43,2917.15,11967.94,494.86,1513.14,0.0,2725.88,95.78,2821.67,300.0,9146.27,17.12,-802.41,-17.65,114.08,7.64,0.9,0.31,0.9,1.0,1.11,9.0,10.92,11.76,12.24,12.68,10.22,9.73,0.0,1.95,1.04,3,2011,298.8666666666667,298.8666666666667,268.98
2011-06-30,2996.5499999999997,243.21000000000004,0.8119820769636269,0.0022023077373631125,237.62,207.20999999999998,299.87000000000006,27.75,2789.33,93.79000000000002,125.75,1876.14,2105.33,4184.65,2893.32,16826.26,726.62,1025.14,767.33,2849.82,4567.76,7417.58,300.0,9408.68,53.5,-5974.17,5197.639999999999,92.66000000000001,8.544923831256938,0.88,0.79,1.71,1.0,0.58,5.774094769519124,7.10365606513208,10.332590640192118,10.788440227259414,6.799756340420548,9.29,8.89,0.0,1.47,0.73,6,2011,0.6596491228070249,299.5263157894737,512.19
2011-09-30,2919.0,186.4799999999999,0.6218935978358878,0.001107367155490111,288.5,241.78000000000003,360.69000000000005,24.8,2677.2300000000005,148.22999999999996,32.29,1766.21,2417.62,4394.01,2819.59,17002.88,556.28,1156.57,776.3,2816.24,4635.1,7451.34,300.0,9551.53,70.16,66.75,-177.51000000000022,118.90999999999997,9.966013513513518,0.78,0.78,2.33,1.0,0.43,4.387953110910729,5.86128043282236,7.80436429215509,8.071271415689807,5.5836970243462565,8.38,8.05,0.0,1.56,0.7,9,2011,0.332053309238745,299.85836909871244,698.67
2011-12-31,2472.0,107.71000000000004,0.3593093826731815,-0.000296402286188281,307.63,199.36,318.31999999999994,24.5,2272.6399999999994,205.53000000000003,1103.0,1002.83,3049.98,5236.82,2745.25,17422.83,682.0,2153.65,887.6,3845.76,4289.37,8135.13,300.0,9287.7,1410.71,-128.34000000000015,-212.10999999999967,118.96000000000004,17.0506958499675,0.79,0.88,2.69,1.0,0.37,2.4737582777350635,3.488907462982714,4.6376289094471606,4.669686252139192,3.702623080929588,7.45,7.23,0.0,1.36,0.57,12,2011,-0.08885237008792046,299.7695167286245,806.38
2012-03-31,2852.37,357.83,1.19,0.8,222.32,427.47,545.97,24.1,2424.9,107.24,416.64,1591.95,2751.82,4859.43,2646.34,17200.79,738.0,1524.47,864.36,3476.64,4185.23,7661.88,300.0,9538.91,-755.4,-24.93,56.0,118.5,5.0625,0.76,0.8,1.19,0.8,0.67,8.32,11.72,15.0,15.319999999999999,12.440000000000001,14.15,12.55,0.0,1.4,0.61,3,2012,240.55798319327732,300.69747899159665,357.83
2012-06-30,2713.9400000000005,186.96999999999997,0.6246060939794419,-0.003626155307938188,229.45999999999998,271.72,390.4,25.75,2442.22,113.95,19.86,1733.52,3202.15,5057.0,2580.91,17350.18,934.22,1988.57,916.78,3932.15,3845.54,7777.69,300.0,9572.5,76.62,15.85,-476.2,118.68,10.307696421885865,0.81,0.81,1.82,0.8,0.44,4.310468428781204,5.614591042584434,7.811008076358297,7.87964610866373,7.152082966226137,10.71,9.79,0.0,1.29,0.47,6,2012,-1.0854557207498488,299.34065934065933,544.8
2012-09-30,2740.7799999999997,296.46000000000004,0.9867199201198205,0.0029538110416792787,365.6,402.04999999999995,521.16,28.75,2338.7300000000005,238.01999999999998,38.43,1721.97,3394.23,5265.25,2551.02,17512.57,1221.56,1657.6,888.92,3863.69,3738.76,7602.45,300.0,9910.12,-211.64,-68.96000000000001,285.08,119.11000000000001,7.2857554138838285,0.87,0.77,2.8,0.8,0.29,6.766079452250197,8.99324727194922,11.967503031167537,12.193039012909209,11.375471079095645,10.98,10.13,0.0,1.36,0.48,9,2012,0.8874725274725392,300.45,841.26
2012-12-31,1956.83,-14.68999999999994,-0.04905138100826286,-0.002586108859503604,217.30000000000007,69.54999999999995,218.6300000000001,30.0,1887.2799999999988,114.52000000000004,37.88,1258.16,2921.43,4313.54,2472.75,16447.13,948.41,1172.68,910.94,3181.62,3274.46,6456.08,300.0,9991.05,795.1899999999999,-91.18999999999998,-702.38,149.07999999999998,-152.90700987066091,0.9,0.65,2.76,0.8,0.29,-0.357577458654438,-0.4912246996624586,-0.5879056825193244,-0.6092323699142214,-0.6277154989897987,8.55,8.05,0.0,1.36,0.44,12,2012,-0.7744927536231501,299.48188405797106,826.57
2013-03-31,2410.41,233.7,0.78,0.44,251.77,359.92,482.31,28.5,2050.49,140.62,260.36,1673.11,1752.0,3850.18,2399.67,15860.62,670.56,539.91,871.68,2357.66,3179.76,5537.43,300.0,10323.2,432.26,-47.34,-188.92,122.39,9.135,0.83,0.54,0.78,0.44,0.56,5.88,8.72,9.04,9.4,10.68,10.67,9.7,0.0,1.63,0.89,3,2013,131.83076923076922,299.6153846153846,233.7
2013-06-30,-126.55999999999995,-85.72,-0.283841059602649,0.11347427407030067,55.869999999999976,-120.13000000000002,-126.89999999999998,22.6,-6.429999999999836,51.19,729.95,1686.53,1297.31,3777.75,2352.14,16065.52,595.71,738.09,943.89,2887.98,2865.77,5753.74,300.0,10311.78,521.97,24.550000000000004,-221.1,-6.769999999999996,-19.904449370041995,0.66,0.56,0.49,0.55,1.12,-2.131704284362752,-3.336580619002568,-3.336580619002568,-3.4524341127179348,-4.217067171239357,6.79,6.48,0.0,1.31,0.86,6,2013,34.2692307692308,302.0,147.98
2013-09-30,2085.43,317.45000000000005,1.0571890509851107,-0.0031551468534474145,382.56000000000006,485.09000000000003,592.72,21.9,1600.35,298.05,816.35,1801.28,1047.08,4494.77,1849.41,16475.17,0.0,609.61,944.72,2925.01,2904.56,5829.57,300.0,10645.6,145.3499999999999,-26.369999999999997,1.7999999999999545,107.63,5.179182469680264,0.62,0.55,1.55,0.55,0.35,7.72089035945255,11.64954128440367,11.922364265303054,12.358881034742069,14.596029478117012,11.41,10.65,0.0,1.54,1.18,9,2013,-0.9474193548387291,300.2774193548387,465.43
2013-12-31,2273.0200000000004,531.9100000000001,1.7706511320111498,0.00023104684266606773,339.19000000000005,443.5300000000001,528.57,22.5,1829.4700000000003,209.58000000000004,814.29,1998.21,1050.11,4014.27,1796.7,16323.98,0.0,1212.78,1006.95,2510.17,2554.3,5064.47,300.0,11259.51,585.52,-131.26,-481.51,85.04000000000002,3.1781528830065233,0.6,0.45,3.32,0.55,0.17,13.03455230914232,15.21053321836084,18.901167505564803,20.031824252511683,18.047841658812448,16.35,15.01,0.0,1.6,1.18,12,2013,0.06940730664595662,300.40361445783134,997.34
2014-03-31,8465.54,1127.8,3.7600000000000002,0.0,1249.62,1379.86,1772.0,26.25,7085.68,833.31,573.41,1748.48,1097.36,3536.34,1738.86,15632.45,0.0,551.28,993.78,1717.08,2521.87,4238.95,300.0,11393.5,1424.69,-160.84,-889.73,392.14,1.745,0.69,0.37,3.76,0.0,0.0,28.84,35.04,39.6,41.56,39.68,14.48,13.32,0.0,2.06,1.42,3,2014,0.0,299.9468085106383,1127.8
2014-06-30,-6335.640000000001,-773.5899999999999,-2.577104542503035,0.44,-939.6999999999998,-999.77,-1308.16,25.5,-5335.88,-632.77,551.92,1138.18,1019.88,2906.71,1675.47,15716.12,0.0,547.72,1008.29,1963.12,2018.72,3981.83,300.0,11734.28,-1128.79,484.97,220.15999999999997,-308.39,-2.4736869982807432,0.65,0.34,1.18,0.44,0.37,-19.655882103836706,-20.878914768075436,-26.382561757149713,-28.042391801473702,-24.11121538070636,18.73,16.63,12.48,1.48,0.96,6,2014,132.07830508474575,300.1779661016949,354.21
2014-09-30,1915.48,261.29,0.8702591389114541,9.66280686778959e-05,266.83,337.94,418.87000000000006,28.25,1577.55,165.03,714.69,1091.51,1292.04,3336.9,1620.21,16008.3,0.0,841.99,1003.32,2298.01,2010.33,4308.34,300.0,11699.97,458.82000000000005,-251.82,-16.16999999999996,80.93,8.115111561866126,0.72,0.37,2.05,0.44,0.21,6.520575792038993,7.505454427294882,8.931830381803412,9.35634703493095,8.89786904955321,16.94,15.21,12.7,1.45,0.89,9,2014,0.029011988424997526,300.2439024390244,615.5
2014-12-31,1706.9899999999998,277.9,0.9269554510857397,-0.000653464157207114,324.34000000000003,353.24,431.90999999999985,25.75,1353.7500000000005,149.23999999999995,741.83,886.29,698.6,2646.85,1596.42,15203.17,0.0,497.19,1043.07,2062.0,1571.35,3633.35,300.0,11569.82,630.95,-56.18000000000001,-547.6400000000001,78.66999999999999,6.94402302986686,0.67,0.31,2.98,0.44,0.15,7.316104768300873,8.4608014327289,9.605498097156929,9.742364002686367,10.14051936422655,17.39,15.53,10.54,1.28,0.94,12,2014,-0.19590767719759583,299.7986577181208,893.4
2015-03-31,7156.18,993.5,3.31,0.0,1184.31,1235.77,1533.22,24.9,5920.41,746.57,1062.82,889.31,403.73,2605.49,1614.11,14778.07,0.0,308.0,1030.14,1776.32,1519.88,3296.2,300.0,11481.87,1791.25,-41.78,-1260.06,297.45,1.88,0.65,0.29,3.31,0.0,0.0,26.88,32.52,34.6,34.76,38.0,15.04,13.88,9.63,1.47,1.24,3,2015,0.0,300.1510574018127,993.5
2015-06-30,-5660.6900000000005,-670.23,-2.2391449871624345,0.0,-953.4599999999999,-856.22,-1072.73,24.5,-4804.469999999999,-625.07,111.36,773.9,1205.47,8639.2,1562.31,15044.67,0.0,378.37,2028.36,3112.54,96.92,3209.46,300.0,11835.21,-2188.7200000000003,42.17,705.68,-216.51,-2.7359996941348492,0.62,0.27,1.08,0.0,0.0,-17.83022860147864,-20.48403006774523,-22.640243759086832,-22.723175054907664,-26.37215207102422,26.63,21.62,17.33,2.78,2.39,6,2015,0.0,299.324074074074,323.27
2015-09-30,1388.8700000000001,41.97000000000003,0.14019110721717234,0.6,169.20000000000002,52.15999999999997,125.41999999999996,23.0,1336.7199999999998,62.900000000000006,299.76,753.35,1063.07,8973.34,1551.84,15565.45,0.0,444.24,2179.5,3958.82,99.4,4058.21,300.0,11507.24,371.61,16.18,-199.39,73.25999999999999,41.0100905408625,0.6,0.35,1.22,0.6,0.49,1.080160990033951,1.2548253203373132,1.4570682291096273,1.4478753696199766,1.7098718650750204,14.7,12.66,10.45,2.27,2.0,9,2015,179.62622950819673,299.3770491803279,365.24
2015-12-31,1225.7499999999995,256.51,0.8540019300361881,0.001968162312879458,287.59,338.04,408.13,20.7,887.7000000000003,189.24999999999997,416.89,672.1,1225.23,9088.9,1553.34,15693.74,0.0,864.82,30.45,1796.11,2141.51,3937.62,300.0,11756.12,437.36,-193.95,-126.28999999999996,70.09,6.059705274648162,0.53,0.33,2.07,0.6,0.29,6.534971290711701,8.218221471652592,8.72979750703659,8.79580731805388,9.142358825894652,17.11,15.13,11.91,5.06,4.38,12,2015,0.5911617961511126,300.36231884057975,621.75
2016-03-31,5408.78,927.25,3.09,0.0,1056.84,1157.16,1437.89,21.8,4251.62,639.72,2382.51,690.61,573.89,10302.91,1535.76,16978.74,0.0,186.4,65.98,999.63,3797.52,4797.15,300.0,12181.59,677.93,-188.27,830.03,280.73,1.765,0.54,0.39,3.09,0.0,0.0,21.84,29.160000000000004,30.44,31.36,28.96,19.17,17.14,14.06,10.31,9.73,3,2016,0.0,300.0809061488673,927.25
2016-06-30,-4064.0899999999997,-508.96,-1.691301250328719,0.6,-703.4799999999999,-665.7800000000001,-890.19,22.5,-3398.31,-415.25,3009.31,677.96,922.74,4920.36,1498.57,18139.62,0.0,898.09,163.98,1820.42,3702.64,5523.05,300.0,12616.57,-34.57999999999993,197.76000000000002,-856.0699999999999,-224.41000000000003,-3.326447608849419,0.54,0.44,1.39,0.6,0.43,-11.242894642472924,-14.40647971503024,-16.158619139831213,-16.645324535609266,-14.649832412919263,38.81,31.11,18.87,2.7,2.2,6,2016,180.55683453237413,300.9280575539569,418.29
2016-09-30,1432.5,370.56,1.2354348735501044,-0.0019705581798110184,343.15999999999997,440.82000000000005,497.94000000000005,23.3,991.69,213.28,2975.29,687.93,806.99,4712.1,1468.76,18010.05,0.0,828.64,161.74,1485.33,3664.55,5149.88,300.0,12860.17,107.32999999999993,39.08,-180.43,57.12,4.715303189766839,0.54,0.4,2.63,0.6,0.23,8.229969195664575,10.428385624643468,11.51819889712873,12.157054953413196,10.597494580718767,34.56,28.4,19.0,3.17,2.63,9,2016,-0.5910550646935064,299.9429657794677,788.85
2016-12-31,1517.5899999999997,402.87,1.3420886617661867,0.00047650078316040494,419.1400000000001,490.56999999999994,546.5899999999999,25.5,1027.0100000000002,293.38,3149.56,745.43,437.45,4555.48,1443.48,18111.33,0.0,513.22,168.29,1299.79,3695.05,4994.84,300.0,13116.49,331.0200000000001,-6.960000000000001,-149.78,56.02000000000001,4.747711668776529,0.58,0.38,3.97,0.6,0.15,8.897675964152652,11.385779881180143,12.291774242271675,12.954367133219213,11.4398690967677,33.07,27.75,18.35,3.5,3.17,12,2016,0.14303665322617576,300.1813602015113,1191.72
2017-03-31,6602.59,2292.66,7.64,0.0,1487.56,2624.45,2847.98,32.0,3978.14,1061.96,3128.38,892.64,766.86,4978.46,1416.05,19168.41,0.0,685.51,160.65,1261.67,3553.54,4815.21,300.0,14353.21,1105.74,-2608.92,-383.94,223.53,1.0475,0.67,0.34,7.64,0.0,0.0,47.84,58.08,63.88,69.12,58.64,45.49,34.72,24.83,3.95,3.34,3,2017,0.0,300.086387434555,2292.66
2017-06-30,-6602.59,,,,-1487.56,-2624.45,-2793.93,35.75,-3978.14,-1061.96,2866.96,1160.2,1212.85,6047.45,1382.82,20454.71,0.0,1369.77,158.75,1963.82,3425.65,5389.47,300.0,15065.24,-620.9100000000001,4619.12,260.48,-169.48000000000002,,0.71,0.36,,0.8,0.0,,,,,,,,0.0,3.08,2.46,6,2017,,,
2017-09-30,4373.04,,,,1174.76,1598.29,1652.1200000000001,45.75,2774.76,909.73,2743.87,1205.57,1383.44,5798.34,1349.16,20342.69,0.0,895.09,155.67,1511.42,3373.84,4885.27,300.0,15457.42,-208.32999999999998,352.51,-267.27000000000004,53.83,,0.89,0.32,4.56,0.8,0.18,,,,,,38.09,31.25,28.14,3.84,2.92,9,2017,,299.72807017543863,1366.76
