,revenue,net_profit,eps,dps,gross_profit,ebit,ebitda,close_price,expense,operating_profit,cash,account_receivable,inventory,current_asset,property_plant_equipment,total_asset,short_term_loan,account_payable,current_portion_long_term_debt,current_liability,non_current_liability,total_liability,paid_in_capital,total_equity,cash_flow_operation,cash_flow_investment,cash_flow_financing,depreciation,P/E,P/BV,D/E,EPS,DPS,DPR%,ROA%,ROAA%,ROE%,ROAE%,ROCE%,NPM%,NPMA%,CurrentRatio,QuickRatio,month,year,dividend,number_of_shares,return_old
2000-03-31,13.04,0.96,0.08,0.0,3.43,3.11,3.98,0.67,9.93,0.45,2.36,12.8,6.11,87.06,22.57,221.16,95.54,1.57,0.0,100.87,0.0,100.87,120.0,120.29,-6.95,-0.42,-57.58,0.87,2.095,0.13,0.84,0.08,0.0,0.0,1.72,0.0,3.2,0.0,10.36,8.88,7.36,0.86,0.8,3,2000,0.0,12.0,0.96
2000-06-30,10.830000000000002,-3.42,-0.2919512195121951,0.0,1.9199999999999995,-2.44,-1.7799999999999998,0.5,13.260000000000002,-1.33,2.17,11.1,3.41,65.91,22.06,198.85,80.42,1.7,0.0,82.91,0.0,82.91,120.0,115.94,17.53,0.0,-17.730000000000004,0.66,-0.4279824561403509,0.1,0.72,-0.21,0.0,0.0,-6.89560975609756,0.0,-11.789268292682927,0.0,3.2253658536585363,-12.33,-10.31,0.79,0.75,6,2000,0.0,11.714285714285715,-2.46
2000-09-30,15.039999999999996,-2.4400000000000004,-0.20416326530612244,0.0,2.3000000000000007,-1.35,-0.6900000000000002,0.4,16.400000000000002,-0.65,4.27,12.21,10.46,70.58,21.56,202.64,85.77,1.76,0.0,89.14,0.0,89.14,120.0,113.5,0.3200000000000003,1.78,0.0,0.6599999999999999,-0.49200819672131146,0.08,0.79,-0.41,0.0,0.0,-4.820244897959184,0.0,-8.604734693877553,0.0,-1.1951020408163266,-16.26,-12.59,0.79,0.67,9,2000,0.0,11.951219512195124,-4.9
2000-12-31,17.050000000000004,4.800000000000001,0.4800000000000001,0.0,4.08,5.949999999999999,6.6,0.34,11.099999999999994,0.72,2.09,14.55,10.03,73.3,21.42,207.54,85.24,2.22,0.0,89.32,0.0,89.32,120.0,118.22,-1.6300000000000008,-0.4800000000000001,-0.06999999999999318,0.6499999999999999,0.17708333333333331,0.07,0.76,-0.01,0.0,0.0,9.600000000000001,-0.0,15.360000000000001,-0.0,-856.32,-0.24,-0.18,0.82,0.71,12,2000,0.0,10.0,-0.1
2001-03-31,13.13,0.86,0.07,0.0,2.16,1.85,2.49,0.45,11.28,-0.64,5.9,12.84,7.32,63.6,21.0,203.48,84.84,2.76,0.0,88.57,0.0,88.57,120.0,114.92,13.86,-10.04,0.0,0.64,1.6075,0.09,0.77,0.07,0.0,0.0,1.68,3.48,3.0,2.92,6.44,8.08,6.55,0.72,0.64,3,2001,0.0,12.285714285714285,0.86
2001-06-30,11.78,-0.75,-0.06818181818181818,0.0,0.79,0.1299999999999999,0.7799999999999998,0.47,11.65,-1.8899999999999997,4.62,12.62,10.38,61.8,20.55,202.19,85.72,1.88,0.0,88.03,0.0,88.03,120.0,114.16,-1.2699999999999996,-0.02000000000000135,0.0,0.65,-1.7233333333333334,0.1,0.77,0.01,0.0,0.0,-1.3636363636363638,-27.0,-2.7272727272727275,-2.7272727272727275,-47.18181818181818,0.55,0.44,0.7,0.58,6,2001,0.0,11.0,0.11
2001-09-30,11.739999999999998,-0.88,-0.06857142857142857,0.0,2.62,-0.16999999999999993,0.48,0.47,11.910000000000004,-0.56,4.96,13.41,5.28,61.64,20.25,201.91,85.69,1.94,0.0,88.63,0.0,88.63,120.0,113.28,-7.34,1.6900000000000013,0.0,0.6499999999999999,-1.7128125,0.1,0.78,-0.06,0.0,0.0,-1.737142857142857,4.0685714285714285,-3.108571428571429,-3.108571428571429,7.314285714285715,-2.46,-2.1,0.7,0.64,9,2001,0.0,12.833333333333334,-0.77
2001-12-31,20.690000000000005,4.38,0.36398891966759,0.0,7.24,4.92,5.619999999999999,0.69,15.779999999999994,0.09999999999999964,6.1,15.54,8.07,63.59,30.85,201.76,78.27,4.56,0.0,84.1,0.0,84.1,120.0,117.66,11.559999999999999,-1.0300000000000011,-3.4,0.7000000000000002,0.4739155251141552,0.14,0.71,0.3,0.0,0.0,8.687202216066483,15.966980609418284,14.899279778393351,14.850747922437673,27.760221606648198,7.58,6.3,0.76,0.66,12,2001,0.0,12.033333333333333,3.61
2002-03-31,15.4,4.33,0.36,0.0,5.36,4.76,5.4,0.65,10.63,2.65,4.47,16.81,9.23,62.57,30.23,199.51,74.92,2.04,0.0,77.71,0.0,77.71,120.0,121.8,0.13,-0.12,-1.64,0.64,0.4525,0.13,0.64,0.36,0.0,0.0,8.68,9.44,14.24,14.640000000000002,15.64,32.65,28.12,0.81,0.69,3,2002,0.0,12.027777777777779,4.33
2002-06-30,13.49,0.8899999999999997,0.07501915708812258,0.0,5.6499999999999995,1.3200000000000003,1.9699999999999998,0.73,12.179999999999998,0.9300000000000002,2.2,17.63,6.71,65.19,29.69,201.86,74.94,1.82,0.0,78.54,0.0,78.54,120.0,123.31,-2.03,-0.24,0.0,0.65,2.4193820224719107,0.14,0.64,0.44,0.0,0.0,1.7663601532567044,2.0527969348658996,2.884827586206896,3.0007662835249036,3.362222222222221,19.79,18.07,0.83,0.74,6,2002,0.0,11.863636363636363,5.22
2002-09-30,29.6,0.41000000000000014,0.034227353463587934,0.0,10.090000000000002,0.54,7.8500000000000005,0.6,29.070000000000004,-4.74,2.66,62.34,3.7,206.2,83.46,474.97,76.41,35.51,0.0,131.33,0.0,131.33,120.0,123.72,-55.300000000000004,3.79,-1.32,7.31,4.394146341463413,0.12,1.06,0.47,0.0,0.0,0.3466429840142097,0.5709413854351689,1.3253996447602134,1.3836589698046187,0.5622024866785081,11.2,9.63,1.57,1.54,9,2002,0.0,11.97872340425532,5.63
2002-12-31,21.729999999999997,2.0,0.16775884665792923,0.0,0.9699999999999989,-0.7199999999999998,2.089999999999998,0.5,22.43999999999999,-14.54,82.89,98.08,9.28,397.9,80.93,521.75,76.62,87.41,0.0,177.91,0.0,177.91,120.0,127.08,-55.11999999999999,142.01999999999998,-6.670000000000001,2.8100000000000005,0.7439250000000001,0.09,1.4,0.64,0.0,0.0,1.530799475753604,1.7090432503276538,6.290956749672346,6.54259501965924,1.8034076015727392,13.37,9.51,2.24,2.18,12,2002,0.0,11.921875,7.63
2003-03-31,19.18,3.31,0.28,0.0,8.84,3.97,6.61,0.48,15.2,2.25,14.89,41.07,6.92,354.19,78.44,477.25,73.67,45.97,0.0,129.84,0.0,129.84,120.0,130.39,-84.0,-1.99,-2.3,2.64,0.4325,0.09,1.0,0.28,0.0,0.0,2.76,4.68,10.16,10.52,4.56,19.31,17.26,2.73,2.67,3,2003,0.0,11.821428571428571,3.31
2003-06-30,20.71,1.5699999999999998,0.131905737704918,0.0,-1.62,2.8799999999999994,5.499999999999999,0.91,17.84,-8.35,19.71,45.2,8.69,355.72,75.93,488.99,70.34,55.17,0.0,139.89,0.0,139.89,120.0,131.96,19.319999999999993,-12.89,-1.62,2.6199999999999997,1.725095541401274,0.17,1.06,0.41,0.0,0.0,1.2868852459016393,2.5480327868852455,4.761475409836065,4.915901639344262,2.5222950819672127,20.22,12.23,2.54,2.48,6,2003,0.0,11.902439024390244,4.88
2003-09-30,19.060000000000002,2.1100000000000003,0.17507868383404865,0.0,12.040000000000003,4.18,6.789999999999999,1.94,14.880000000000003,5.22,21.41,55.1,6.28,376.68,73.28,502.49,68.8,60.64,0.0,152.67,0.0,152.67,120.0,132.81,-1.3799999999999955,5.1800000000000015,-2.09,2.6100000000000003,2.766184834123222,0.35,1.15,0.58,0.0,0.0,1.678340486409156,2.728812589413448,6.351130185979971,6.5805436337625185,3.80343347639485,15.8,11.86,2.47,2.43,9,2003,0.0,12.051724137931036,6.99
2003-12-31,32.03999999999999,4.33,0.3595583038869258,0.0,18.169999999999998,8.290000000000001,10.880000000000003,2.27,23.75,8.98,79.37,63.07,7.57,375.74,70.94,512.71,69.48,52.96,0.0,159.95,0.0,159.95,120.0,136.2,68.54,-12.350000000000001,1.7599999999999998,2.5900000000000007,1.5751270207852195,0.4,1.17,0.94,0.0,0.0,3.3813780918727914,5.722332155477032,12.714593639575972,13.158303886925795,8.384593639575971,16.09,12.44,2.35,2.3,12,2003,0.0,12.042553191489363,11.32
2004-03-31,23.99,2.16,0.18,0.0,5.48,4.68,7.01,1.71,19.32,-3.62,22.42,74.03,5.07,380.17,73.9,523.79,69.9,49.85,0.0,171.56,0.0,171.56,120.0,137.67,-46.06,-8.89,0.0,2.33,2.375,0.3,1.25,0.18,0.0,0.0,1.64,3.76,6.28,6.44,5.32,16.82,9.0,2.22,2.19,3,2004,0.0,12.000000000000002,2.16
2004-06-30,23.52,-2.17,-2.17,0.0,23.78,-6.34,-3.92,2.1,29.85,12.54,40.46,54.82,9.61,370.81,71.06,529.42,71.19,74.59,0.0,187.98,0.0,187.98,120.0,134.06,43.29,-18.08,-9.16,2.42,-0.24193548387096775,0.38,1.4,-0.01,0.0,0.0,-0.0,-286.44,-8.68,-8.68,-425.32,-0.02,-0.02,1.97,1.92,6,2004,0.0,1.0,-0.01
2004-09-30,29.699999999999996,1.15,0.10087719298245615,0.0,19.999999999999996,4.5,6.98,1.2,25.189999999999998,9.569999999999999,26.68,58.04,5.24,353.4,69.05,512.08,71.4,49.68,0.0,168.69,0.0,168.69,120.0,134.54,-15.7,0.4599999999999973,1.4500000000000002,2.4800000000000004,2.973913043478261,0.21,1.25,0.1,0.0,0.0,0.887719298245614,2.259649122807018,3.429824561403509,3.429824561403509,3.349122807017544,1.61,1.48,2.09,2.06,9,2004,0.0,11.399999999999999,1.14
2004-12-31,35.870000000000005,3.4300000000000006,0.28520787746170684,0.0,-9.909999999999997,5.6899999999999995,8.169999999999998,1.36,30.180000000000007,-22.54,47.28,59.19,9.6,342.52,66.94,497.97,59.9,40.72,0.0,146.63,0.0,146.63,120.0,138.44,28.25,-1.8099999999999987,-5.840000000000001,2.4800000000000004,1.1924635568513118,0.24,1.06,0.38,0.0,0.0,2.762013129102845,5.073698030634573,9.907221006564551,9.997286652078776,7.29531728665208,4.58,4.04,2.34,2.27,12,2004,0.0,12.026315789473685,4.57
2005-03-31,33.07,-3.52,-0.29,0.0,7.8,-4.03,-3.4,1.1,37.11,-9.35,23.32,57.57,11.57,319.4,67.26,501.9,58.9,45.94,0.0,153.01,0.0,153.01,120.0,135.47,4.36,-28.47,0.0,0.63,-0.9475,0.19,1.13,-0.29,0.0,0.0,-2.8,-3.16,-10.4,-10.32,-4.64,-12.8,-10.64,2.09,2.01,3,2005,0.0,12.13793103448276,-3.52
2005-06-30,30.409999999999997,-3.0500000000000003,-0.12534246575342467,0.20000000000000004,9.559999999999999,-2.45,-1.77,5.4,32.849999999999994,-5.360000000000001,10.2,65.42,9.04,347.35,64.95,497.36,0.0,30.76,61.05,155.3,0.0,155.3,120.0,129.79,-33.550000000000004,23.669999999999998,-3.24,0.68,-10.770491803278688,1.0,1.2,-0.27,0.2,-0.74,-2.4511415525114155,-2.33972602739726,-9.396042617960427,-9.247488584474887,-3.5095890410958903,-12.25,-10.35,2.24,2.18,6,2005,4.866666666666667,24.333333333333332,-6.57
2005-09-30,52.470000000000006,7.91,0.3541791044776119,-0.017910447761194003,1.3599999999999994,-1.4799999999999995,5.02,5.5,53.95,-16.71,4.11,10.79,11.37,95.33,28.33,143.07,0.0,1.78,0.0,3.72,0.0,3.72,120.0,139.35,28.330000000000002,25.61,-60.03,6.5,3.882357774968395,0.95,0.03,0.06,0.2,3.33,22.195223880597013,-57.37701492537314,22.667462686567163,23.13970149253731,-134.8241791044776,1.46,1.16,25.63,22.57,9,2005,-0.39999999999999947,22.333333333333336,1.34
2005-12-31,13.200000000000003,2.58,0.10530612244897959,0.017687074829931947,4.25,2.58,3.19,5.9,10.620000000000005,0.4700000000000024,2.1,12.06,13.21,98.19,27.71,146.89,0.0,1.84,0.0,3.88,0.0,3.88,120.0,143.01,32.84,-34.849999999999994,0.0,0.6100000000000003,14.008682170542636,0.99,0.03,0.16,0.2,1.25,7.029183673469388,-4.396530612244898,7.213469387755103,7.345102040816327,-9.898775510204082,3.81,3.04,25.31,21.9,12,2005,0.4333333333333327,24.5,3.92
2006-03-31,11.14,0.66,0.029999999999999995,0.0,2.19,0.66,1.26,5.6,10.48,-1.29,2.66,11.05,10.52,98.95,27.23,147.1,0.0,1.73,0.0,3.65,0.0,3.65,120.0,143.45,4.22,-3.65,0.0,0.6,46.6675,0.94,0.03,0.03,0.0,0.0,1.8,0.8,1.8400000000000003,1.88,1.8400000000000003,7.2,5.92,27.11,24.23,3,2006,0.0,22.000000000000004,0.66
2006-06-30,10.509999999999998,0.58,0.02338709677419355,0.1,1.7200000000000002,0.58,1.1900000000000002,5.15,9.93,-1.4100000000000001,2.76,10.77,8.1,97.37,18.48,145.36,0.0,1.93,0.0,3.72,0.0,3.72,120.0,141.64,4.13,-1.6300000000000003,-2.4,0.61,55.05172413793104,0.87,0.03,0.05,0.1,2.0,1.590322580645161,0.7296774193548387,1.6464516129032258,1.7025806451612902,1.6464516129032258,7.01,5.73,26.17,24.0,6,2006,2.48,24.799999999999997,1.24
2006-09-30,11.64,1.47,0.05966789667896679,-0.0006642066420664114,2.84,1.47,2.26,4.7,10.16,-0.52,2.03,11.62,5.33,97.36,29.11,147.75,0.0,1.73,0.0,4.64,0.0,4.64,120.0,143.11,4.540000000000001,-5.28,0.0,0.79,19.693588435374146,0.79,0.03,0.11,0.1,0.91,3.9706273062730633,4.035719557195572,4.100811808118081,4.1659040590405905,4.100811808118081,9.92,8.14,20.98,19.83,9,2006,-0.016363636363636136,24.636363636363637,2.71
2006-12-31,11.649999999999999,-0.25,-0.010162601626016262,-0.00014781966001479197,3.08,0.8500000000000001,1.5300000000000002,4.0,10.810000000000002,-1.06,37.7,11.67,8.2,104.23,20.62,153.91,0.0,7.57,0.0,7.57,3.53,11.1,120.0,142.82,4.5,31.18,0.0,0.6800000000000002,-98.4,0.67,0.08,0.1,0.1,1.0,-0.6504065040650407,-0.9634146341463415,-0.6991869918699187,-0.6991869918699187,-0.9878048780487806,6.63,5.47,13.77,12.69,12,2006,-0.003636363636363882,24.599999999999998,2.46
2007-03-31,11.4,0.56,0.02,0.0,2.85,1.04,1.71,3.9,10.37,-0.67,2.34,11.77,5.78,99.64,20.1,148.48,0.0,1.78,0.0,5.1,0.0,5.1,120.0,143.37,-2.37,-32.99,0.0,0.67,48.75,0.65,0.04,0.02,0.0,0.0,1.52,2.8,1.56,1.56,2.92,5.9,4.91,19.54,18.4,3,2007,0.0,28.000000000000004,0.56
2007-06-30,7.290000000000001,-2.26,-0.09305882352941178,0.06,-1.07,-2.74,-1.98,3.94,10.020000000000001,-4.53,2.22,7.32,7.8,79.27,19.58,148.65,0.0,6.67,0.0,8.98,0.0,8.98,120.0,139.67,3.93,-2.6099999999999994,-1.44,0.7599999999999999,-10.585508849557522,0.68,0.06,-0.07,0.06,-0.86,-6.062117647058822,-6.1684705882352935,-6.487529411764705,-6.434352941176471,-6.487529411764705,-11.4,-9.1,8.83,7.96,6,2007,1.4571428571428569,24.28571428571428,-1.7
2007-09-30,9.91,-0.6100000000000001,-0.026406926406926413,-0.003079777365491643,1.2699999999999998,-0.6100000000000001,0.32,3.4,10.52,-2.51,2.85,7.8,12.18,83.52,19.1,151.8,0.0,10.1,0.0,12.73,0.0,12.73,120.0,139.07,-1.03,1.6600000000000037,0.0,0.9299999999999999,-32.18852459016393,0.59,0.09,-0.1,0.06,-0.6,-1.6055411255411258,-1.626666666666667,-1.7534199134199135,-1.7322943722943724,-1.7534199134199135,-10.18,-8.08,6.56,5.6,9,2007,-0.07114285714285695,23.099999999999998,-2.31
2007-12-31,11.93,2.0300000000000002,0.0725,0.010500000000000008,4.03,2.37,3.31,3.6,9.559999999999999,-0.3099999999999996,3.04,10.39,10.22,77.66,18.8,145.81,0.0,1.59,0.0,4.73,0.0,4.73,120.0,141.08,-3.9299999999999997,4.119999999999997,0.0,0.94,12.413793103448276,0.61,0.03,-0.01,0.06,-6.0,5.51,-1.1600000000000001,5.800000000000001,5.800000000000001,-1.1600000000000001,-0.86,-0.69,16.42,14.26,12,2007,0.29400000000000026,28.000000000000004,-0.28
2008-03-31,11.47,0.41,0.02,0.0,3.47,0.86,1.76,4.0,10.6,-0.99,2.44,11.03,8.24,79.05,0.0,146.23,0.0,1.77,0.0,4.75,0.0,4.75,120.0,141.48,2.28,-2.88,0.0,0.9,50.0,0.68,0.03,0.02,0.0,0.0,1.12,2.32,1.16,1.16,2.44,4.38,3.57,16.64,14.91,3,2008,0.0,20.5,0.41
2008-06-30,9.53,-0.29,-0.024166666666666666,0.0,1.6699999999999995,-0.29000000000000004,0.6300000000000001,3.52,9.83,-2.38,2.0,9.59,6.24,53.76,0.0,145.64,0.0,1.68,0.0,4.44,0.0,4.44,120.0,141.2,4.0,-4.44,0.0,0.92,-36.41379310344827,0.6,0.03,0.01,0.0,0.0,-0.7733333333333333,-3.7700000000000005,-0.7733333333333333,-0.8699999999999999,-3.8666666666666667,0.71,0.57,12.11,10.7,6,2008,0.0,12.0,0.12
2008-09-30,9.89,-0.53,-0.025853658536585368,0.0,2.0600000000000005,-0.42999999999999994,0.33000000000000007,3.2,10.309999999999999,-2.3999999999999995,2.09,10.22,4.44,49.57,40.81,144.96,0.0,1.72,0.0,4.3,0.0,4.3,120.0,140.67,2.3600000000000003,-2.2699999999999996,0.0,0.76,-30.94339622641509,0.55,0.03,-0.02,0.0,0.0,-1.4478048780487807,0.4653658536585366,-1.4995121951219512,-1.4995121951219512,0.5170731707317074,-1.67,-1.33,11.53,10.5,9,2008,0.0,20.5,-0.41
2008-12-31,11.350000000000001,0.95,0.03518518518518518,0.0,3.9400000000000004,1.46,2.6299999999999994,4.0,9.900000000000002,-0.5600000000000005,2.8,10.6,2.69,51.94,39.96,146.5,0.0,1.65,0.0,5.12,0.0,5.12,120.0,141.38,3.5999999999999996,-2.9000000000000004,0.0,1.17,28.42105263157895,0.68,0.04,0.02,0.0,0.0,2.603703703703703,7.67037037037037,2.674074074074074,2.674074074074074,7.95185185185185,1.58,1.28,10.14,9.62,12,2008,0.0,27.0,0.54
2009-03-31,10.33,0.28,0.01,0.0,3.17,0.49,1.36,4.0,9.84,-0.8,3.6,10.71,3.26,53.07,0.0,146.68,0.0,1.66,0.0,5.02,0.0,5.02,120.0,141.66,0.29,0.51,0.0,0.87,100.0,0.68,0.04,0.01,0.0,0.0,0.76,1.32,0.8,0.8,1.4,3.21,2.71,10.57,9.92,3,2009,0.0,28.000000000000004,0.28
2009-06-30,8.409999999999998,-0.67,-0.03435897435897436,0.02,0.4500000000000002,-0.88,0.04999999999999982,4.0,9.29,-3.08,1.36,7.32,5.42,61.65,0.0,144.2,0.0,1.38,0.0,3.68,0.0,3.68,120.0,140.51,-4.24,2.49,-0.48,0.93,-29.104477611940297,0.68,0.03,-0.02,0.02,-1.0,-1.8553846153846154,-1.8553846153846154,-1.9241025641025642,-1.9241025641025642,-1.9241025641025642,-2.65,-2.08,16.75,15.28,6,2009,0.39,19.5,-0.39
2009-09-30,8.560000000000002,-1.94,-0.08326180257510729,0.0032618025751072967,1.96,-1.94,-0.8999999999999999,4.6,10.510000000000002,-3.3200000000000003,2.46,7.5,3.81,51.85,0.0,142.91,0.0,1.7,0.0,4.34,0.0,4.34,120.0,138.57,1.1800000000000002,-0.08000000000000007,0.0,1.0399999999999998,-13.811855670103094,0.8,0.03,-0.1,0.02,-0.2,-5.428669527896995,-5.3953648068669535,-5.59519313304721,-5.561888412017167,-5.59519313304721,-10.77,-8.53,11.95,11.07,9,2009,0.07600000000000001,23.3,-2.33
2009-12-31,14.959999999999997,1.9500000000000002,0.10263157894736843,-0.004526315789473686,7.33,1.9500000000000002,2.75,4.0,13.0,-0.16000000000000014,2.58,11.73,2.27,47.66,0.0,145.84,0.0,1.87,0.0,5.02,0.0,5.02,120.0,140.82,2.13,-2.03,0.0,0.8000000000000003,9.743589743589743,0.68,0.04,-0.02,0.02,-1.0,5.336842105263159,5.336842105263159,5.542105263157895,5.542105263157895,5.542105263157895,-1.12,-0.9,9.49,9.04,12,2009,-0.08600000000000002,19.0,-0.38
2010-03-31,10.23,-0.82,-0.03,0.0,3.1,-0.81,0.09,4.24,11.04,-2.08,3.64,10.64,4.77,41.78,13.51,148.63,0.0,5.79,0.0,8.63,0.0,8.63,120.0,140.0,1.72,-0.65,0.0,0.9,-35.3325,0.73,0.06,-0.03,0.0,0.0,-2.2,-2.2,-2.36,-2.32,-2.32,-10.01,-8.02,4.84,4.29,3,2010,0.0,27.333333333333332,-0.82
2010-06-30,10.45,-0.21000000000000008,-0.008155339805825246,0.0,2.8800000000000003,-0.19999999999999996,0.7000000000000001,4.0,10.650000000000002,-1.9799999999999995,2.9,10.55,5.23,38.75,13.09,144.69,0.0,1.58,0.0,4.9,0.0,4.9,120.0,139.79,-4.4,3.65,0.0,0.9,-122.61904761904758,0.69,0.04,-0.04,0.0,0.0,-0.5790291262135924,-0.5708737864077671,-0.6034951456310682,-0.5953398058252429,-0.5871844660194177,-6.19,-4.98,7.91,6.84,6,2010,0.0,25.75,-1.03
2010-09-30,9.3,-0.11999999999999988,-0.005217391304347822,0.0,2.1799999999999997,-0.1399999999999999,0.78,4.2,9.439999999999998,-2.1000000000000005,4.06,9.73,3.82,49.66,12.73,145.01,0.0,1.39,0.0,4.6,0.0,4.6,120.0,139.86,1.2000000000000002,-0.04999999999999982,0.0,0.9200000000000002,-201.25000000000017,0.72,0.03,-0.05,0.0,0.0,-0.3297391304347823,-0.3339130434782606,-0.34226086956521706,-0.34643478260869537,-0.34226086956521706,-4.89,-3.84,10.8,9.97,9,2010,0.0,22.999999999999996,-1.15
2010-12-31,11.629999999999999,1.16,0.0,,4.539999999999999,1.69,2.5999999999999996,4.86,9.940000000000001,0.03000000000000025,2.31,10.66,2.41,63.67,0.0,147.03,0.0,1.43,0.0,5.51,0.0,5.51,120.0,141.52,3.29,-5.03,0.0,0.9099999999999997,0.0,0.82,0.04,0.0,0.0,0.0,4.64,171.67999999999998,4.64,4.64,176.32,0.03,0.02,11.56,11.12,12,2010,,inf,0.01
2011-03-31,10.77,0.08,0.0,,3.46,0.31,1.13,7.2,10.45,-1.97,4.09,10.94,5.39,66.24,10.33,146.65,0.0,1.31,0.0,5.51,3.11,8.62,120.0,138.03,-2.33,4.12,0.0,0.82,0.0,1.25,0.06,0.0,0.0,0.0,0.2,0.84,0.24,0.24,0.88,0.94,0.74,12.02,11.04,3,2011,,inf,0.08
2011-06-30,8.25,-0.33,-0.0132,,1.25,-0.56,0.2100000000000002,4.94,8.810000000000002,-2.5700000000000003,2.06,8.7,4.04,55.7,10.05,145.17,0.0,1.18,0.0,4.52,3.15,7.67,120.0,137.5,1.87,-3.91,0.0,0.7700000000000001,-93.56060606060606,0.86,0.06,-0.01,0.0,0.0,-0.8976000000000001,-0.8976000000000001,-0.9504,-0.9504,-0.9504,-1.7,-1.31,12.32,11.43,6,2011,,25.0,-0.25
2011-09-30,8.690000000000001,-0.5,-0.02,0.0,1.6799999999999997,-0.5,0.30999999999999983,4.88,9.209999999999997,-2.4299999999999997,7.06,8.92,2.54,61.4,29.96,144.78,0.0,1.45,0.0,4.91,3.12,8.03,120.0,136.75,0.77,4.23,0.0,0.8099999999999998,-61.00125,0.86,0.06,-0.03,0.0,0.0,-1.3866666666666667,-1.3866666666666667,-1.4666666666666668,-1.4400000000000002,-1.4400000000000002,-3.49,-2.71,12.51,11.99,9,2011,0.0,25.0,-0.75
2011-12-31,11.719999999999999,1.67,0.07260869565217391,0.0,4.36,2.12,3.0000000000000004,3.96,9.579999999999998,-0.16000000000000014,1.94,11.7,1.06,64.16,9.54,147.36,0.0,5.34,0.0,5.36,3.07,8.44,120.0,138.92,-0.07999999999999999,-5.03,0.0,0.8799999999999999,13.634730538922156,0.68,0.06,0.04,0.0,0.0,4.501739130434783,6.752608695652174,4.792173913043478,4.792173913043478,6.970434782608695,2.98,2.33,11.97,11.77,12,2011,0.0,23.0,0.92
2012-03-31,10.89,1.22,0.05,0.02,3.54,1.46,2.23,4.8,9.43,-0.81,1.97,11.06,5.72,66.23,9.58,149.26,0.0,1.12,0.0,6.04,3.04,9.08,120.0,140.19,-4.37,4.4,0.0,0.77,24.0,0.82,0.06,0.05,0.02,0.46,3.28,3.96,3.48,3.52,4.08,14.14,11.2,10.97,10.02,3,2012,0.488,24.4,1.22
2012-06-30,19.82,8.399999999999999,0.34927234927234924,-0.00029106029106029365,6.170000000000001,10.91,11.77,5.85,8.91,2.23,2.55,8.62,4.29,76.55,12.38,161.8,0.0,8.41,0.0,10.79,3.13,13.91,120.0,147.89,7.58,-6.460000000000001,-0.55,0.8599999999999999,4.188708333333334,0.95,0.09,0.4,0.02,0.06,20.78170478170478,28.15135135135135,22.7027027027027,23.540956340956342,28.6054054054054,48.68,31.33,7.09,6.7,6,2012,-0.007000000000000062,24.049999999999997,9.62
2012-09-30,10.369999999999997,0.8100000000000005,0.006989453499520618,0.015849472674976033,2.9399999999999995,1.0900000000000016,2.039999999999999,5.5,9.280000000000001,-1.2799999999999998,2.34,10.85,2.94,73.61,11.74,157.81,0.0,5.59,0.0,5.76,3.15,8.91,120.0,148.9,-1.51,1.3,0.0,0.9500000000000002,196.72138888888875,4.43,0.06,0.09,0.02,0.26,2.0533461169702796,2.7647171620326,2.1744966442953033,2.267689357622245,2.7491850431447764,37.57,25.39,12.78,12.27,9,2012,1.8367777777777778,115.88888888888889,10.43
2012-12-31,10.850000000000001,0.75,0.006037567084078712,0.001341681574239716,3.1799999999999997,1.0,2.0100000000000016,5.4,9.849999999999998,-1.5100000000000002,1.99,11.11,1.77,340.44,14.69,410.55,0.0,6.84,0.0,7.11,3.29,10.4,370.0,400.15,1.7700000000000002,-252.11,250.0,1.0099999999999998,223.6,4.99,0.03,0.09,0.02,0.26,0.7298747763864043,1.3899821109123434,0.7486583184257602,1.1135957066189626,0.960644007155635,30.96,21.53,47.88,47.63,12,2012,0.16666666666666696,124.22222222222223,11.18
2013-03-31,11.47,0.03,0.0,,2.43,0.28,1.3,2.74,11.2,-3.9,6.54,11.41,0.6,586.07,14.14,656.6,0.0,11.22,0.0,11.52,3.54,15.07,610.0,641.53,3.44,-238.9,240.0,1.02,0.0,2.61,0.02,0.0,0.0,0.0,0.0,0.28,0.0,0.04,0.16,0.41,0.26,50.87,50.82,3,2013,,inf,0.03
2013-06-30,20.78,-1.59,0.0,,-0.16000000000000014,-2.1,2.0999999999999996,2.1,22.87,-6.07,5.83,53.48,3.32,457.24,352.14,976.12,4.67,35.48,57.83,98.36,171.86,270.22,610.0,639.9,-7.3,6.650000000000006,-0.060000000000002274,4.199999999999999,0.0,2.0,0.42,0.0,0.0,0.0,-0.6523076923076924,-1.3046153846153847,-0.9784615384615384,-1.630769230769231,-0.8561538461538462,-6.8,-4.84,4.65,4.61,6,2013,,-inf,-1.56
2013-09-30,50.22,-1.2599999999999998,0.0,,2.61,-0.21999999999999997,10.19,1.6,50.440000000000005,-4.52,8.49,44.22,2.13,434.46,346.41,947.15,0.0,29.15,58.32,87.48,156.21,243.68,610.0,638.77,6.91,14.719999999999999,-18.960000000000008,10.41,0.0,1.53,0.38,0.0,0.0,0.0,-0.5361702127659573,-0.6612765957446807,-0.7863829787234041,-1.2868085106382976,-0.42893617021276587,-4.14,-3.42,4.97,4.94,9,2013,,-inf,-2.82
2013-12-31,50.94,-18.04,-0.03459252157238734,,13.84,-14.04,-8.44,1.28,64.99,1.0999999999999996,5.87,40.24,5.19,449.35,365.4,934.37,0.0,30.71,62.15,93.04,159.12,252.16,610.0,620.6,12.899999999999999,-0.7599999999999909,-14.769999999999982,5.6,-9.250554323725055,1.26,0.41,-0.04,0.0,0.0,-7.714132310642378,-8.267612655800576,-11.623087248322147,-14.148341323106422,-6.607171620325982,-18.14,-15.64,4.83,4.77,12,2013,,521.5,-20.86
2014-03-31,45.88,-3.02,0.0,,10.26,-2.09,6.16,1.58,47.96,-5.48,5.33,40.55,6.35,197.51,318.89,900.74,0.0,26.31,55.07,81.56,140.64,222.2,610.0,617.58,1.29,25.58,-27.42,8.25,0.0,1.56,0.36,0.0,0.0,0.0,-1.36,-1.08,-1.96,-1.9200000000000002,-1.04,-7.11,-6.58,2.42,2.34,3,2014,,-inf,-3.02
2014-06-30,45.37,-3.8000000000000003,-0.005571847507331379,,7.99,1.65,10.84,2.24,43.73,-3.869999999999999,2.9,39.09,5.23,567.2,295.6,1010.13,4.63,19.77,54.22,78.62,127.53,206.15,700.0,742.73,5.2299999999999995,-127.47,119.82000000000001,9.190000000000001,-100.50526315789473,2.11,0.28,-0.01,0.0,0.0,-1.5155425219941352,-0.08914956011730206,-2.050439882697947,-2.206451612903226,-0.11143695014662758,-8.28,-7.47,7.21,7.15,6,2014,,682.0,-6.82
2014-09-30,62.28999999999999,30.68,0.05143336127409891,0.0,4.739999999999998,32.919999999999995,36.12,2.7,29.370000000000005,-7.67,2.08,10.84,4.22,718.94,27.43,783.32,0.0,4.56,0.0,6.5,3.56,10.07,700.0,773.25,11.690000000000001,-11.840000000000003,-0.6700000000000017,3.1999999999999993,13.123777705345502,2.44,0.01,0.04,0.0,0.0,15.687175188600166,19.28751047778709,15.892908633696564,17.38447611064543,21.499145012573344,23.03,15.54,110.61,109.96,9,2014,0.0,596.5,23.86
2014-12-31,17.439999999999998,-2.759999999999998,-0.003924170616113741,0.0,3.700000000000003,-2.7199999999999953,-1.5799999999999983,2.24,20.159999999999997,-11.740000000000002,3.12,14.36,3.29,1208.64,27.78,1325.35,0.0,60.53,0.0,63.25,3.64,66.89,965.0,1234.2,3.469999999999999,-491.17999999999995,488.75,1.1400000000000006,-142.7116847826088,1.75,0.05,0.03,0.0,0.0,-0.8319241706161131,-1.376075829383885,-0.8947109004739329,-1.1929478672985772,-1.2348056872037905,18.83,12.34,19.11,19.06,12,2014,0.0,703.3333333333334,21.1
2015-03-31,23.38,-1.9,0.0,,3.1,-1.07,-0.01,2.42,24.46,-16.79,17.61,47.74,2.3,1120.0,74.69,1282.34,0.0,18.74,0.0,23.13,3.76,26.89,965.0,1232.42,-126.24,140.73,0.0,1.06,0.0,1.89,0.02,0.0,0.0,0.0,-0.6,-0.4,-0.6,-0.84,-0.32,-24.8,-8.13,48.42,48.32,3,2015,,-inf,-1.9
2015-06-30,14.820000000000004,-17.220000000000002,-0.018012552301255234,,-1.37,-18.68,-16.91,2.34,33.49,-26.560000000000002,19.96,63.32,12.33,1044.7,93.96,1281.24,0.0,39.48,0.0,41.46,3.65,45.11,965.0,1214.96,-41.500000000000014,43.85000000000002,0.0,1.77,-32.4773519163763,1.86,0.04,-0.02,0.0,0.0,-5.36774058577406,-6.1963179916318,-5.655941422594143,-7.024895397489541,-5.727991631799164,-130.96,-50.05,25.2,24.9,6,2015,,956.0,-19.12
2015-09-30,22.08,-13.819999999999997,-0.012586520947176681,0.0,3.4099999999999997,-15.079999999999998,-12.079999999999998,1.12,37.14999999999999,-27.229999999999997,9.02,17.31,18.51,936.39,147.21,1262.31,0.0,35.68,0.0,38.19,3.67,41.86,965.0,1201.14,-87.07999999999998,76.14000000000001,0.0,3.0,-22.24403400868307,0.9,0.03,-0.03,0.0,0.0,-4.380109289617486,-5.722671523982998,-4.598275652701882,-5.605197328476016,-4.78287795992714,-134.28,-54.64,24.52,24.03,9,2015,0.0,1098.0,-32.94
2015-12-31,31.159999999999997,-13.04,-0.01418007829491083,0.0,-2.82,-14.030000000000001,-10.280000000000001,0.81,45.20000000000002,-25.450000000000003,8.06,14.53,28.47,719.67,162.76,1261.08,0.0,48.05,0.0,50.75,3.28,54.04,965.0,1188.81,924.78,-926.74,1.0,3.75,-14.2805981595092,0.66,0.05,-0.05,0.0,0.0,-4.140582862113963,-4.288055676381035,-4.390152240104394,-4.310743801652892,-4.5830013049151805,-103.86,-50.28,14.18,13.62,12,2015,0.0,919.5999999999999,-45.98
2016-03-31,38.6,-15.94,0.0,,4.01,-16.7,-12.37,0.82,55.3,-32.13,16.32,14.82,26.27,733.32,160.07,1236.74,0.0,36.61,0.0,42.18,3.72,45.9,965.0,1173.42,-35.76,42.15,1.88,4.33,0.0,0.67,0.04,0.0,0.0,0.0,-5.16,-5.32,-5.44,-5.32,-5.6,-68.8,-41.3,17.39,16.76,3,2016,,-inf,-15.94
2016-06-30,33.96,-5.9399999999999995,-0.00542961608775137,,5.0600000000000005,-5.740000000000002,-3.4000000000000004,0.85,39.7,-17.36,20.32,14.54,25.48,749.67,155.54,1232.65,0.0,39.38,0.0,44.62,3.87,48.5,965.0,1166.45,11.779999999999998,-7.789999999999999,0.0,2.34,-39.13720538720539,0.7,0.04,-0.02,0.0,0.0,-1.9329433272394883,-1.943802559414991,-2.0415356489945156,-1.9980987202925047,-2.0523948811700183,-48.08,-30.15,16.8,16.23,6,2016,,1094.0,-21.88
2016-09-30,32.03,-8.45,-0.008358061325420375,0.0,5.51,-9.129999999999999,-6.039999999999999,0.75,41.16,-17.550000000000004,7.15,13.47,21.6,683.72,153.07,1224.06,0.0,44.6,0.0,46.18,4.42,50.6,965.0,1158.15,-43.31,30.14,0.0,3.09,-22.433431952662723,0.62,0.04,-0.03,0.0,0.0,-2.7637322782723377,-2.8305967688757008,-2.919749423013518,-2.864029014177382,-2.986613913616881,-43.88,-29.0,14.81,14.34,9,2016,0.0,1011.0,-30.33
2016-12-31,29.310000000000002,-44.72,-0.04766955363091272,0.0,6.35,-47.529999999999994,-43.84,0.8,76.83000000000001,-31.059999999999988,10.4,13.11,17.28,695.05,130.09,1185.34,0.0,51.59,0.0,53.09,4.61,57.7,965.02,1112.59,-14.809999999999988,18.040000000000006,0.020000000000000018,3.6899999999999995,-4.1955500894454385,0.69,0.05,-0.08,0.0,0.0,-15.087413724183877,-15.421100599600267,-16.088474350433046,-15.540274483677548,-16.660508994003997,-83.84,-56.05,13.09,12.77,12,2016,0.0,938.125,-75.05
2017-03-31,25.32,-3.56,0.0,,1.16,-3.32,-0.67,0.82,28.63,-11.57,11.25,26.46,8.89,690.56,23.9,1173.22,0.0,43.1,0.0,48.83,0.0,48.83,965.02,1109.26,-12.22,10.75,2.32,2.65,0.0,0.71,0.04,0.0,0.0,0.0,-1.2,-1.12,-1.28,-1.24,-1.2,-21.09,-14.06,14.14,13.96,3,2017,,-inf,-3.56
2017-06-30,7.149999999999999,-12.639999999999999,-0.015604938271604937,,6.970000000000001,-1.81,0.64,0.7,8.970000000000002,2.5999999999999996,15.94,26.09,30.42,704.66,22.92,1161.39,0.0,42.87,0.0,44.36,4.91,49.27,965.02,1097.46,-6.540000000000001,11.23,0.0,2.4499999999999997,-11.214398734177216,0.62,0.04,-0.02,0.0,0.0,-4.338172839506172,-1.3420246913580247,-4.619061728395061,-4.463012345679012,-1.4356543209876544,-97.36,-49.89,15.89,15.2,6,2017,,810.0,-16.2
2017-09-30,15.780000000000001,1.209999999999999,0.0016144096064042682,0.0,1.459999999999999,3.45,5.0,0.7,12.329999999999998,-1.0999999999999996,14.93,22.86,2.32,724.98,21.27,1179.0,0.0,59.98,0.0,60.73,5.0,65.73,965.03,1098.68,-1.5799999999999983,0.5599999999999987,0.010000000000000231,1.5500000000000007,108.3987603305786,0.61,0.06,-0.02,0.0,0.0,0.41006004002668417,0.04520346897931952,0.439119412941961,0.42943295530353537,0.04843228819212805,-55.21,-31.07,11.94,11.9,9,2017,0.0,749.5,-14.99
