,revenue,net_profit,eps,dps,gross_profit,ebit,ebitda,close_price,allowance_doubtful_accounts,expense,operating_profit,cash,account_receivable,inventory,current_asset,property_plant_equipment,total_asset,short_term_loan,account_payable,current_portion_long_term_debt,current_liability,non_current_liability,total_liability,paid_in_capital,total_equity,cash_flow_operation,cash_flow_investment,cash_flow_financing,depreciation,P/E,P/BV,D/E,EPS,DPS,DPR%,ROA%,ROAA%,ROE%,ROAE%,ROCE%,NPM%,NPMA%,CurrentRatio,QuickRatio,month,year,dividend,number_of_shares,return_old
2000-03-31,512.72,39.23,1.12,0.0,132.19,72.94,108.88,0.85,0.0,439.78,56.12,50.6,232.66,348.23,1080.13,825.46,2403.25,1668.14,157.92,14.09,2300.86,163.37,2464.23,350.0,-60.98,69.3,-24.54,-87.41,35.94,0.19,-4.88,-40.41,1.12,0.0,0.0,6.5200000000000005,0.0,-257.32,0.0,284.96,7.96,7.65,0.47,0.32,3,2000,0.0,35.02678571428571,39.23
2000-06-30,606.75,69.24000000000001,1.9788328570111553,0.0,188.60000000000002,106.19999999999999,140.4,0.85,0.0,500.55000000000007,99.71000000000001,40.7,257.2,358.42,1042.19,814.08,2306.17,1639.58,121.04,21.21,2137.88,158.55,2296.43,350.0,9.74,41.81,-12.509999999999998,-39.19,34.2,0.105744150779896,30.54,235.77,3.1,0.0,0.0,12.000663778003135,0.0,2843.5445155342495,0.0,271.80226790817744,10.14,9.69,0.49,0.32,6,2000,0.0,34.99032258064516,108.47
2000-09-30,335.9100000000001,17.61,0.5028236040609138,0.0,124.77999999999997,22.370000000000005,54.96000000000001,0.72,0.0,313.52999999999986,45.619999999999976,135.91,166.89,304.56,869.63,788.42,2073.72,1515.7,94.0,28.98,1892.72,150.53,2043.25,350.0,29.88,222.05,-17.660000000000004,-109.19,32.59,0.35797842135150487,8.43,68.38,3.6,0.0,0.0,3.3968527918781724,0.0,235.74046637055838,0.0,62.19927982233503,8.8,8.66,0.46,0.3,9,2000,0.0,35.02222222222222,126.08
2000-12-31,386.4899999999998,17.720000000000013,0.5064617524339364,0.0,171.56,46.360000000000014,34.339999999999975,0.75,0.0,340.1400000000001,89.62,72.5,210.97,463.08,977.51,882.51,2250.95,1567.4,125.05,28.03,1944.65,136.89,2081.53,350.0,169.02,-104.41000000000003,1.1899999999999977,39.81999999999999,-12.02000000000001,0.3651805869074489,1.55,12.32,4.11,0.0,0.0,3.149674547983312,0.0,41.93651182197499,0.0,39.886019471488204,7.78,7.81,0.5,0.26,12,2000,0.0,34.98783454987834,143.8
2001-03-31,356.36,25.1,0.72,0.0,120.06,54.87,79.03,0.79,0.0,301.49,49.07,47.93,209.56,567.62,939.4,871.57,2202.89,1532.89,174.74,14.17,1855.51,150.13,2005.65,350.0,197.01,19.65,-8.9,-35.32,24.16,0.275,1.4,10.18,0.72,0.0,0.0,4.56,9.52,50.959999999999994,147.6,63.2,7.24,7.04,0.51,0.2,3,2001,0.0,34.861111111111114,25.1
2001-06-30,566.81,50.830000000000005,1.4526682470696692,0.0,162.83999999999997,80.07,104.16999999999999,0.91,0.0,486.75,61.49,52.5,267.75,508.58,945.88,853.16,2192.88,1523.36,109.72,13.36,1800.87,143.2,1944.08,350.0,248.71,30.700000000000003,-9.42,-16.700000000000003,24.099999999999998,0.15684930159354712,1.28,7.82,2.17,0.0,0.0,9.264944027393652,16.06637692611616,81.7510812590544,157.34338469643092,92.16744896615305,8.6,8.22,0.53,0.24,6,2001,0.0,34.990783410138256,75.93
2001-09-30,500.65,42.86,1.2231282094452396,0.0,192.60000000000002,71.43,95.53000000000003,0.9,0.0,429.21000000000004,67.28999999999999,120.18,177.23,382.08,893.27,867.2,2157.47,1477.22,85.74,26.98,1746.74,130.25,1876.99,350.0,280.49,239.17999999999998,-16.240000000000002,-45.279999999999994,24.1,0.1870817778814746,1.12,6.69,3.39,0.0,0.0,7.952137385301793,14.071386480343463,61.120329994107244,110.47842410977354,72.50732889973902,8.68,8.34,0.51,0.29,9,2001,0.0,35.041297935103245,118.79
2001-12-31,555.19,32.67,0.9339832298956819,0.0,191.77999999999997,60.50999999999999,84.82999999999998,1.01,0.0,494.66999999999985,80.79999999999998,59.9,255.52,556.28,969.14,825.38,2177.32,296.29,121.55,7.8,561.7,1301.13,1862.82,350.0,314.5,-139.21999999999997,-2.3599999999999994,-28.680000000000007,24.320000000000007,0.26657330884603614,1.12,5.92,4.33,0.0,0.0,6.00510233725076,10.396764822395353,41.55254720718341,54.05454905585633,14.253490030371056,7.93,7.65,1.73,0.74,12,2001,0.0,34.979214780600465,151.46
2002-03-31,482.18,76.27,2.18,0.0,132.03,102.63,137.29,1.48,0.0,379.55,55.84,107.54,215.81,610.18,1011.59,807.87,2206.45,299.27,66.55,7.64,516.31,1300.78,1817.09,350.0,389.36,19.79,25.58,2.27,34.66,0.17,1.33,4.67,2.18,0.0,0.0,13.84,18.64,78.36,104.04,24.28,17.69,15.82,1.96,0.78,3,2002,0.0,34.986238532110086,76.27
2002-06-30,762.3999999999999,100.45,2.8704872114078768,0.0,220.22,127.30000000000001,162.35999999999999,2.39,0.0,635.0999999999999,117.16,131.06,293.68,609.12,1101.47,753.23,2255.75,167.35,70.8,8.17,360.71,1408.92,1769.64,350.0,486.12,38.800000000000004,0.490000000000002,-15.77,35.06,0.20671577899452462,1.72,3.64,5.05,0.0,0.0,17.802704843820734,23.50957446808511,82.64729515617927,109.36272068809416,27.579413761883206,15.49,14.2,3.05,1.36,6,2002,0.0,34.9940594059406,176.72
2002-09-30,512.48,13.689999999999998,0.391122315004464,0.0,135.8,38.44999999999999,70.35000000000002,2.45,0.0,474.0300000000001,60.21000000000001,117.53,173.56,416.99,778.22,744.58,1928.72,37.33,66.4,8.44,248.17,1177.33,1425.49,350.0,503.22,367.21000000000004,-20.38,-360.36,31.900000000000006,1.5647279035792552,1.7,2.83,5.44,0.0,0.0,2.8385126831573966,3.77893177879313,10.882403235124205,13.97399506328449,4.592811301927419,11.46,10.84,3.14,1.46,9,2002,0.0,35.001838235294116,190.41
2002-12-31,606.0300000000002,2.200000000000017,0.06282124500285599,0.0,187.31,22.00999999999999,52.52999999999997,2.53,0.0,584.03,57.47,81.38,282.7,406.89,832.25,738.68,1930.96,74.0,99.53,8.83,324.79,1100.34,1425.12,351.26,505.83,14.449999999999989,-11.66,-38.94,30.519999999999982,10.068249999999924,1.75,2.82,5.5,0.0,0.0,0.45551113649343583,0.6460308395202791,1.7398058252427318,2.145516847515722,0.8260422615648264,8.34,8.15,2.56,1.31,12,2002,0.0,35.02,192.61
2003-03-31,723.35,97.81,2.78,0.0,203.57,113.05,140.79,2.44,0.0,610.3,95.89,28.12,295.7,515.94,920.26,769.42,2050.08,114.76,139.01,9.12,400.61,1045.14,1445.76,352.63,604.32,14.47,-28.99,-13.75,27.74,0.22,1.42,2.39,2.78,0.0,0.0,19.08,21.24,64.76,78.76,27.4,14.48,13.52,2.3,1.01,3,2003,0.0,35.18345323741008,97.81
2003-06-30,652.0300000000001,71.21000000000001,1.9759490001183295,0.12,163.43,85.71,114.05000000000001,3.58,0.0,566.3199999999999,50.95,60.3,195.79,532.4,833.47,763.89,1957.94,15.83,99.72,9.37,298.43,990.0,1288.43,387.89,669.51,140.24,48.959999999999994,-157.03,28.34,0.45097317792444885,2.07,1.92,4.69,0.12,0.03,14.543658738610818,15.891854218435688,42.55241983197256,49.29339723109691,20.189227310377472,13.08,12.29,2.79,1.01,6,2003,4.324605543710021,36.03837953091684,169.02
2003-09-30,647.3,71.82,1.9413228699551568,0.0031042098922428193,137.13,84.43,110.74999999999997,5.25,0.94,562.8600000000001,38.41,25.01,221.14,429.08,747.3,740.86,1870.37,70.33,101.91,0.53,331.79,800.0,1131.79,389.22,738.58,149.17,-40.67,-143.76000000000002,26.320000000000007,0.67906015037594,2.77,1.53,6.51,0.12,0.02,15.363587443946187,17.785022421524662,38.89802690582959,46.2696860986547,21.959910313901343,12.8,11.91,2.25,0.96,9,2003,0.11484146089827352,36.995391705069125,240.84
2003-12-31,763.55,56.79999999999998,0.14694261523988708,0.21851507124866154,194.39,66.38999999999999,93.20000000000005,6.3,16.97,697.1700000000001,72.32,85.17,323.6,397.39,854.75,740.28,1974.85,177.95,123.22,0.34,484.44,700.0,1184.44,389.22,790.41,62.620000000000005,-11.55,9.060000000000002,26.809999999999988,10.716088028169017,3.1,1.5,0.77,0.23,0.3,11.503507593065445,13.66375487165703,28.747318908748813,35.0524929444967,17.90791560274156,11.32,10.68,1.76,0.94,12,2003,84.46600754084625,386.5454545454545,297.64
2004-03-31,815.94,95.94,0.22,0.0,202.07,104.73,136.54,5.0,-6.72,711.21,82.57,100.7,319.62,512.53,967.83,757.8,2123.96,203.32,162.54,0.14,536.33,700.0,1236.33,429.77,887.63,39.9,-45.22,20.85,31.81,5.6825,2.42,1.39,0.22,0.0,0.0,18.08,20.08,43.24,51.44,26.4,12.03,11.76,1.8,0.85,3,2004,0.0,436.09090909090907,95.94
2004-06-30,886.9199999999998,74.36000000000001,0.17465648854961835,0.1,240.93,83.73,107.39000000000001,4.94,-4.95,803.1800000000001,97.02000000000001,47.54,356.12,700.52,1137.4,748.31,2288.81,253.69,187.23,225.92,666.83,700.0,1366.83,429.77,921.98,-38.629999999999995,-23.120000000000005,8.579999999999998,23.66,7.071022727272726,2.3,1.48,0.4,0.1,0.25,12.994442748091604,15.509496183206108,32.2590534351145,37.37648854961832,20.29508396946565,10.19,10.0,1.71,0.66,6,2004,42.575,425.75,170.3
2004-09-30,843.2500000000002,70.06,0.1632284905974372,0.0008071226493593029,239.85000000000002,79.42999999999998,105.29000000000002,4.9,-4.95,763.8299999999997,82.43999999999997,66.13,264.73,723.64,1093.5,822.56,2325.42,185.7,137.96,194.31,517.98,812.73,1330.71,431.1,994.71,76.72,-102.87,44.75000000000001,25.86,7.504817299457608,2.12,1.34,0.56,0.1,0.18,12.055589948410717,14.888770178066235,28.16857380595773,32.33090031619238,17.278901647528706,9.6,9.44,2.11,0.71,9,2004,0.3464285714285751,429.2142857142857,240.36
2004-12-31,997.19,38.94,0.09062298603651987,0.3001112475065214,273.01,76.77000000000004,101.82999999999998,5.15,-6.55,920.4300000000003,23.980000000000018,50.24,341.28,740.21,1169.16,832.12,2398.35,353.35,95.32,0.0,686.62,812.73,1499.36,431.1,899.0,-24.179999999999993,-35.5,43.8,25.060000000000002,14.201694915254238,2.47,1.67,0.65,0.4,0.62,6.496970998925886,8.78903544575725,17.3271149301826,18.43689795918367,11.231673469387754,8.06,7.88,1.7,0.62,12,2004,128.9554945054945,429.6923076923077,279.3
2005-03-31,839.99,67.28,0.16,0.1,223.96,93.41,117.42,4.68,0.0,746.58,53.64,53.17,350.6,902.69,1341.33,849.11,2595.68,383.91,157.7,0.0,858.37,812.73,1671.1,432.56,924.58,15.15,-33.79,21.58,24.01,7.3125,2.19,1.81,0.16,0.1,0.63,10.36,15.84,29.120000000000005,29.72,21.52,8.44,8.01,1.56,0.51,3,2005,42.050000000000004,420.5,67.28
2005-06-30,1001.99,103.46000000000001,0.23632072156495257,0.00395045097809535,267.53,108.16,133.43,4.38,0.0,893.83,115.11,122.56,365.18,876.1,1407.01,964.22,2794.14,423.02,178.02,0.8,820.13,941.2,1761.33,432.56,1032.81,83.35,-130.1,116.13000000000001,25.27,4.633216218828533,1.83,1.71,0.39,0.1,0.26,14.809431884737027,19.220752020616143,40.06545156378119,42.34382569989457,24.74702120182734,9.73,9.27,1.72,0.65,6,2005,1.7294871794871796,437.7948717948718,170.74
2005-09-30,851.52,73.66,0.16877905073649754,0.009686936086281402,246.79999999999995,85.76999999999998,105.08000000000001,4.48,2.41,765.7499999999998,45.49000000000001,184.72,299.13,617.86,1158.42,1117.84,2713.6,242.0,94.5,135.97,723.99,878.83,1602.82,434.0,1110.78,324.64,-171.60000000000002,-90.88000000000001,19.310000000000002,6.6358946510996475,1.75,1.44,0.56,0.11,0.2,10.862137479541735,13.743436988543372,26.52242225859247,27.99321112929623,17.408353518821603,9.51,9.07,1.6,0.75,9,2005,4.227655677655669,436.4285714285714,244.4
2005-12-31,1089.7399999999998,81.27000000000001,0.16969201952897106,0.00976093240747646,302.77,89.08000000000004,117.75,4.6,2.45,1000.6600000000003,65.80000000000001,120.14,367.65,555.61,1088.18,1495.46,3167.3,426.89,179.29,193.64,1054.14,920.96,1975.1,477.4,1192.2,196.89,-542.99,281.53000000000003,28.67,6.772268979943398,1.84,1.66,0.68,0.11,0.16,10.261376239751897,13.505488377805754,27.27050572665582,31.093567107808518,17.777734516535144,8.99,8.61,1.03,0.51,12,2005,4.674768907563028,478.9264705882353,325.67
2006-03-31,1078.4,155.64,0.33,0.0,316.13,170.3,198.29,4.66,1.53,908.1,84.68,123.29,361.27,724.19,1316.55,1659.97,3570.97,484.96,266.79,553.61,1305.37,969.34,2274.71,478.89,1296.26,-29.4,-125.3,157.88,27.99,3.53,1.72,1.75,0.33,0.0,0.0,17.44,22.080000000000002,48.04,56.08,30.080000000000002,15.75,14.43,1.01,0.45,3,2006,0.0,471.63636363636357,155.64
2006-06-30,896.6799999999998,104.59000000000003,0.21703339353648704,0.1,268.90999999999997,130.87,158.54,5.8,0.0,765.8100000000001,66.97,97.05,290.16,830.71,1307.13,1722.13,3611.21,512.11,193.35,297.54,1290.97,920.8,2211.77,478.89,1399.44,59.14,-66.2,-19.22,27.669999999999998,6.680538770436943,1.98,1.58,0.54,0.1,0.19,11.591190869615343,15.111954809207242,29.902378665027104,34.40381201245053,20.867358874841493,14.44,13.18,1.01,0.37,6,2006,48.19074074074074,481.9074074074074,260.23
2006-09-30,913.4099999999999,74.01999999999998,0.15501570680628265,0.19907698274190416,283.1,114.51999999999998,146.89000000000004,6.8,0.0,798.8799999999999,77.97,117.19,357.37,755.98,1331.43,2094.08,4119.26,730.85,571.79,207.54,1768.77,972.92,2741.68,480.7,1377.57,122.83,-187.39999999999998,84.72,32.370000000000005,10.96179242096731,2.37,1.99,0.7,0.3,0.43,7.183870755422586,10.780235153328345,21.48960598354525,23.80155452505609,15.669873448017947,12.49,11.57,0.75,0.33,9,2006,95.05925925925925,477.50000000000006,334.25
2006-12-31,1081.5900000000001,63.26999999999998,0.13210429663916276,0.0009018414167840796,300.11,86.53000000000003,118.77999999999997,7.0,0.0,995.0799999999999,33.870000000000005,26.34,505.39,737.38,1358.8,2098.93,4189.0,637.38,581.15,227.54,1697.46,1116.03,2813.49,480.7,1375.51,-89.41,-72.96000000000004,71.51999999999998,32.25,13.241242294926508,2.45,2.05,0.83,0.3,0.36,6.0417820487019505,8.690234453612394,18.399104447574956,19.710597705775807,12.834807808412153,10.74,10.01,0.8,0.37,12,2006,0.43192771084338233,478.9397590361446,397.52
2007-03-31,1060.99,47.45,0.1,0.0,268.29,80.83,118.03,7.1,0.0,980.17,33.8,46.11,392.13,890.39,1461.07,2229.09,4429.59,811.93,297.13,237.54,1996.8,1054.15,3050.95,482.58,1376.7,-14.11,-88.76,122.66,37.2,17.75,2.49,2.22,0.1,0.0,0.0,4.28,8.08,13.8,14.2,13.280000000000001,4.7,4.47,0.73,0.29,3,2007,0.0,474.5,47.45
2007-06-30,1124.89,13.14,0.028192771084337348,0.15,233.70999999999998,45.97,86.63,8.0,0.0,1078.9099999999999,-19.229999999999997,26.32,405.99,932.11,1443.63,2232.51,4429.77,1040.94,538.99,247.41,2031.77,992.39,3024.16,482.58,1405.61,-89.91,-34.64,104.74000000000001,40.66,70.94194444444445,2.75,2.15,0.13,0.15,1.15,1.1884337349397591,2.7325301204819277,3.7387951807228914,3.7474698795180728,4.588915662650603,2.93,2.77,0.71,0.25,6,2007,69.91153846153846,466.0769230769231,60.59
2007-09-30,1032.6999999999998,9.329999999999998,0.018681350114416476,0.010016942439711324,249.19000000000005,34.39999999999999,76.15,8.4,0.0,998.3000000000002,1.0,77.63,384.41,726.4,1264.12,2283.48,4317.52,1092.74,433.26,247.21,1980.13,930.71,2910.83,482.58,1406.68,96.75,-35.329999999999984,-10.090000000000003,41.75,112.41157556270097,2.88,2.07,0.14,0.15,1.07,0.8646796338672768,2.038935926773455,2.6527517162471392,2.6794393592677337,3.6828947368421048,2.28,2.17,0.64,0.27,9,2007,5.002747252747255,499.4285714285714,69.92
2007-12-31,2019.62,482.7,1.0132315153269877,0.7927480521360583,330.98,695.28,732.3800000000001,7.2,0.0,1324.3400000000001,-7.91,51.4,553.79,712.01,1423.44,2368.49,4558.76,817.5,315.73,209.19,1864.1,855.42,2719.52,482.58,1502.78,-167.88,916.1800000000001,-774.55,37.10000000000001,1.7773825357364823,2.31,1.81,1.16,0.95,0.82,42.3460895371141,68.41059679345662,128.47076833990806,134.16582823640113,111.03619847272991,12.66,10.55,0.76,0.38,12,2007,377.6624384236453,476.39655172413796,552.62
2008-03-31,1351.61,130.46,0.27,0.0,337.1,218.58,261.15,5.15,0.0,1133.04,68.22,52.46,443.43,810.62,1463.69,2376.2,4577.62,375.0,337.48,222.81,1441.59,1157.34,2598.93,482.58,1624.1,136.64,-8.53,-126.96,42.57,4.7675,1.53,1.6,0.27,0.0,0.0,11.4,19.4,32.12,34.8,27.88,10.87,9.65,1.02,0.45,3,2008,0.0,483.18518518518516,130.46
2008-06-30,1392.1200000000001,100.06,0.20834981780322748,0.0,411.54999999999995,129.46,179.40000000000003,5.75,0.0,1262.6599999999999,133.02,49.45,429.85,877.61,1439.32,2399.99,4606.96,575.5,325.12,239.02,1427.72,1090.54,2518.26,482.58,1737.81,-37.91999999999999,-113.78,148.67,49.940000000000005,6.899934039576254,1.6,1.45,0.48,0.0,0.0,8.681242408467812,13.369113309040431,23.022654867256637,25.470765226444563,19.011920874544508,8.88,8.4,1.01,0.39,6,2008,0.0,480.25000000000006,230.52
2008-09-30,1262.1399999999999,37.28999999999999,0.07797468354430379,0.0,373.06000000000006,74.08999999999997,127.52000000000004,5.0,0.0,1188.04,66.24000000000001,24.92,401.5,1014.94,1579.63,2410.63,4754.37,730.05,330.15,255.77,1603.36,1025.13,2628.49,482.58,1776.63,-72.6,-54.5,102.60999999999999,53.42999999999999,16.033409090909092,1.36,1.48,0.56,0.0,0.0,3.1356962025316446,5.185316455696202,8.393417721518986,9.373670886075947,7.463291139240504,6.96,6.69,0.99,0.35,9,2008,0.0,478.23214285714283,267.81
2008-12-31,1359.29,-209.84,-0.4343764015870278,0.0,432.0,-151.32999999999998,-97.49000000000007,4.9,0.0,1510.62,31.819999999999993,28.49,523.8,1329.36,1996.24,2402.39,4879.28,1151.91,321.51,272.05,2009.14,958.09,2967.23,482.58,1563.34,-315.38,-50.94999999999999,369.87,53.84,-2.8199045701486845,1.51,1.9,0.12,0.0,0.0,-17.23026392961877,-83.11068483698466,-53.7178816629291,-54.731426599965495,-136.6837743660514,1.13,1.08,0.99,0.33,12,2008,0.0,483.0833333333333,57.97
2009-03-31,1070.95,87.78,0.18,0.27,329.07,131.36,183.73,4.5,0.0,939.59,70.91,40.17,392.92,1378.6,1922.13,2399.68,4849.85,1116.63,312.96,264.05,2070.51,898.08,2968.58,482.58,1533.57,137.89,-22.9,-103.3,52.37,6.25,1.42,1.94,0.18,0.27,1.5,7.240000000000001,11.160000000000002,22.88,22.24,18.92,8.69,8.2,0.93,0.26,3,2009,131.67000000000002,487.6666666666667,87.78
2009-06-30,1154.49,37.0,0.07709568841160443,-0.004356467382593384,286.79,48.45999999999998,102.22999999999999,4.36,0.0,1106.0299999999997,7.3700000000000045,349.19,414.47,1262.58,2135.66,2357.94,5022.15,1581.86,259.8,263.96,2300.68,832.15,3132.84,482.58,1549.8,83.92000000000002,-39.99,268.93,53.77,14.138922972972972,1.36,2.02,0.26,0.27,1.04,2.9414970347812153,4.424106427312069,9.548004487898702,9.002404231447347,7.840038467703158,5.88,5.61,0.93,0.38,6,2009,-2.09076923076924,479.9230769230769,124.78
2009-09-30,1131.9,56.59,0.11856536362132658,-0.00148981470093012,271.75,71.41,103.19,4.84,0.0,1060.4900000000002,-0.6800000000000068,44.75,357.73,1047.84,1547.08,2361.83,4501.85,1075.0,271.07,282.28,1798.02,747.82,2545.85,482.58,1615.41,305.51000000000005,-40.92999999999999,-572.87,31.779999999999987,10.207871532072804,1.45,1.58,0.38,0.27,0.71,5.02966753046259,6.776946573303192,14.015674036499973,13.341723548547169,11.594444505706566,5.7,5.4,0.86,0.28,9,2009,-0.7110728744939365,477.2894736842105,181.37
2009-12-31,1324.2699999999995,24.789999999999992,0.05170595653861077,0.00121212701427613,365.9599999999999,55.72999999999999,102.47000000000003,4.78,0.0,1268.5399999999995,40.92,84.49,556.72,1018.32,1754.27,2306.59,4670.42,810.0,257.53,225.41,1477.46,1202.22,2679.68,482.58,1641.44,4.989999999999895,-19.220000000000013,53.97000000000003,46.74000000000001,23.119193223073825,1.41,1.63,0.43,0.27,0.63,2.121146682188591,3.092737679472253,6.041179666278617,6.190285215366703,4.622272021730693,4.63,4.4,1.19,0.5,12,2009,0.5811444308445743,479.4418604651163,206.16
2010-03-31,1284.02,102.01,0.21,0.15,327.16,122.06,168.45,4.3,0.0,1161.97,13.49,65.43,503.94,1053.6,1713.87,2277.61,4660.48,715.25,271.26,270.64,1524.21,1129.73,2653.94,482.58,1655.37,107.28,-13.36,-112.17,46.39,5.12,1.25,1.6,0.21,0.15,0.71,8.76,10.28,24.64,25.6,15.559999999999999,8.77,7.94,1.12,0.43,3,2010,72.86428571428571,485.7619047619048,102.01
2010-06-30,1344.48,69.14999999999999,0.14140278102360362,0.001001986445431194,290.92,82.19999999999999,128.79000000000002,4.4,0.0,1262.2699999999998,-34.56,65.3,476.6,1074.02,1707.87,2249.47,4707.25,795.0,283.16,297.97,1569.23,1059.05,2628.28,482.58,1723.23,65.34,-23.29,-42.249999999999986,46.59,7.778312364425164,1.23,1.53,0.35,0.15,0.43,5.882355690581911,6.787333489132974,16.047195606450103,16.90369245150736,10.52036690815611,7.18,6.51,1.09,0.4,6,2010,0.4900000000000091,489.02857142857147,171.16
2010-09-30,1208.0700000000002,-5.109999999999985,-0.01046311352002406,-0.00019847722286749826,250.2199999999999,19.330000000000013,66.31,5.1,0.0,1188.7400000000002,-86.56,50.55,436.13,987.52,1544.1,2256.16,4569.82,825.82,191.52,303.44,1521.26,995.07,2516.33,482.58,1688.06,85.79000000000002,-55.559999999999995,-43.370000000000005,46.980000000000004,-121.8566536203526,1.46,1.49,0.34,0.15,0.44,-0.44683649503161565,-0.6068605841613953,-1.2112592592592557,-1.237109304426374,-0.902289671785604,4.77,4.33,1.02,0.37,9,2010,-0.09693277310925907,488.38235294117646,166.05
2010-12-31,1298.8200000000002,-19.100000000000023,-0.03899285471248729,0.00044432880331445474,313.60000000000014,12.120000000000005,58.849999999999966,4.22,0.0,1286.7000000000003,-45.05000000000001,44.75,499.58,813.64,1489.59,2505.0,4797.59,812.0,220.35,291.79,1642.55,1103.28,2745.83,482.58,1670.65,140.31,-227.60000000000002,81.85,46.72999999999999,-27.062650523560176,1.22,1.64,0.3,0.15,0.5,-1.5909084722694815,-2.589125552909156,-4.575161619598509,-4.611554950663496,-3.883688329363734,3.12,2.86,0.91,0.41,12,2010,0.21764705882353041,489.8333333333333,146.95
2011-03-31,1279.74,53.3,0.11,0.0,350.35,77.32,123.57,4.0,0.0,1202.42,28.65,62.4,483.39,1009.76,1674.76,2549.08,5061.5,920.0,354.22,291.63,1917.84,1074.26,2992.1,482.58,1684.77,57.79,-74.76,34.6,46.25,9.09,1.15,1.78,0.11,0.0,0.0,4.2,6.36,12.64,12.76,9.84,4.36,4.16,0.87,0.35,3,2011,0.0,484.5454545454545,53.3
2011-06-30,1415.6000000000001,53.8,0.11051353874883287,0.0,436.86,79.63,128.89000000000001,3.94,0.0,1335.96,39.300000000000004,48.02,521.98,1130.73,1806.05,2574.75,5250.29,1058.74,374.7,289.74,2100.31,993.48,3093.79,482.58,1768.24,13.54,-82.93999999999998,54.99999999999999,49.260000000000005,8.913387546468401,1.08,1.75,0.22,0.0,0.0,4.099047619047619,6.329411764705882,12.17658263305322,12.317236227824463,10.006498599439777,4.13,3.97,0.86,0.32,6,2011,0.0,486.8181818181818,107.1
2011-09-30,1299.9099999999999,43.30000000000001,0.08924867021276597,0.0,391.69000000000005,74.73000000000002,125.43999999999997,3.38,0.0,1225.19,-50.94,37.76,523.15,1203.83,1868.54,2585.94,5342.18,832.83,415.42,301.69,1922.73,1206.99,3129.72,482.58,1817.77,53.71000000000001,-63.10000000000002,-0.8599999999999994,50.709999999999994,9.465127020785218,0.9,1.72,0.31,0.0,0.0,3.247500000000001,5.377952127659576,9.523696808510639,9.880691489361704,7.807819148936172,4.0,3.76,0.97,0.35,9,2011,0.0,485.16129032258067,150.4
2011-12-31,1332.9799999999996,193.22,0.39923811186776087,0.0,371.3599999999999,231.90999999999997,282.82000000000005,3.76,0.0,1101.0700000000002,-27.130000000000003,41.15,440.38,1480.0,2121.12,2607.0,5739.4,1238.07,300.85,303.0,2198.86,1134.25,3333.11,482.58,2011.45,-267.43,-62.879999999999995,333.65999999999997,50.91,2.3563632129179175,0.9,1.66,0.71,0.0,0.0,13.472880507537395,19.793213433443924,38.41682789127525,41.970609394098126,29.442404982247833,7.12,6.45,0.96,0.29,12,2011,0.0,483.9718309859155,343.62
2012-03-31,1223.81,34.99,0.07,0.12,424.38,83.47,133.97,6.2,0.0,1140.34,38.2,42.92,621.93,1452.65,2130.83,2622.19,5786.2,1180.51,674.17,302.7,2308.11,1063.63,3371.74,482.58,2010.15,198.62,-67.64,-129.15,50.5,22.1425,1.49,1.68,0.07,0.12,1.71,2.4,6.16,6.96,7.56,9.6,2.99,2.86,0.92,0.29,3,2012,59.982857142857135,499.85714285714283,34.99
2012-06-30,1529.9,46.559999999999995,0.09705947271612508,-0.005040903915214158,477.94000000000005,95.83000000000001,148.91,6.05,0.0,1434.0800000000002,-23.760000000000005,44.1,753.0,1341.21,2158.96,2632.88,5812.66,1110.88,335.26,303.22,2325.03,1013.2,3338.23,482.58,2062.35,233.76999999999998,-53.31999999999999,-179.29999999999998,53.08,15.584001825601376,1.42,1.62,0.17,0.12,0.71,3.1972532188841196,7.399357449417536,9.020821581851624,9.728784794604536,11.738486817903125,3.17,2.96,0.93,0.35,6,2012,-2.418151260504203,479.7058823529411,81.55
2012-09-30,1554.92,41.43000000000001,0.08422101154659295,0.002979537562300919,424.68999999999994,79.96999999999997,139.20999999999998,5.85,0.0,1474.94,-10.78,49.09,887.78,1193.57,2187.6,2637.72,5867.46,1217.06,377.48,396.5,2509.52,831.73,3341.25,482.58,2103.41,46.639999999999986,-60.489999999999995,18.889999999999986,59.239999999999995,17.365025343953654,1.34,1.59,0.25,0.12,0.48,2.829825987965523,6.239092535371606,7.8830866807611,8.449051878354204,10.402979346235162,3.05,2.85,0.87,0.4,9,2012,1.4656941176470681,491.92,122.98
2012-12-31,1546.7200000000003,96.24999999999999,0.19756648268941293,-0.0011680883090817963,413.9100000000001,120.27000000000004,178.17000000000002,5.45,0.0,1426.4500000000003,-4.51,46.7,786.8,1365.15,2223.62,2637.14,5977.78,1356.9,393.26,393.34,2636.21,757.86,3394.07,482.58,2160.15,25.640000000000043,-91.38999999999999,63.34,57.900000000000006,6.89578,1.22,1.57,0.45,0.12,0.27,6.445057701956848,11.379829402910186,17.82488710486703,18.457099849473153,19.949824385348716,4.03,3.74,0.84,0.33,12,2012,-0.5690666666666715,487.17777777777775,219.23
2013-03-31,1510.0,141.01,0.29,0.0,370.35,188.83,246.71,14.3,0.0,1321.17,11.49,56.32,769.74,1368.25,2237.09,2626.09,6106.76,1460.83,305.79,393.34,2642.06,689.9,3331.95,482.58,2334.17,-2.35,-18.53,30.57,57.88,12.3275,2.96,1.43,0.29,0.0,0.0,9.24,12.72,24.16,25.96,21.8,10.64,9.34,0.85,0.33,3,2013,0.0,486.2413793103448,141.01
2013-06-30,1410.9499999999998,-31.72999999999999,-0.06678166178623716,0.0,330.93999999999994,-13.219999999999999,42.01000000000002,10.0,0.0,1424.17,-50.02,57.56,602.97,1310.88,1992.4,2608.74,5920.02,1266.37,380.93,393.01,2536.5,617.79,3154.3,482.58,2318.94,316.70000000000005,-47.55,-268.02,55.23,-37.43692404664356,2.08,1.36,0.23,0.0,0.0,-2.14862737920937,-3.472646412884333,-5.470289165446557,-5.795486822840408,-6.027770863836016,4.06,3.74,0.79,0.27,6,2013,0.0,475.1304347826087,109.28
2013-09-30,1602.8200000000006,26.370000000000005,0.054431256911168464,0.0,397.6300000000001,51.78999999999999,113.21999999999997,7.7,0.0,1551.0199999999995,-121.88,40.07,667.27,1246.21,1987.63,2617.04,5958.14,1385.4,906.54,492.08,2815.92,349.45,3165.37,482.58,2347.35,60.90999999999997,-23.799999999999997,-54.629999999999995,61.42999999999999,35.3657091391733,1.58,1.35,0.28,0.0,0.0,1.772903796535201,2.993719130114265,4.494466642093624,4.743295245116108,5.6297471433837085,3.3,3.0,0.71,0.26,9,2013,0.0,484.46428571428567,135.65
2013-12-31,1572.54,-21.24000000000001,-0.04455554584389478,0.0,458.9499999999998,14.530000000000001,76.53000000000003,7.1,0.0,1558.0200000000004,-75.97,36.91,759.65,1340.46,2158.23,2634.51,6158.73,1734.75,814.29,490.09,3071.07,279.69,3350.76,482.58,2347.35,-223.07999999999998,-56.05000000000001,275.95,62.0,-39.83342514124292,1.46,1.43,0.24,0.0,0.0,-1.3812219211607384,-2.962943798619003,-3.616425137662793,-3.772369548116425,-5.821924656935586,2.05,1.88,0.7,0.27,12,2013,0.0,476.7083333333333,114.41
2014-03-31,1525.17,58.87,0.12,0.0,417.62,106.0,165.68,7.75,0.0,1419.18,-56.23,41.61,656.65,1395.23,2127.61,2675.28,6141.63,1871.78,744.2,487.43,3144.45,220.28,3364.72,482.58,2308.93,48.28,-97.04,53.47,59.68,16.145,1.62,1.46,0.12,0.0,0.0,3.84,6.92,10.2,10.16,14.16,4.34,3.86,0.68,0.23,3,2014,0.0,490.5833333333333,58.87
2014-06-30,1600.04,-43.03,-0.08149621212121212,0.0,415.53999999999996,-7.810000000000002,55.859999999999985,8.05,0.0,1607.84,-111.74000000000001,50.83,581.06,1405.59,2068.94,2714.04,6116.4,1909.39,832.03,449.6,3208.72,169.19,3377.91,482.58,2267.66,70.9,-25.83999999999999,-35.879999999999995,63.669999999999995,-24.69409249360911,1.71,1.49,0.03,0.0,0.0,-2.8252020202020205,-17.711843434343436,-7.606313131313131,-7.497651515151515,-36.72762626262626,0.56,0.51,0.64,0.21,6,2014,0.0,528.0,15.84
2014-09-30,1659.9899999999998,75.88,0.15718709114696905,0.0,478.22000000000014,105.22,167.87000000000003,7.45,0.0,1554.77,-60.53999999999999,50.15,644.01,1038.55,1761.33,2697.02,5890.6,1480.76,717.66,213.74,2430.95,634.98,3065.93,482.58,2344.08,305.42,-105.98000000000002,-200.05,62.650000000000006,11.848778334211914,1.53,1.31,0.19,0.0,0.0,5.162354993458351,11.350562581770607,12.938979502834716,12.938979502834716,19.458107283035325,2.12,1.92,0.72,0.3,9,2014,0.0,482.7368421052631,91.72
2014-12-31,1346.04,-14.030000000000001,-0.028894323593770116,0.0,371.06999999999994,-135.04,-70.05000000000001,6.4,0.0,1481.0900000000001,-97.29000000000002,41.66,485.73,935.94,1480.24,2418.61,5521.46,1467.11,494.38,182.35,2169.95,596.54,2766.49,482.58,2330.09,72.42999999999995,4.1200000000000045,-85.08000000000001,64.99000000000001,-55.37419814682822,1.33,1.19,0.16,0.0,0.0,-1.0185249066803965,-0.8451589651177758,-2.4054524391813623,-2.3982288582829194,-1.473610503282276,1.41,1.27,0.68,0.25,12,2014,0.0,485.5625,77.69
2015-03-31,1570.93,318.9,0.66,0.0,387.14,352.16,411.52,7.3,0.0,1218.78,-13.97,54.32,532.22,966.44,1573.68,2376.33,5827.26,1436.92,573.98,151.94,2193.3,559.66,2752.96,482.58,2639.47,103.78,10.24,-101.33,59.36,2.765,1.33,1.04,0.66,0.0,0.0,21.88,23.52,48.32,51.56,38.76,26.47,20.3,0.72,0.28,3,2015,0.0,483.18181818181813,318.9
2015-06-30,1977.28,362.37,0.7499841472543926,0.0,462.35,407.29,465.6700000000001,14.2,0.0,1569.9800000000002,-41.65,74.14,530.11,898.07,1531.88,2302.08,6010.86,1190.0,678.89,156.16,2048.47,516.86,2565.32,482.58,2999.96,184.11999999999998,121.61,-285.97,58.379999999999995,4.733000041394155,2.28,0.86,1.41,0.0,0.0,24.105873442247567,26.63773481879431,48.31812761460215,55.04138975736493,40.78637192302612,24.93,19.2,0.75,0.31,6,2015,0.0,483.17021276595744,681.27
2015-09-30,1544.7699999999995,314.28999999999996,0.6503248422998111,0.0,427.03,342.96000000000004,400.53,14.9,0.0,1201.81,-20.910000000000004,74.46,454.87,768.62,1332.37,2290.1,6054.22,930.0,593.47,91.81,1644.82,586.85,2231.67,482.58,3368.93,186.59000000000003,70.49000000000001,-256.71999999999997,57.57000000000001,5.72552324286487,2.13,0.66,2.06,0.0,0.0,20.759884286230864,23.31067298806702,37.31475551448431,44.00741894009402,31.569167101932578,25.44,19.55,0.81,0.34,9,2015,0.0,483.28155339805824,995.56
2015-12-31,1713.6000000000004,192.91000000000008,0.3993021279460148,0.0,425.47,147.3499999999999,204.41000000000008,17.5,0.0,1566.2499999999995,-141.04,76.36,874.65,808.68,1784.38,2284.17,6714.94,1320.29,720.54,94.51,2157.89,576.27,2734.16,482.58,3565.42,-414.87,47.150000000000006,369.59999999999997,57.06,10.950730522005077,2.37,0.77,2.46,0.0,0.0,11.492110023812131,13.264621908840782,21.640227519415728,26.178637071192384,17.80303146061744,22.26,17.46,0.83,0.45,12,2015,0.0,483.1178861788618,1188.47
2016-03-31,1691.85,347.93,0.72,0.0,360.88,370.33,434.27,13.3,0.0,1321.52,74.57,60.65,778.1,865.06,1770.5,2276.78,6908.34,1097.15,812.28,150.89,2146.9,486.43,2633.34,482.58,3852.43,306.96,-63.3,-259.36,63.94,4.6175,1.67,0.68,0.72,0.0,0.0,20.16,23.28,36.12,42.88,31.12,24.92,20.57,0.82,0.42,3,2016,0.0,483.23611111111114,347.93
2016-06-30,1578.67,253.22999999999996,0.5265445139397165,0.25,400.01,266.15000000000003,327.33000000000004,12.9,0.0,1312.52,76.87,103.41,481.3,802.39,1458.95,2258.24,6576.07,231.15,809.37,156.88,1261.33,927.19,2188.52,482.58,3965.5,474.42,110.05,-541.72,61.18000000000001,6.124838289302216,1.57,0.55,1.25,0.25,0.2,15.400373943708829,17.03476811497771,25.543727460243527,29.082106593918425,20.18561048639297,21.58,18.38,1.16,0.52,6,2016,120.232,480.928,601.16
2016-09-30,1277.4900000000002,45.05000000000007,0.0934170006654185,0.2306834001330837,307.7500000000001,58.52999999999997,119.41999999999996,13.5,0.0,1218.9700000000003,-42.89,205.24,449.32,720.91,1488.93,2235.3,6532.64,267.47,865.69,164.51,1338.71,886.57,2225.28,482.58,3882.78,134.12,77.39,-109.67999999999995,60.889999999999986,36.111735294117594,1.68,0.57,1.34,0.48,0.36,2.7578929450178777,3.078578171182747,4.640175794246459,4.969226721963456,3.7311028922486553,16.31,14.21,1.11,0.57,9,2016,111.24620895522389,482.24626865671644,646.21
2016-12-31,1559.71,167.42999999999995,0.34776645690968966,-0.0008000751368275515,387.8399999999999,126.37,198.57999999999993,13.8,0.42,1433.3199999999997,65.22000000000001,58.98,689.86,882.25,1698.51,2023.19,6808.82,417.0,859.13,172.13,1507.69,858.7,2366.39,482.58,4074.33,-213.32000000000005,-47.05,114.12,72.21000000000004,9.925698500866037,1.63,0.58,1.69,0.48,0.28,9.836234698392406,10.000857873260898,16.43762401061894,17.532368123494415,12.750064893564717,15.43,13.32,1.13,0.54,12,2016,-0.38519120374459703,481.4437869822485,813.64
2017-03-31,1579.52,386.38,0.8,0.0,414.31,418.64,480.8,16.0,0.0,1160.89,106.52,70.88,502.96,1103.0,1761.19,1994.96,7079.19,828.07,854.78,487.22,2246.95,502.48,2749.43,482.58,4329.76,133.85,-39.98,-81.96,62.16,5.0,1.78,0.64,0.8,0.0,0.0,21.84,23.96,35.68,37.76,34.64,30.49,24.46,0.78,0.29,3,2017,0.0,482.97499999999997,386.38
2017-06-30,1393.6399999999999,181.46000000000004,0.3770829811214427,0.16,374.05,215.99,280.73999999999995,15.8,0.0,1177.64,106.96,129.54,497.11,1181.19,1905.54,1974.01,7059.73,1137.56,834.22,122.0,2152.36,466.63,2618.99,482.58,4440.74,61.49000000000001,167.79999999999998,-170.64,64.75,10.4752805025901,1.72,0.59,1.18,0.16,0.14,10.277109044801353,11.900483234714006,16.348784164553397,17.269122287968443,16.52773879966188,22.25,19.1,0.89,0.34,6,2017,76.99525423728815,481.2203389830509,567.84
2017-09-30,1351.0900000000001,105.31999999999994,0.21747400320874669,0.2510134241638978,337.94999999999993,124.23000000000002,188.0,18.0,0.0,1226.8599999999997,3.710000000000008,1072.26,529.82,879.57,2571.27,1961.06,7667.3,1981.44,654.72,137.25,2823.46,430.49,3253.95,482.58,4413.35,184.16,58.25,700.3,63.77000000000001,20.69270319027726,1.97,0.74,1.39,0.41,0.29,5.494738843662722,6.690063580723746,9.543823162398235,10.157131142670385,9.806669439657728,17.8,15.57,0.91,0.6,9,2017,121.56273137422264,484.28776978417267,673.16
