,revenue,net_profit,eps,dps,gross_profit,ebit,ebitda,close_price,expense,operating_profit,cash,account_receivable,inventory,current_asset,property_plant_equipment,total_asset,short_term_loan,account_payable,current_portion_long_term_debt,current_liability,non_current_liability,total_liability,paid_in_capital,total_equity,cash_flow_operation,cash_flow_investment,cash_flow_financing,depreciation,P/E,P/BV,D/E,EPS,DPS,DPR%,ROA%,ROAA%,ROE%,ROAE%,ROCE%,NPM%,NPMA%,TIE,CurrentRatio,QuickRatio,month,year,dividend,number_of_shares,return_old
2012-06-30,,,,,,,,,,,69.79,96.6,227.06,397.95,294.92,710.28,85.0,238.2,18.73,364.29,54.27,418.56,200.0,291.72,,,,,,0.0,1.43,0.3,0.0,0.0,,,,,,13.54,13.52,0.0,1.09,0.47,6,2012,,196.9666666666667,59.09
2012-09-30,288.23999999999995,50.72999999999999,0.25406574394463666,0.0,95.6,68.08,77.2,,220.16000000000003,84.60000000000001,55.23,95.33,228.84,383.89,296.5,697.44,30.0,227.22,18.2,303.96,51.03,354.98,200.0,342.45,54.46000000000001,-8.49,-60.03999999999999,9.120000000000001,0.0,0.0,1.04,0.55,0.0,0.0,29.102076124567468,0.0,59.25737024221453,0.0,71.43404844290656,15.16,15.14,0.0,1.26,0.51,9,2012,0.0,199.67272727272726,109.82
2012-12-31,280.6600000000001,25.710000000000008,0.11761381244005022,0.09,67.06,30.810000000000002,40.73999999999998,7.5,249.8499999999999,12.799999999999983,184.45,89.76,199.61,623.82,325.74,966.26,0.0,207.78,16.59,256.53,27.58,284.11,290.0,682.15,52.25999999999999,-182.0,258.58,9.929999999999996,15.946256320497856,3.19,0.42,0.62,0.09,0.15,10.645947022799382,0.0,15.077331956024503,0.0,19.554244816645767,13.51,13.47,0.0,2.43,1.65,12,2012,19.673709677419353,218.59677419354838,135.53
2013-03-31,170.53,16.13,0.06,0.0,47.11,20.39,30.83,7.35,150.14,17.75,274.86,72.48,244.14,591.48,351.3,983.44,8.0,190.7,17.24,250.83,28.26,279.09,290.0,704.36,-14.4,101.66,3.64,10.44,30.625,3.03,0.4,0.06,0.0,0.0,6.56,0.0,9.16,0.0,11.12,9.61,9.46,0.0,2.36,1.38,3,2013,0.0,268.8333333333333,16.13
2013-06-30,267.99,8.66,0.03144009681323114,0.12,42.14,11.27,21.810000000000002,5.95,256.72,9.36,264.75,104.42,210.72,579.89,382.54,1050.3,135.57,150.09,14.2,342.27,29.82,372.09,290.0,678.21,-22.160000000000004,-77.47,88.7,10.540000000000001,47.31140011547344,2.54,0.55,0.09,0.12,1.33,3.297716821298911,5.030415490116983,5.114255748285599,7.140395320693829,6.24609923356192,5.71,5.65,0.0,1.69,1.08,6,2013,33.053333333333335,275.44444444444446,24.79
2013-09-30,176.33000000000004,-5.82,-0.018408012651555086,0.015455983131259872,26.409999999999997,-5.98,5.079999999999998,4.58,182.29999999999995,-5.719999999999999,285.4,83.18,250.92,619.51,581.3,1237.4,181.79,158.38,35.3,407.73,156.86,564.59,290.0,672.4,-14.839999999999996,-155.47,191.29999999999998,11.059999999999999,-62.19845790378007,1.98,0.84,0.06,0.12,2.0,-1.8776172904586192,-3.252082235108066,-3.4607063784923566,-4.589731154454403,-3.8043226146547187,3.11,3.09,0.0,1.52,0.9,9,2013,4.886666666666663,316.1666666666667,18.97
2013-12-31,176.18999999999994,-11.809999999999999,-0.032988826815642455,0.014022346368715093,33.74000000000001,-11.43,0.030000000000001137,3.9,187.62,-12.850000000000001,288.08,80.91,239.83,608.82,588.53,1235.31,215.0,136.77,32.41,416.45,156.87,573.33,290.0,661.07,-10.670000000000002,-16.460000000000008,29.930000000000007,11.46,-29.555461473327693,1.71,0.87,0.02,0.12,6.0,-3.8267039106145244,-8.511117318435753,-7.12558659217877,-7.059608938547485,-11.480111731843573,0.91,0.91,0.0,1.46,0.89,12,2013,5.020000000000003,358.0,7.16
2014-03-31,157.22,-22.39,-0.08,0.0,15.54,-20.4,-9.06,3.7,177.62,-22.05,249.17,79.2,219.76,548.13,577.51,1181.2,193.85,128.76,156.03,510.91,31.06,541.96,290.0,638.62,5.9,-16.41,-28.26,11.34,-11.562500000000002,1.68,0.85,-0.08,0.0,0.0,-7.6000000000000005,-7.519999999999999,-14.04,-13.319999999999999,-12.16,-14.39,-14.24,-6.85,1.07,0.64,3,2014,0.0,279.875,-22.39
2014-06-30,121.55999999999997,-23.549999999999997,-0.08202002612102742,0.04,18.28,-22.590000000000003,-10.790000000000001,3.62,144.14999999999998,-25.849999999999998,244.02,61.45,273.3,578.77,609.25,1238.85,237.7,177.84,155.58,603.39,31.19,634.58,290.0,603.47,1.9099999999999993,-35.47,28.37,11.8,-11.03632908704883,1.74,1.05,-0.16,0.04,-0.25,-7.607357422725293,-7.709882455376577,-15.604309969525467,-14.702089682194165,-13.88188942098389,-16.77,-16.48,-8.01,0.96,0.51,6,2014,11.485,287.125,-45.94
2014-09-30,133.89000000000004,-19.129999999999995,-0.0646780390348855,0.0011695097587213765,23.86,-16.33,-4.419999999999998,3.76,150.22000000000003,-16.160000000000004,205.7,63.2,298.9,567.81,648.9,1262.7,250.0,216.78,28.8,525.71,151.91,677.61,290.0,584.34,2.320000000000001,-42.419999999999995,1.8099999999999998,11.909999999999997,-14.532753528489287,1.87,1.16,-0.22,0.04,-0.18,-6.056216382357461,-5.58583064392193,-13.100242815429535,-12.18299062548025,-9.46651298601506,-15.95,-15.77,-7.4,1.08,0.51,9,2014,0.3459090909090907,295.77272727272725,-65.07
2014-12-31,247.83999999999997,15.259999999999991,0.052081911262798604,-0.00037852932050883796,41.669999999999995,10.490000000000002,22.25,3.44,237.35000000000002,3.510000000000005,127.16,88.75,239.44,458.89,707.24,1219.26,260.0,147.47,34.02,474.62,142.25,616.86,290.0,602.11,-11.91,-72.76,5.98,11.760000000000005,16.516290956749682,1.66,1.02,-0.17,0.04,-0.24,5.012118048584618,4.87731780766914,10.13452720337281,9.66885364384661,8.038996185504914,-7.68,-7.54,-4.5,0.97,0.46,12,2014,-0.11090909090908951,293.0,-49.81
2015-03-31,142.54,-40.6,-0.14,0.0,1.13,-38.34,-26.87,3.06,180.88,-39.99,47.89,66.66,215.49,334.82,736.89,1126.81,235.0,137.59,135.2,536.01,29.15,565.16,290.0,561.54,4.4,-40.95,-42.72,11.47,-5.465,1.58,1.01,-0.14,0.0,0.0,-14.4,-13.28,-28.92,-27.080000000000002,-25.96,-28.82,-28.48,-9.11,0.62,0.22,3,2015,0.0,290.0,-40.6
2015-06-30,160.04,-23.859999999999992,-0.0814334470989761,0.0,11.620000000000001,-20.379999999999995,-8.720000000000002,2.32,180.43,-23.239999999999995,26.0,92.94,198.38,322.66,795.55,1176.32,319.55,129.98,129.12,608.04,30.62,638.67,290.0,537.65,-21.93,-72.07,72.11,11.659999999999998,-7.125450544844931,1.25,1.19,-0.22,0.0,0.0,-8.113732547316165,-7.195755507291342,-17.75249146757679,-16.730871858516906,-15.294681973316782,-21.63,-21.3,-6.44,0.53,0.2,6,2015,0.0,292.99999999999994,-64.46
2015-09-30,135.3,-21.710000000000008,-0.0755831495880237,0.0,3.370000000000001,-21.290000000000006,-10.0,2.4,156.57999999999998,-22.500000000000007,38.16,78.44,190.46,311.66,793.68,1168.57,360.67,105.11,123.03,621.13,31.5,652.63,290.0,515.94,-8.799999999999997,-7.340000000000003,28.409999999999997,11.290000000000003,-7.938277291570702,1.35,1.26,-0.3,0.0,0.0,-7.427304166183129,-6.631161657189279,-16.829847974933276,-15.781761633979349,-14.733675293025419,-19.94,-19.68,-5.37,0.5,0.2,9,2015,0.0,287.23333333333335,-86.17
2015-12-31,132.79999999999995,20.58,0.06902881536819637,0.0,24.679999999999996,20.210000000000008,30.260000000000005,1.86,112.60000000000002,-11.629999999999995,37.04,59.66,178.91,277.43,751.37,1118.34,169.36,91.46,32.87,317.22,113.8,431.01,362.5,687.33,13.689999999999998,37.31999999999999,-51.739999999999995,10.049999999999997,6.732695578231293,0.98,0.63,-0.22,0.0,0.0,7.354706510138739,6.425955176093916,11.973361792956242,12.764055496264673,9.362817502668088,-12.3,-11.49,-3.11,0.87,0.31,12,2015,0.0,298.1363636363636,-65.59
2016-03-31,71.97,-38.33,-0.11,0.0,-8.01,-35.78,-26.6,2.3,107.75,-36.07,36.86,52.35,192.12,283.25,746.42,1123.15,218.65,98.35,110.63,449.91,24.2,474.12,362.5,649.03,-23.26,-9.53,32.79,9.18,-5.2275,1.28,0.73,-0.11,0.0,0.0,-13.64,-12.72,-23.64,-25.32,-21.24,-53.47,-53.26,-9.64,0.63,0.2,3,2016,0.0,348.45454545454544,-38.33
2016-06-30,154.56,-17.47,-0.046962365591397846,0.0,11.129999999999999,-12.259999999999998,-3.479999999999997,3.6,166.82,-12.450000000000003,20.46,64.21,165.16,251.14,739.93,1087.68,208.86,95.33,104.25,429.55,24.24,453.79,362.53,633.9,8.580000000000002,-7.049999999999999,-18.009999999999998,8.780000000000001,-19.16428162564396,2.06,0.72,-0.15,0.0,0.0,-6.424451612903225,-5.309878136200718,-11.020501792114695,-11.934702508960573,-9.142007168458782,-24.69,-24.63,-6.42,0.58,0.2,6,2016,0.0,372.0,-55.8
2016-09-30,80.07000000000002,-23.090000000000003,-0.06439092407149197,0.0,-2.34,-20.32,-11.950000000000003,1.88,100.38999999999999,-20.54,20.18,41.34,152.42,215.66,754.12,1067.2,238.49,76.17,97.68,431.16,25.23,456.39,364.08,610.81,2.5600000000000005,-22.14,19.29,8.369999999999997,-7.303047856214812,1.12,0.75,-0.22,0.0,0.0,-8.651798707060465,-7.164953733046015,-15.126013436430474,-16.390417036379773,-12.58549879579161,-25.79,-25.73,-6.16,0.5,0.15,9,2016,0.0,358.59090909090907,-78.89
2016-12-31,89.73999999999995,-157.8,-0.4333516413874689,0.0,0.8899999999999999,-119.60000000000001,-110.08000000000001,1.94,209.33999999999997,-30.950000000000003,17.29,34.15,143.92,196.86,681.4,927.57,248.52,80.68,31.15,383.19,92.25,475.43,364.08,452.14,16.439999999999998,-24.96,5.619999999999997,9.520000000000003,-1.1174527883396703,1.56,1.05,-0.65,0.0,0.0,-68.05620854281973,-48.98873632177109,-139.60589801005537,-110.77801343529512,-92.08389032067262,-59.89,-59.72,-12.67,0.51,0.14,12,2016,0.0,364.1384615384615,-236.69
2017-03-31,88.34,3.61,0.01,0.0,4.8,7.72,15.57,1.66,80.62,-17.8,16.03,35.61,175.23,228.41,680.32,957.75,238.36,118.69,24.71,415.32,86.68,502.0,364.08,455.75,-27.21,29.28,-3.33,7.85,41.5,1.33,1.1,0.01,0.0,0.0,1.52,2.96,3.16,2.6,5.68,5.75,4.09,0.0,0.55,0.13,3,2017,0.0,361.0,3.61
2017-06-30,111.75,-11.26,-0.029437908496732026,0.0,14.689999999999998,-6.609999999999999,0.9299999999999997,1.61,118.35999999999999,-8.309999999999999,4.35,49.9,162.15,216.48,673.02,939.0,255.2,85.22,10.46,394.48,100.0,494.49,364.08,444.51,-39.720000000000006,1.3099999999999987,26.75,7.540000000000001,-13.672846358792185,1.32,1.11,-0.02,0.0,0.0,-4.768941176470588,0.6476339869281045,-10.126640522875816,-8.360366013071895,1.1775163398692812,-4.43,-3.82,0.0,0.55,0.14,6,2017,0.0,382.5,-7.65
2017-09-30,80.15,-17.21,-0.048459372485921165,0.0,6.770000000000003,-12.209999999999999,-5.0,1.6,92.35999999999999,-13.410000000000004,16.8,35.95,166.8,221.28,666.04,933.45,243.42,111.76,13.85,408.72,97.43,506.15,364.1,427.3,23.85000000000001,0.46999999999999886,-11.71,7.210000000000001,-8.25536897152818,1.36,1.18,-0.07,0.0,0.0,-7.365824617860017,-3.0737087691069997,-16.11620273531778,-13.26402252614642,-5.87050683829445,-9.87,-8.87,0.0,0.54,0.13,9,2017,0.0,355.1428571428571,-24.86
