,revenue,net_profit,eps,dps,gross_profit,ebit,ebitda,close_price,expense,operating_profit,cash,account_receivable,inventory,current_asset,property_plant_equipment,total_asset,short_term_loan,account_payable,current_portion_long_term_debt,current_liability,non_current_liability,total_liability,paid_in_capital,total_equity,cash_flow_operation,cash_flow_investment,cash_flow_financing,depreciation,P/E,P/BV,D/E,EPS,DPS,DPR%,ROA%,ROAA%,ROE%,ROAE%,ROCE%,NPM%,NPMA%,TIE,CurrentRatio,QuickRatio,month,year,dividend,number_of_shares,return_old
2000-03-31,164.05,18.05,1.2,0.0,29.67,26.83,47.71,8.2,137.22,11.71,31.16,92.68,77.99,214.0,755.73,1027.33,114.26,118.97,47.33,295.93,155.64,451.58,150.0,547.68,-6.8,2.63,6.96,20.88,1.7075,0.22,0.82,1.2,0.0,0.0,7.039999999999999,0.0,13.2,0.0,14.68,12.13,11.0,0.0,0.72,0.46,3,2000,0.0,15.041666666666668,18.05
2000-06-30,162.2,7.379999999999999,0.4904522217852929,0.0,20.92,15.450000000000003,33.93,8.0,146.73999999999998,2.42,25.22,103.83,82.65,254.23,751.29,1063.92,148.84,113.14,52.21,327.15,151.39,478.54,150.0,554.83,-31.13,-7.84,34.38,18.48,4.074657859078592,0.22,0.86,1.69,0.0,0.0,2.774392449862367,0.0,5.316618167518678,0.0,6.663185214313802,8.55,7.79,0.0,0.78,0.52,6,2000,0.0,15.04733727810651,25.43
2000-09-30,172.07999999999998,6.649999999999999,0.4436097256857855,0.0,21.560000000000002,-11.120000000000001,8.819999999999993,8.1,183.21000000000004,6.639999999999999,42.34,110.27,80.06,265.57,378.24,1057.66,124.03,117.08,49.29,300.39,132.7,433.09,150.0,600.04,49.69,-15.84,-16.740000000000002,19.939999999999998,4.5707969924812035,0.2,0.72,2.14,0.0,0.0,2.512406483790523,0.0,4.436097256857854,0.0,3.407917705735661,7.02,6.44,0.0,0.88,0.62,9,2000,0.0,14.990654205607475,32.08
2000-12-31,205.20999999999998,1.6400000000000006,0.10943060498220644,0.0,32.879999999999995,1.7799999999999976,21.470000000000013,8.1,203.44,4.129999999999999,39.15,128.07,59.36,257.18,367.68,997.7,71.25,106.43,36.12,229.16,141.51,370.67,150.0,601.67,55.53000000000001,-31.609999999999996,-27.11,19.689999999999998,18.50487804878048,0.2,0.62,2.25,0.0,0.0,0.6575563463819694,0.0,1.0894424673784107,0.0,0.8345907473309612,5.2,4.79,0.0,1.12,0.86,12,2000,0.0,14.986666666666666,33.72
2001-03-31,192.98,15.81,1.05,0.0,35.23,25.79,45.02,8.4,167.2,13.59,33.43,122.42,58.62,249.52,350.99,975.6,58.48,81.44,43.08,202.49,126.12,328.62,150.0,617.48,18.08,-2.4,-21.39,19.23,2.0,0.2,0.53,1.05,0.0,0.0,6.48,10.32,10.24,10.84,13.36,8.75,8.19,0.0,1.23,0.94,3,2001,0.0,15.057142857142857,15.81
2001-06-30,188.34,10.819999999999999,0.7191663537363875,0.0,44.65,18.79,39.12,15.0,169.55,27.77,17.51,108.21,65.05,224.67,370.35,958.49,72.87,68.56,27.5,186.25,110.3,296.55,150.0,628.3,28.700000000000003,-26.09,-16.799999999999997,20.330000000000002,5.211554990757857,0.36,0.47,1.77,0.0,0.0,4.5181524596319935,7.167285016898235,6.890995118287645,7.313556139692077,9.37760420578295,7.05,6.98,0.0,1.21,0.86,6,2001,0.0,15.045197740112993,26.63
2001-09-30,201.45,16.2,1.0817651179080083,0.0,40.31,27.340000000000003,46.97000000000001,10.75,174.08999999999997,26.599999999999994,36.53,132.51,73.11,274.22,363.83,995.9,91.77,71.24,27.5,211.89,103.51,315.39,150.0,644.5,14.170000000000002,-7.650000000000002,12.089999999999996,19.629999999999995,2.4851975308641974,0.25,0.49,2.86,0.0,0.0,6.5057202895166935,10.59070744805043,10.061172075647912,10.409152463226711,13.873826756946066,7.4,7.35,0.0,1.29,0.95,9,2001,0.0,14.975524475524475,42.83
2001-12-31,216.31000000000006,12.270000000000003,0.8172577132486389,0.0,41.31,16.519999999999996,35.609999999999985,12.1,199.8,15.300000000000011,52.91,140.91,82.62,308.94,358.24,997.8,58.14,73.92,27.5,183.78,96.57,280.35,150.0,680.85,46.75999999999999,10.600000000000001,-40.559999999999995,19.090000000000003,3.704767726161368,0.27,0.41,3.67,0.0,0.0,4.916907441016335,7.891992740471871,7.2061197822141585,7.651491833030855,9.673480943738658,6.94,6.9,0.0,1.68,1.23,12,2001,0.0,15.013623978201636,55.1
2002-03-31,209.16,20.68,1.38,0.0,46.73,33.99,52.75,21.6,175.16,32.7,47.71,131.09,82.18,293.15,347.64,979.44,60.86,51.8,27.5,172.9,64.71,237.62,150.0,701.53,36.43,-12.48,-29.15,18.76,3.9125,0.46,0.34,1.38,0.0,0.0,8.44,13.92,11.8,12.56,16.84,9.95,9.89,0.0,1.7,1.22,3,2002,0.0,14.985507246376812,20.68
2002-06-30,191.00000000000003,21.72,1.4497075471698113,1.0,47.9,33.57999999999999,51.36,22.0,157.42999999999998,32.25,55.98,124.94,77.26,298.27,341.3,973.15,26.23,41.96,16.0,130.88,94.61,225.49,150.0,708.25,52.35,-12.940000000000001,-31.130000000000003,17.779999999999998,3.791988950276243,0.47,0.32,2.83,1.0,0.35,8.93388679245283,14.343396226415095,12.273849056603774,12.991018867924527,16.43343396226415,10.67,10.6,0.0,2.28,1.69,6,2002,14.982332155477032,14.982332155477032,42.4
2002-09-30,213.58999999999997,47.51,3.1705038371705037,0.00017803433586705073,49.81999999999999,38.71000000000001,55.35000000000001,21.9,174.88000000000005,35.09,41.82,135.0,115.07,349.13,330.71,1001.18,25.08,57.46,16.0,124.92,82.36,207.28,150.0,750.28,18.549999999999997,-19.6,-13.11,16.64,1.7268548726583877,0.44,0.28,6.0,1.0,0.17,18.980749638527417,22.489440551662774,25.321757312868424,27.245196307418535,25.638807696585474,14.8,14.65,0.0,2.79,1.87,9,2002,0.002667844522967755,14.985,89.91
2002-12-31,249.45000000000005,8.210000000000008,0.5472217692621285,0.0012036282103546996,50.160000000000025,23.25999999999999,49.79999999999998,29.0,226.18999999999994,21.19999999999999,32.15,168.01,114.93,370.47,326.41,1002.48,5.24,71.03,16.0,133.61,64.22,197.83,150.0,757.3,33.489999999999995,-5.18,-37.989999999999995,26.54,13.23604141291107,0.57,0.26,6.54,1.0,0.15,3.276636771300451,4.3342641663269506,4.337611088463111,4.568548715858137,4.9902609050142726,11.48,11.37,0.0,2.77,1.91,12,2002,0.018058103975535644,15.003058103975535,98.12
2003-03-31,297.17,44.07,2.95,0.0,68.15,65.34,80.08,28.0,231.84,49.86,73.27,181.8,62.83,403.61,324.85,1028.11,21.68,43.87,16.0,142.05,56.06,198.11,150.0,787.38,84.36,-51.67,8.43,14.74,2.3725,0.53,0.25,2.95,0.0,0.0,17.16,26.04,22.4,23.68,29.479999999999997,15.64,14.83,0.0,2.84,2.4,3,2003,0.0,14.938983050847456,44.07
2003-06-30,233.29000000000002,25.499999999999993,1.7043984476067269,1.5,57.67999999999999,41.53,56.55999999999999,42.0,191.73999999999998,37.370000000000005,52.36,162.54,92.6,396.16,324.01,1013.8,8.76,50.47,16.0,125.72,52.2,177.92,150.0,791.26,26.980000000000004,-8.619999999999997,-39.269999999999996,15.03,6.158991176470589,0.8,0.22,4.65,1.5,0.32,10.05778352738249,15.775765416127637,12.887451487710216,13.605864596808967,17.637774902975416,13.62,13.12,0.0,3.15,2.41,6,2003,22.441935483870964,14.961290322580643,69.57
2003-09-30,260.12,25.560000000000002,1.7088363292336806,0.9996246223334451,57.000000000000014,41.51999999999998,56.25,51.5,218.59999999999997,37.17999999999999,59.34,165.51,104.66,433.99,320.12,1041.44,9.91,59.32,16.0,143.96,47.58,191.54,150.0,801.77,16.58,-6.68,-2.919999999999998,14.73,7.536707746478871,0.96,0.24,6.36,2.5,0.39,9.812374645222329,15.615969725638601,12.746414380321667,13.176310312204352,17.765449385052037,12.41,12.03,0.0,3.01,2.29,9,2003,14.95193244065733,14.957547169811319,95.13
2003-12-31,295.53999999999985,24.63000000000001,1.647347194388778,-0.0010427695012661766,58.67999999999998,38.410000000000025,54.910000000000025,55.0,257.13,34.599999999999994,70.63,173.49,122.51,451.94,337.22,1070.12,1.5,74.34,16.0,150.55,43.01,193.55,150.0,825.2,39.89,-4.310000000000002,-24.29,16.5,8.351108404384894,1.0,0.23,8.01,2.5,0.31,9.20540080160321,14.832294589178362,11.93658316633267,12.454849699398801,16.70792585170341,11.32,11.03,0.0,3.0,2.19,12,2003,-0.015590770970241863,14.951310861423222,119.76
2004-03-31,320.4,34.04,2.28,0.0,70.04,53.54,68.94,52.0,266.86,51.48,88.97,186.22,159.52,530.72,343.94,1127.54,15.0,94.61,20.0,203.76,32.32,236.08,150.0,835.53,31.18,-27.84,15.0,15.4,5.7025,0.93,0.28,2.28,0.0,0.0,12.08,19.88,16.28,16.76,23.2,10.7,10.62,0.0,2.6,1.82,3,2004,0.0,14.92982456140351,34.04
2004-06-30,317.03,46.300000000000004,3.094734876773712,2.0,82.52999999999999,64.62,80.58000000000001,47.0,252.40999999999997,64.22,49.64,202.58,141.28,450.08,415.98,1112.47,19.96,62.28,19.4,164.19,42.46,206.65,150.0,851.02,26.5,-47.42999999999999,-18.4,15.959999999999999,3.795761339092872,0.83,0.24,5.37,2.0,0.37,16.643564849390092,25.610804082648745,21.761115260144386,22.54488424197162,28.722827981080414,12.7,12.6,0.0,2.74,1.88,6,2004,29.921787709497206,14.960893854748603,80.34
2004-09-30,346.94000000000005,38.34,2.5650455005055615,0.9981547487916427,70.04000000000002,53.75999999999999,71.64999999999998,50.0,293.18000000000006,52.61,30.91,246.32,190.07,498.79,445.22,1189.42,25.74,105.95,19.4,219.84,37.7,257.55,150.0,874.03,-4.539999999999999,-16.620000000000005,2.4299999999999997,17.89,4.8753521126760555,0.86,0.29,7.94,3.0,0.38,12.896299292214358,19.913023255813954,17.548270980788676,18.29775530839232,22.910960566228514,12.13,12.06,0.0,2.27,1.4,9,2004,14.91952211418037,14.947103274559193,118.68
2004-12-31,452.43999999999994,34.579999999999984,2.312703901866109,0.0010216253902178799,80.28999999999996,51.110000000000014,70.03999999999999,56.0,401.3299999999999,49.25,46.88,296.17,180.65,567.7,457.04,1262.72,67.3,88.67,17.4,257.6,34.98,292.58,150.0,908.68,38.69,-39.58,16.86,18.930000000000007,6.049736842105266,0.92,0.32,10.25,3.0,0.29,10.956575753621294,17.256155552655613,15.225488711992687,15.956528774631337,20.026887641915692,10.73,10.67,0.0,2.2,1.5,12,2004,0.015275542176077295,14.952195121951219,153.26
2005-03-31,388.28,48.43,3.24,0.0,73.11,69.82,87.96,57.0,318.45,50.99,91.06,240.55,258.15,641.86,449.13,1326.32,15.12,114.26,21.4,245.22,64.84,310.06,150.0,957.03,76.95,-13.75,-19.03,18.14,4.3975,0.89,0.32,3.24,0.0,0.0,14.6,22.76,20.24,21.6,25.84,13.11,12.47,0.0,2.62,1.56,3,2005,0.0,14.94753086419753,48.43
2005-06-30,296.94000000000005,25.389999999999993,1.6990869683012733,3.1,50.599999999999994,34.91000000000001,52.11,58.5,262.05,33.059999999999995,53.92,193.51,293.47,601.06,440.36,1278.33,79.88,57.9,17.4,219.7,62.59,282.3,150.0,935.53,-40.510000000000005,-8.04,11.420000000000002,17.200000000000003,8.606033871602994,0.94,0.3,4.94,3.1,0.63,7.938244378217284,12.051823354104577,10.854895692224327,11.363933893253858,13.606453535627201,11.16,10.77,0.0,2.74,1.4,6,2005,46.3242914979757,14.943319838056677,73.82
2005-09-30,324.94999999999993,17.700000000000003,1.1797421328671331,0.012388787831602239,42.260000000000005,24.540000000000006,41.30000000000001,54.5,300.4,23.47,51.88,221.32,211.24,542.63,471.8,1242.2,23.58,68.58,13.4,146.54,78.2,224.74,150.0,956.4,73.78,-30.68,-45.15,16.759999999999998,11.54341242937853,0.85,0.23,6.1,3.1,0.51,5.701442307692309,8.22338286713287,7.403365384615386,7.736013986013988,9.128496503496507,9.29,9.06,0.0,3.7,2.26,9,2005,0.18587243645053064,15.00327868852459,91.52
2005-12-31,360.0400000000001,20.900000000000006,1.3924657534246578,0.0012530878059733817,50.56,31.379999999999995,47.46000000000001,51.0,328.65999999999997,26.11999999999999,137.68,216.03,142.98,522.69,528.66,1443.41,48.42,60.36,15.88,170.09,70.4,240.49,150.0,1140.04,124.6,-58.78,19.979999999999997,16.080000000000005,9.15765789473684,0.67,0.21,7.49,3.1,0.41,5.792954990215265,8.82700587084149,7.332289628180041,8.157729941291588,9.384735812133075,8.39,8.2,0.0,3.07,2.23,12,2005,0.01880802819059113,15.009345794392523,112.42
2006-03-31,388.1,35.56,2.37,0.0,66.32,49.74,66.18,50.0,338.36,42.64,88.18,262.49,136.43,510.98,615.17,1520.36,49.91,91.65,19.24,218.54,63.25,281.79,150.0,1175.6,47.14,-95.28,-1.36,16.44,5.275,0.64,0.24,2.37,0.0,0.0,9.360000000000001,13.96,12.08,13.32,15.28,9.34,9.16,0.0,2.34,1.71,3,2006,0.0,15.004219409282701,35.56
2006-06-30,357.0799999999999,39.28,2.6190165686798506,3.1,67.09,54.77,71.03999999999999,44.25,302.30999999999995,44.69,85.99,250.72,149.68,512.17,621.56,1514.41,18.78,78.55,27.6,175.83,104.31,280.14,150.0,1168.38,39.67,-13.939999999999998,-27.92,16.27,4.224992362525458,0.57,0.24,4.99,3.1,0.62,10.3710956707643,15.703602351683593,13.457231427044361,14.92681988241582,16.39640833778728,10.32,10.04,0.0,2.91,2.06,6,2006,46.4937875751503,14.997995991983968,74.84
2006-09-30,325.59000000000003,32.08,2.1392667414889637,-0.00045553133952145453,58.30000000000001,43.39999999999999,63.47,50.5,282.19000000000005,38.83,55.03,260.62,172.21,531.69,786.11,1519.73,27.5,34.82,32.84,125.2,125.63,250.83,150.0,1200.46,-43.690000000000005,-22.900000000000006,35.63,20.07,5.89926433915212,0.63,0.21,7.13,3.1,0.43,8.449053497942387,12.853602693602694,10.693333333333332,11.893482977927421,12.733587729143283,10.22,9.99,0.0,4.25,2.87,9,2006,-0.0068310534111688526,14.995792426367462,106.92
2006-12-31,388.56999999999994,24.66000000000001,1.6436251709986325,0.0015761613037534707,55.69999999999999,38.22999999999999,57.85000000000002,53.0,350.34000000000003,32.77000000000001,128.77,229.62,150.68,575.18,700.43,1486.3,15.3,99.62,35.84,190.88,71.94,262.81,150.0,1138.23,174.14,-37.5,-62.9,19.620000000000005,8.05700729927007,0.7,0.23,8.77,3.1,0.35,6.634473324213409,9.528153214774285,8.66604651162791,8.65854993160055,10.772585499316008,9.21,9.02,0.0,3.01,2.22,12,2006,0.023647811214125625,15.003420752565567,131.58
2007-03-31,352.08,51.6,3.44,0.0,48.04,71.32,90.46,53.5,280.75,30.62,149.19,207.89,144.29,566.09,712.82,1486.3,15.0,60.48,32.44,165.6,47.02,212.63,150.0,1191.03,69.22,-20.3,-28.51,19.14,3.8875000000000006,0.67,0.18,3.44,0.0,0.0,13.879999999999999,18.96,17.32,17.44,21.6,16.63,14.66,0.0,3.42,2.55,3,2007,0.0,15.0,51.6
2007-06-30,287.06,20.859999999999992,1.3904747446867234,3.6,43.410000000000004,27.13000000000001,47.35000000000001,50.0,259.92999999999995,26.429999999999996,37.69,217.61,138.31,540.14,701.92,1444.42,15.47,76.43,29.08,161.54,41.0,202.54,150.0,1157.74,37.129999999999995,-85.89,-62.739999999999995,20.22,8.988027325023971,0.65,0.17,4.83,3.6,0.75,5.780690035881864,7.6576869997239845,7.208589566657464,7.1740436102677325,8.83224951697488,12.21,11.34,0.0,3.34,2.49,6,2007,54.00745341614906,15.002070393374739,72.46
2007-09-30,310.90999999999997,19.49000000000001,1.299333333333334,-0.0004968944099374539,38.8,23.89999999999999,44.349999999999994,50.0,287.0200000000001,21.200000000000003,70.62,238.76,107.89,520.62,692.21,1410.94,16.18,70.94,3.4,123.01,25.46,148.47,150.0,1177.68,23.700000000000017,50.059999999999995,-40.81999999999999,20.450000000000003,9.624320164186758,0.64,0.13,6.13,3.6,0.59,5.527995649809681,7.079564980967921,6.62172485046221,6.553896682979883,8.054594888526376,10.2,9.68,0.0,4.23,3.36,9,2007,-0.007453416149061809,15.0,91.95
2007-12-31,387.1700000000001,51.85000000000001,3.4578685674547986,-0.0012517385257301348,45.849999999999994,57.95000000000002,78.38000000000002,48.25,329.22,24.620000000000005,81.54,241.72,124.37,564.54,696.82,1489.4,17.68,90.43,3.4,149.85,24.51,174.36,150.0,1228.97,62.16999999999999,-51.910000000000004,0.6599999999999966,20.429999999999993,3.487531340405014,0.59,0.14,9.59,3.6,0.38,13.918011126564675,17.480445062586927,16.87468706536857,17.52371349095967,19.413101529902647,11.46,10.75,0.0,3.77,2.94,12,2007,-0.018769551616266256,14.994786235662149,143.8
2008-03-31,356.67,33.56,2.24,0.0,58.23,42.25,63.02,51.0,314.42,39.7,50.07,243.59,190.36,623.32,685.7,1545.48,16.26,107.8,3.4,173.08,23.96,197.04,150.0,1263.72,5.7,-31.49,-5.68,20.77,5.6925,0.61,0.16,2.24,0.0,0.0,8.68,11.16,10.64,10.92,12.32,9.49,9.41,0.0,3.6,2.5,3,2008,0.0,14.982142857142856,33.56
2008-06-30,383.46999999999997,64.32,4.291066612178177,3.6,98.21000000000001,78.23,99.38999999999999,44.5,305.23999999999995,78.74,38.09,297.31,264.54,676.42,573.9,1574.12,15.04,136.5,2.55,188.04,24.04,212.07,150.0,1273.35,-24.689999999999998,68.77,-56.06,21.16,2.5908069029850744,0.52,0.17,6.53,3.6,0.55,16.34942378422558,20.975627298733144,20.213355128729056,21.159624029423785,22.841879852881075,13.33,13.22,0.0,3.6,2.19,6,2008,53.961408882082694,14.98928024502297,97.88
2008-09-30,431.5200000000001,71.42000000000002,4.762739515652688,0.0015102995941316567,108.11000000000001,91.23,112.61999999999998,43.0,340.2900000000001,89.11000000000001,34.11,321.46,258.6,697.16,662.28,1577.4,17.18,63.01,1.7,115.42,23.82,139.24,150.0,1343.44,8.429999999999998,-13.690000000000001,1.2800000000000011,21.39,2.2578864463735644,0.48,0.1,11.29,3.6,0.32,18.10600354400473,23.910724158298883,21.261476668635563,22.662034258712346,24.433823981098644,14.55,14.45,0.0,6.04,3.8,9,2008,0.022647805251239106,14.995571302037202,169.3
2008-12-31,348.80999999999995,-25.350000000000023,-1.690587009378258,-0.0001871774811100719,44.829999999999984,-23.439999999999998,0.7000000000000455,41.25,372.25,21.019999999999982,86.35,231.55,191.06,661.63,550.05,1524.8,0.49,47.1,0.85,101.0,15.43,116.43,150.0,1315.8,149.84,-80.07,-17.529999999999994,24.139999999999993,-6.104388560157784,0.47,0.09,9.6,3.6,0.38,-6.649642236887814,-8.798096561306018,-7.706259117749226,-7.966891281695041,-9.312316776658571,9.53,9.47,0.0,6.55,4.66,12,2008,-0.0028066873339369636,14.994791666666666,143.95
2009-03-31,349.31,50.56,3.37,0.0,37.74,65.42,83.46,44.75,283.89,20.54,103.76,205.3,159.33,738.67,644.09,1589.63,0.01,62.82,0.0,112.13,15.68,127.81,150.0,1366.69,141.16,-117.91,-5.83,18.04,3.3199999999999994,0.49,0.09,3.37,0.0,0.0,12.72,16.68,14.8,15.359999999999998,17.72,14.58,14.47,0.0,6.59,5.17,3,2009,0.0,15.002967359050444,50.56
2009-06-30,325.94,23.39999999999999,1.5597890751757701,4.0,49.21,30.11,50.72000000000001,46.75,295.83000000000004,27.520000000000003,113.54,219.96,115.65,705.81,536.05,1561.21,0.15,72.89,0.4,109.45,23.3,132.76,150.0,1331.43,76.28,-6.560000000000002,-59.94,20.61,7.490820512820516,0.53,0.1,4.93,4.0,0.81,5.998702001081664,7.7071930773391,7.023796646836125,7.1883180097349895,8.32731206057328,11.05,10.95,0.0,6.45,5.39,6,2009,60.00811359026369,15.002028397565923,73.96
2009-09-30,382.6300000000001,52.39,3.4912845271072417,0.0010422126630766368,85.29,64.02000000000001,84.54999999999998,51.0,318.61,62.06999999999999,115.14,261.92,148.14,762.87,539.46,1616.93,1.76,71.41,0.4,108.51,23.39,131.9,150.0,1384.53,-1.8899999999999864,1.980000000000004,1.509999999999991,20.53,3.65375548768849,0.55,0.1,8.42,4.0,0.48,12.953411950929956,16.56908903838544,15.142721013058965,15.358334784329246,17.547643846458254,12.03,11.94,0.0,7.03,5.67,9,2009,0.01563937885745048,15.005938242280285,126.35
2009-12-31,368.2399999999998,34.48000000000002,2.298237890940746,-0.0008371064414512046,112.21999999999997,44.75,63.75000000000003,56.0,323.4899999999999,98.06,68.61,248.17,166.66,770.54,642.94,1653.05,0.02,65.04,0.4,106.22,23.48,129.69,150.0,1419.79,49.39999999999998,-94.03000000000002,-1.9099999999999966,19.000000000000007,6.087098317865426,0.59,0.09,10.72,4.0,0.37,8.343975626437857,11.028111670708205,9.716057949387556,10.084805073680288,11.328254678853455,11.38,11.28,0.0,7.25,5.69,12,2009,-0.012558939270391534,15.002798507462687,160.83
2010-03-31,433.79,47.35,3.16,0.0,87.04,65.36,84.11,60.25,368.44,66.07,78.85,291.37,173.61,845.35,561.8,1755.27,0.01,103.59,0.4,153.94,27.1,181.03,150.0,1468.66,69.86,-54.07,-5.56,18.75,4.7675,0.62,0.12,3.16,0.0,0.0,10.8,15.64,12.88,13.36,16.32,10.99,10.92,0.0,5.49,4.36,3,2010,0.0,14.984177215189874,47.35
2010-06-30,380.5199999999999,35.99,2.4010607151427883,4.5,73.21999999999998,48.739999999999995,68.86999999999999,68.0,331.77000000000004,52.610000000000014,66.02,266.89,217.84,806.67,656.23,1706.5,0.3,91.49,0.4,130.66,28.85,159.51,150.0,1439.41,18.310000000000002,38.57,-69.7,20.130000000000003,7.080079188663518,0.71,0.11,5.56,4.5,0.81,8.429623230141589,12.057125029997602,10.001540676745861,10.398838492920564,12.506244300455965,10.3,10.23,0.0,6.17,4.51,6,2010,67.45143884892087,14.989208633093527,83.34
2010-09-30,418.48,32.56999999999999,2.172082650332154,0.0016855982904113785,60.46000000000001,40.22,61.05000000000001,72.0,378.26,38.94,77.83,292.79,169.82,809.64,677.63,1740.06,0.07,102.13,0.4,128.24,27.13,155.38,150.0,1473.64,71.76,-59.61,-0.3399999999999892,20.83,8.28309871046976,0.73,0.11,7.73,4.5,0.58,7.485676818221032,10.329334828746438,8.84568717108101,9.115441290656541,10.756445518074367,9.48,9.4,0.0,6.31,4.99,9,2010,0.025275251984680835,14.99482535575679,115.91
2010-12-31,396.0799999999999,29.05000000000001,1.9358650662251664,0.003414333507535575,55.45000000000002,30.77000000000001,52.70000000000002,73.0,365.31999999999994,32.370000000000005,81.05,256.91,209.96,866.69,646.98,1803.66,0.03,82.17,0.4,109.36,26.69,136.05,150.0,1551.74,26.22999999999999,-22.870000000000005,-0.14000000000000057,21.93,9.431132530120479,0.71,0.09,9.66,4.5,0.47,6.444867549668876,8.585140728476825,7.486948123620311,7.823620309050775,8.753476821192056,8.97,8.9,0.0,7.93,6.01,12,2010,0.0512362096534531,15.006211180124224,144.96
2011-03-31,497.1,68.28,4.55,0.0,105.74,80.2,92.6,71.25,416.89,79.14,75.41,293.48,206.37,927.39,539.13,1743.42,0.03,90.34,0.4,131.25,39.84,171.09,150.0,1453.96,72.74,-76.43,-1.95,12.4,3.9149999999999996,0.74,0.12,4.55,0.0,0.0,15.68,18.32,18.8,18.68,19.880000000000003,13.87,13.74,0.0,7.07,5.49,3,2011,0.0,15.006593406593407,68.28
2011-06-30,433.0,50.08,3.3383845893883066,4.75,82.77,57.35000000000001,69.96000000000001,81.0,375.65999999999997,61.35000000000001,82.56,290.3,207.38,938.43,535.09,1735.23,0.01,102.81,2.18,142.22,39.16,181.38,150.0,1435.06,75.48,5.040000000000006,-73.36999999999999,12.610000000000001,6.068077076677317,0.85,0.13,7.89,4.75,0.6,11.542602230483272,13.52278472456911,13.962825278810408,13.94590064210882,14.605961473470767,12.85,12.73,0.0,6.6,5.14,6,2011,71.25602027883397,15.001267427122942,118.36
2011-09-30,442.7099999999999,46.86,3.122676431424767,0.0016112863457085772,71.69,53.369999999999976,66.24000000000001,84.0,389.34000000000015,50.889999999999986,61.77,294.27,198.21,960.61,570.07,1782.29,0.02,107.75,2.08,140.68,39.27,179.94,150.0,1480.44,61.610000000000014,-82.29,-0.10000000000000853,12.870000000000001,6.7255046948356805,0.85,0.12,11.01,4.75,0.43,10.51669773635153,12.297842876165113,12.660878828229027,12.69491344873502,13.194087882822902,12.16,12.04,0.0,6.83,5.42,9,2011,0.02417953951298557,15.006357856494096,165.22
2011-12-31,366.3800000000001,32.16999999999999,2.144775317898576,-0.002254063576909536,67.44999999999999,33.5,46.139999999999986,89.25,332.8799999999999,45.69,62.85,286.41,190.23,969.49,565.28,1786.8,0.02,99.87,1.98,115.11,37.5,152.61,150.0,1513.65,30.939999999999998,-29.78,-0.09000000000000341,12.64,10.400250233136466,0.88,0.1,13.16,4.75,0.36,7.203576675616797,8.148842393231671,8.50087238461928,8.396567201985913,8.74859719337352,11.48,11.35,0.0,8.42,6.77,12,2011,-0.033809240839374866,14.999240121580545,197.39
2012-03-31,570.84,94.44,6.3,6.000000000000001,129.28,107.16,121.34,96.0,463.68,104.58,64.26,386.56,245.32,1117.81,597.11,1957.82,0.01,155.45,1.88,180.7,38.11,218.81,150.0,1609.79,33.01,-22.09,-9.51,14.18,3.81,0.89,0.14,6.3,6.0,0.95,19.28,23.16,23.48,24.64,24.119999999999997,16.75,16.54,0.0,6.19,4.83,3,2012,89.94285714285715,14.99047619047619,94.44
2012-06-30,485.38,75.80000000000001,5.053630169172933,0.0034573039742213634,107.35999999999999,85.18,99.77000000000001,114.0,400.2,84.39,63.19,322.56,244.32,1015.07,604.53,1918.68,0.09,112.08,0.0,149.15,38.79,187.94,150.0,1598.72,129.31,-31.919999999999998,-98.47,14.59,5.637234828496041,1.07,0.12,11.35,6.0,0.53,15.797603383458647,18.754088345864663,18.967810150375943,19.982988721804514,19.359633458646616,16.36,16.12,0.0,6.81,5.17,6,2012,0.051856513530523785,14.999118942731279,170.24
2012-09-30,547.04,91.26999999999998,6.083270620626362,0.0017289624456534353,110.03000000000003,104.78999999999999,119.88999999999999,163.0,442.2399999999999,84.78,100.32,339.46,195.49,1091.01,602.8,2051.52,0.1,159.64,0.0,167.32,40.12,207.44,150.0,1700.11,157.60000000000002,-120.47,0.010000000000005116,15.099999999999998,6.69748685219678,1.44,0.12,17.43,6.0,0.34,17.79958701388092,21.63871362471798,21.471188099881456,22.950996902604107,22.015646055600165,16.73,16.31,0.0,6.52,5.35,9,2012,0.025940388362755584,15.003442340791738,261.51
2012-12-31,473.0899999999999,50.110000000000014,3.339916244143509,-2.8831620134900746e-05,87.63,55.69,70.93,172.5,417.4100000000001,50.110000000000014,126.59,300.1,199.5,1153.6,606.56,2086.18,0.15,129.39,0.0,141.19,40.82,182.01,150.0,1756.37,78.72999999999996,-52.5,0.04999999999999716,15.240000000000002,12.919388345639591,1.47,0.1,20.77,6.0,0.29,9.609696425133176,11.719455747384638,11.410710480713693,12.259759964058793,11.667998202939481,15.37,15.01,0.0,8.17,6.76,12,2012,-0.00043257147166286813,15.003370245546462,311.62
2013-03-31,487.22,75.28,5.02,9.0,107.42,82.58,97.93,223.0,404.63,80.92,128.32,284.59,209.36,1190.47,634.74,2182.91,0.28,142.26,0.0,155.6,76.89,232.49,150.0,1802.52,109.49,-106.28,-1.48,15.35,11.105,1.86,0.13,5.02,9.0,1.79,13.800000000000002,15.96,16.72,17.64,16.28,15.65,15.45,0.0,7.65,6.31,3,2013,134.96414342629484,14.996015936254981,75.28
2013-06-30,421.7099999999999,63.05000000000001,0.41933058627918757,8.702385513249538,93.29,68.47000000000001,84.01999999999998,22.4,353.25,66.48,83.47,262.65,225.3,1014.15,673.22,1997.67,0.03,135.87,0.0,141.97,73.38,215.35,150.0,1636.3,46.37000000000002,142.82999999999998,-234.06,15.549999999999999,13.355810864393339,2.05,0.13,0.92,9.6,10.43,12.616381117617294,14.056690522663198,15.40584110460493,15.588158750813276,14.840656401359071,15.54,15.22,0.0,7.14,5.56,6,2013,1308.4793348345745,150.3586956521739,138.33
2013-09-30,488.35,66.08999999999997,0.43969474611094794,-0.003185257972716017,107.17999999999998,82.35,98.77000000000004,18.6,406.0100000000001,79.32999999999998,85.24,310.96,187.5,1076.71,694.26,2080.64,0.03,142.66,0.0,159.36,71.6,230.95,150.0,1697.48,91.07,-89.31,0.009999999999990905,16.42,10.5782478438493,1.64,0.14,1.36,9.6,7.06,12.699418843557378,14.613384208981506,15.570366891693567,15.55743469327854,15.712621074258875,14.91,14.63,0.0,6.76,5.58,9,2013,-0.4787723785166236,150.30882352941174,204.42
2013-12-31,498.68000000000006,73.96000000000001,0.49416481069042323,-0.04118957159701197,117.81,89.02000000000001,108.07999999999998,18.0,409.64999999999986,85.03,105.02,350.21,195.8,1035.84,772.0,2171.88,0.02,145.95,0.0,166.81,73.24,240.04,150.0,1771.35,58.26999999999998,-38.48,-0.009999999999990905,19.059999999999995,9.108702001081664,1.52,0.14,1.86,9.6,5.16,13.624070694733819,16.089581148070984,16.705958761405277,16.769721962784686,17.08853796968173,14.94,14.68,0.0,6.21,5.04,12,2013,-6.164705882352791,149.66666666666666,278.38
2014-03-31,486.11,73.31,0.49,0.0,106.55,82.58,102.3,17.5,403.53,78.38,63.72,321.76,207.75,1057.97,766.08,2253.88,0.05,148.53,0.0,170.76,74.41,245.17,150.0,1842.97,103.87,-143.34,-1.83,19.72,8.9275,1.42,0.13,0.49,0.0,0.0,13.0,14.88,15.92,16.08,15.84,15.37,15.08,0.0,6.2,4.98,3,2014,0.0,149.6122448979592,73.31
2014-06-30,423.21000000000004,51.53,0.34259772508811276,0.4,87.17999999999999,56.14,76.33999999999999,18.7,367.07000000000005,59.97,39.05,306.72,195.91,994.06,776.67,2202.57,0.0,118.49,0.0,126.46,76.4,202.86,150.0,1837.4,27.680000000000007,13.689999999999998,-66.05,20.200000000000003,13.645668542596548,1.53,0.11,0.83,0.4,0.48,9.361586030118552,10.913595001602053,11.210788208907402,11.871217558474848,11.029170137776353,13.99,13.73,0.0,7.86,6.31,6,2014,60.163855421686755,150.40963855421688,124.84
2014-09-30,502.12,66.41999999999999,0.4445132280665062,-0.0026442274378282995,99.35999999999999,73.33000000000001,94.58000000000004,18.0,428.7900000000001,70.37,55.72,356.94,195.61,1079.12,802.2,2306.97,21.58,129.57,0.0,158.61,77.28,235.89,150.0,1904.03,41.47999999999999,-46.379999999999995,21.589999999999996,21.25,10.121633544113221,1.42,0.12,1.28,0.4,0.31,11.515670814597927,13.432634110634737,13.960493568963713,14.752282756457177,13.710454878176302,13.78,13.55,0.0,6.8,5.57,9,2014,-0.39510542168675045,149.421875,191.26
2014-12-31,541.78,77.32999999999998,0.5153605867679363,0.001675183364980021,120.38000000000005,86.95999999999998,109.45999999999998,16.8,454.81999999999994,86.61999999999998,103.61,334.39,218.27,1083.88,931.2,2508.04,41.61,149.28,0.0,199.22,92.99,292.2,150.0,2032.1,118.42999999999998,-90.55999999999997,20.02,22.5,8.15356297685245,1.24,0.14,1.79,0.4,0.22,12.334104769351054,14.718007371830668,15.224730630328752,16.261210022711193,14.913786812614019,13.97,13.75,0.0,5.44,4.34,12,2014,0.25136173184356636,150.0502793296089,268.59
2015-03-31,551.32,84.45,0.56,1.0,126.31,96.65,119.82,17.2,454.67,94.35,74.65,377.45,226.97,1230.8,947.6,2625.92,35.62,159.26,0.0,218.23,99.54,317.77,150.0,2117.41,69.99,-95.3,-3.66,23.17,7.677499999999999,1.22,0.15,0.56,1.0,1.79,12.88,15.84,15.960000000000003,17.04,16.04,15.55,15.32,0.0,5.64,4.6,3,2015,150.80357142857142,150.80357142857142,84.45
2015-06-30,480.62,68.29,0.45604163938719394,-0.007068501094296452,112.16,76.91999999999999,100.89000000000001,18.4,403.69,80.43,56.46,325.19,200.13,1060.46,956.15,2530.04,0.0,150.3,0.0,185.77,115.34,301.11,150.0,2038.47,131.8,7.8999999999999915,-157.87,23.97,10.08723678430224,1.35,0.15,1.02,1.0,0.98,10.801927458426084,13.126845620007856,13.395105407882678,14.092580856357209,13.234149535157785,15.05,14.8,0.0,5.71,4.63,6,2015,-1.0584733893557257,149.7450980392157,152.74
2015-09-30,450.5799999999999,70.32999999999998,0.4697704756354506,-0.0002250238868129548,107.48999999999998,77.85,102.77000000000001,19.0,372.7399999999999,74.72999999999999,60.37,302.0,198.11,1104.99,971.36,2603.64,31.29,130.09,10.92,179.29,119.2,298.49,150.0,2110.01,127.26000000000002,-143.59,20.22999999999999,24.92,10.10999040238874,1.35,0.14,1.49,1.0,0.67,10.807873761599497,12.913958846998698,13.33013134890393,14.011140897476125,13.077905590173485,15.3,15.05,0.0,6.16,5.06,9,2015,-0.033688643242527405,149.71140939597316,223.07
2015-12-31,451.1600000000001,70.78000000000003,0.47210753785945225,0.0014144549392296544,110.68,77.47,102.57,19.0,373.69000000000005,45.710000000000036,87.89,293.73,192.93,1102.11,992.0,2651.12,0.0,130.48,10.92,150.67,118.82,269.49,150.0,2183.12,111.28999999999996,-49.75,-34.01999999999998,25.099999999999994,10.057242512009038,1.31,0.12,1.96,1.0,0.51,10.675411264250473,12.284430832057177,12.968505019567813,13.430977709715846,12.669824740513873,15.47,15.2,0.0,7.31,6.03,12,2015,0.21205999178195611,149.92346938775512,293.85
2016-03-31,501.5,86.24,0.57,1.1,127.85,94.48,120.41,19.5,407.02,91.69,80.45,347.97,175.12,1170.58,1015.77,2814.16,16.45,145.62,10.92,188.3,144.62,332.92,150.0,2280.13,90.21,-131.51,33.86,25.93,8.5525,1.28,0.15,0.57,1.1,1.93,12.24,13.880000000000003,15.12,15.68,14.4,17.49,17.2,0.0,6.22,5.29,3,2016,166.42807017543862,151.2982456140351,86.24
2016-06-30,500.16999999999996,78.34000000000002,0.5235994653056265,-0.012351909059317464,125.03999999999999,86.61,115.22999999999999,20.5,413.56000000000006,93.25,79.23,330.22,191.49,1124.2,1008.43,2736.27,48.32,154.79,10.92,223.54,120.44,343.97,150.0,2195.74,114.69000000000001,50.94999999999999,-166.87,28.619999999999997,9.789925963747764,1.4,0.16,1.1,1.1,1.0,11.44302831449751,13.099506622918947,14.279985417426179,14.79406489245352,13.727825981285699,16.7,16.43,65.38,5.03,4.17,6,2016,-1.8480701754386075,149.61818181818182,164.58
2016-09-30,481.90999999999997,82.39999999999998,0.5504899182120008,0.0004899182120009059,116.94,89.24999999999997,116.84000000000003,20.5,392.66999999999996,86.93,78.39,295.22,239.67,1204.93,993.67,2793.68,17.9,183.18,0.0,208.12,104.24,312.36,150.0,2280.73,117.51000000000002,-63.55000000000001,-54.79000000000002,27.590000000000003,9.306709951456313,1.35,0.14,1.65,1.1,0.67,11.797165762409909,13.371900558749692,14.452862579965986,15.01336140578184,13.959089804842495,16.92,16.65,0.0,5.79,4.64,9,2016,0.07333333333332348,149.6848484848485,246.98
2016-12-31,490.32000000000016,65.9,0.4402039120429557,0.00013594136197069663,102.04000000000002,71.08000000000004,99.21999999999997,21.3,419.23,68.40999999999997,56.22,312.56,197.9,1139.18,989.3,2797.68,30.61,105.45,0.0,150.75,106.8,257.54,150.0,2337.07,49.64999999999998,-82.33999999999997,10.51000000000002,28.14,12.095019726858876,1.37,0.11,2.09,1.1,0.53,9.419099974431091,10.556468933776529,11.281015085655843,11.660138072104322,10.868192278189722,16.11,15.85,0.0,7.56,6.24,12,2016,0.02035087719301032,149.70334928229667,312.88
2017-03-31,556.13,86.16,0.57,1.2,120.11,94.73,122.13,22.2,461.4,89.48,59.6,357.94,218.9,1296.51,986.33,2923.19,13.0,157.85,0.0,186.81,106.28,293.08,150.0,2422.75,91.49,-68.85,-19.25,27.4,9.7375,1.37,0.12,0.57,1.2,2.11,11.8,13.2,14.24,14.64,13.84,15.78,15.49,0.0,6.94,5.77,3,2017,181.38947368421051,151.1578947368421,86.16
2017-06-30,491.41999999999996,56.44,0.37600280504908834,-0.008415147265077,93.11,60.019999999999996,87.75,22.6,431.4,64.35000000000001,52.45,321.8,221.86,1139.44,965.68,2751.34,16.0,125.72,0.0,153.59,104.15,257.74,150.0,2293.19,76.10000000000001,101.74,-185.0,27.730000000000004,15.026816087880935,1.48,0.11,0.95,1.2,1.26,8.2008190743338,8.929077138849928,9.84731556802244,10.05312762973352,9.43569144460028,13.9,13.61,0.0,7.42,5.97,6,2017,-1.2631578947368212,150.10526315789474,142.6
2017-09-30,488.93000000000006,66.76000000000002,0.446427206725258,-0.004513002031252962,96.51000000000002,73.13999999999999,100.78000000000003,22.0,415.79999999999995,68.44,87.78,310.6,216.43,1236.0,942.09,2845.93,0.0,157.98,0.0,167.81,106.81,274.62,150.0,2368.33,162.18999999999997,-88.55,-38.30000000000001,27.639999999999993,12.316677651288195,1.39,0.12,1.4,1.2,0.86,9.387726404279713,10.306090943828814,11.275475735575089,11.49231180741307,10.854558654948416,13.91,13.63,0.0,7.37,6.08,9,2017,-0.674887218045086,149.54285714285717,209.36
