,revenue,net_profit,eps,dps,gross_profit,ebit,ebitda,close_price,allowance_doubtful_accounts,expense,operating_profit,cash,account_receivable,inventory,current_asset,property_plant_equipment,total_asset,short_term_loan,account_payable,current_portion_long_term_debt,current_liability,non_current_liability,total_liability,paid_in_capital,total_equity,cash_flow_operation,cash_flow_investment,cash_flow_financing,depreciation,P/E,P/BV,D/E,EPS,DPS,DPR%,ROA%,ROAA%,ROE%,ROAE%,ROCE%,NPM%,NPMA%,CurrentRatio,QuickRatio,month,year,dividend,number_of_shares,return_old
2009-12-31,,,,,,,,,0.0,,,2.45,73.5,67.42,146.24,51.39,198.24,27.31,30.64,1.01,107.88,0.74,108.62,60.0,89.62,,,,,,0.0,1.21,0.1,0.0,0.0,,,,,,7.99,7.89,1.36,0.73,12,2009,,236.29999999999998,23.63
2010-03-31,86.23,8.83,0.04,0.0,23.15,13.06,15.06,,0.0,73.17,13.19,5.52,71.06,69.15,150.64,52.31,211.77,20.19,32.41,1.32,111.72,1.59,113.32,60.0,98.45,14.07,-7.9,-3.1,2.0,0.0,0.0,1.15,0.04,0.0,0.0,16.68,0.0,35.88,0.0,52.2,10.37,10.24,1.35,0.73,3,2010,0.0,220.75,8.83
2010-06-30,75.14999999999999,3.9800000000000004,0.01553473848555816,0.05,18.480000000000004,4.33,6.450000000000001,1.54,0.0,70.82000000000001,5.58,40.02,70.36,81.74,195.18,52.95,256.81,4.4,36.62,32.0,87.81,1.28,89.09,80.0,167.72,-5.15,-1.25,40.9,2.12,24.783165829145727,0.73,0.53,0.05,0.05,1.0,6.201467603434817,0.0,9.494832162373147,0.0,12.788196721311476,8.03,7.94,2.22,1.29,6,2010,12.81,256.2,12.81
2010-09-30,85.92000000000002,4.959999999999999,0.016747326955543047,0.006747326955543055,20.839999999999996,7.309999999999999,9.549999999999997,1.33,0.0,78.62,10.190000000000001,9.82,73.11,97.4,182.26,51.99,245.28,2.5,41.01,1.55,86.2,2.4,88.6,80.0,156.68,-8.75,-3.33,-18.109999999999996,2.24,19.85690020161291,0.68,0.57,0.06,0.05,0.83,8.083376477208779,0.0,12.660979178390544,0.0,17.33906584130557,7.26,7.19,2.11,0.98,9,2010,1.9983333333333348,296.1666666666667,17.77
2010-12-31,101.40999999999997,6.670000000000002,0.021833060556464817,0.0015275504637206712,24.450000000000003,9.970000000000002,12.27,1.28,0.0,91.43,7.43,9.95,80.84,85.25,178.08,59.84,245.76,0.0,33.65,1.6,80.13,2.28,82.41,80.0,163.35,10.68,-7.84,-2.710000000000001,2.3,14.656671664167913,0.63,0.5,0.08,0.05,0.63,10.851031096563014,17.051620294599022,16.331129296235684,21.090736497545013,22.848297872340428,7.09,7.01,2.22,1.16,12,2010,0.466666666666665,305.5,24.44
2011-03-31,86.46,7.33,0.02,0.0,22.34,8.4,10.77,1.22,0.1,78.06,9.34,9.42,74.07,95.39,188.96,67.44,264.12,5.43,36.47,1.58,91.06,3.13,94.19,80.0,169.93,3.56,-9.09,5.0,2.37,15.25,0.57,0.55,0.02,0.0,0.0,11.12,14.12,17.24,21.84,19.4,8.61,8.48,2.08,1.03,3,2011,0.0,366.5,7.33
2011-06-30,81.46,2.959999999999999,0.008629737609329443,0.05,19.470000000000002,3.92,6.530000000000001,1.2,0.16,77.53999999999999,6.4,5.5,69.02,114.5,195.59,74.86,278.12,28.84,39.31,1.38,118.11,3.12,121.23,80.0,156.89,-6.9399999999999995,-9.79,12.809999999999999,2.6100000000000003,34.76351351351352,0.61,0.77,0.03,0.05,1.67,4.257337220602526,5.3044120505344985,7.548143828960153,7.2950048590864895,8.85986394557823,6.21,6.13,1.66,0.69,6,2011,17.150000000000002,343.0,10.29
2011-09-30,104.50000000000003,3.99,0.01397058823529412,-0.010049019607843148,23.78,5.120000000000001,8.189999999999998,0.88,0.33,99.38,7.279999999999999,6.25,86.2,107.12,205.54,76.55,289.46,32.59,44.62,1.39,125.38,3.2,128.58,80.0,160.87,4.56,-4.5,0.7000000000000028,3.0700000000000003,15.74736842105263,0.44,0.8,0.05,0.05,1.0,5.51,7.287058823529412,9.924705882352944,10.047647058823532,11.88058823529412,5.31,5.24,1.64,0.78,9,2011,-2.8700000000000028,285.59999999999997,14.28
2011-12-31,108.31,5.540000000000001,0.016770938446014128,0.006770938446014136,25.83,6.209999999999997,8.850000000000005,1.17,0.48,102.1,9.260000000000002,1.68,94.07,107.94,211.55,75.96,294.72,37.89,34.32,1.28,125.34,2.95,128.3,80.0,166.42,-12.15,-1.6900000000000013,9.27,2.639999999999999,17.440884476534293,0.56,0.77,0.06,0.05,0.83,7.524561049445007,9.783047426841575,13.31612512613522,13.439112008072657,15.608153380423818,5.27,5.21,1.69,0.83,12,2011,2.23666666666667,330.33333333333337,19.82
2012-03-31,125.06,14.53,0.05,0.0,34.17,15.98,18.48,1.22,0.14,109.09,18.83,1.8,108.08,113.18,231.79,78.5,321.21,32.28,51.55,1.39,137.03,3.23,140.26,80.0,180.95,17.26,-8.19,-8.95,2.5,6.1,0.54,0.78,0.05,0.0,0.0,18.08,21.84,32.12,33.12,34.72,11.71,11.62,1.69,0.87,3,2012,0.0,290.59999999999997,14.53
2012-06-30,105.99000000000001,8.640000000000002,0.026102719033232635,0.0,28.46,9.46,12.129999999999999,1.26,0.16,96.53,11.270000000000003,0.96,107.56,131.39,247.46,87.59,342.37,31.8,47.31,1.49,144.47,8.31,152.78,96.0,189.59,-9.450000000000003,-5.17,13.77,2.67,12.067708333333332,0.64,0.81,0.07,0.0,0.0,10.098023305999137,12.230988347000434,18.22715580492016,19.942477341389733,19.166853690116533,10.12,10.03,1.71,0.8,6,2012,0.0,331.0,23.17
2012-09-30,110.47999999999996,5.649999999999999,0.015683553088133236,0.0,27.660000000000004,6.620000000000001,9.329999999999998,3.64,0.16,103.83999999999997,6.759999999999998,1.34,108.14,152.32,266.78,93.1,367.03,33.73,47.61,2.2,156.99,14.8,171.79,96.0,195.24,-7.029999999999999,-10.57,17.99,2.71,58.02256637168143,1.79,0.88,0.08,0.0,0.0,6.155794587092295,7.661415683553086,11.574462179042328,12.695836224843855,11.96655100624566,8.55,8.44,1.7,0.73,9,2012,0.0,360.25,28.82
2012-12-31,122.04000000000002,3.9200000000000017,0.010775809407452661,0.0,33.11999999999999,4.719999999999999,7.460000000000001,2.3,0.21,117.33000000000004,6.82,2.13,115.78,151.71,274.87,98.27,381.49,37.6,46.06,2.92,163.73,18.61,182.34,96.0,199.16,-4.08,-5.300000000000001,10.169999999999998,2.7399999999999993,53.369540816326506,1.11,0.92,0.09,0.0,0.0,4.109175320708615,5.210702504581555,7.873524740378745,8.57754428833232,8.089040928527798,7.15,7.06,1.68,0.75,12,2012,0.0,363.7777777777778,32.74
2013-03-31,114.41,7.75,0.02,0.04,32.67,9.09,11.75,2.3,0.44,105.32,10.29,2.24,101.55,166.09,275.43,103.0,386.06,36.78,35.94,4.01,158.39,20.2,178.59,96.0,207.47,2.9,-5.35,2.56,2.66,28.75,1.06,0.86,0.02,0.04,2.0,8.04,10.28,14.96,15.96,15.96,6.92,6.77,1.74,0.69,3,2013,15.5,387.5,7.75
2013-06-30,106.14000000000001,3.9299999999999997,0.01009417808219178,0.00018835616438355916,32.16,5.140000000000001,7.949999999999999,1.85,0.05,101.0,9.580000000000002,1.32,100.23,172.74,277.51,109.59,394.76,64.66,32.89,4.39,177.21,21.52,198.73,96.0,196.03,-3.16,-8.25,10.49,2.8099999999999996,45.8209669211196,0.91,1.01,0.03,0.04,1.33,3.983835616438356,5.195136986301369,8.021506849315069,8.156095890410958,8.80212328767123,5.34,5.3,1.57,0.59,6,2013,0.07333333333333236,389.3333333333333,11.68
2013-09-30,109.00999999999999,1.040000000000001,0.002452830188679247,0.003270440251572331,30.53,3.0799999999999983,6.050000000000001,1.74,0.0,105.93,4.959999999999997,7.11,100.85,168.64,282.26,109.37,399.28,64.61,35.54,4.28,181.59,20.61,202.21,96.0,197.08,10.83,-4.49,-0.5600000000000005,2.9699999999999998,177.3461538461537,0.85,1.03,0.03,0.04,1.33,1.0432704402515731,1.4782389937106928,2.1094339622641525,2.11924528301887,2.6000000000000023,3.89,3.86,1.55,0.63,9,2013,1.3866666666666685,424.00000000000006,12.72
2013-12-31,113.13999999999999,-0.6300000000000008,-0.0015632754342431781,-0.002084367245657568,31.099999999999994,0.7600000000000016,3.9499999999999993,1.52,0.13,112.38,4.780000000000001,10.96,103.56,142.87,267.86,110.06,385.48,50.0,36.28,4.08,166.06,19.81,185.87,98.93,199.61,24.490000000000002,-4.280000000000001,-16.35,3.1900000000000013,-243.09535714285687,0.75,0.93,0.03,0.04,1.33,-0.6544913151364773,-0.9817369727047159,-1.263126550868488,-1.263126550868488,-1.7175186104218383,2.75,2.73,1.61,0.75,12,2013,-0.8399999999999999,403.0,12.09
2014-03-31,101.07,-4.08,-0.01,0.02,26.86,-3.02,0.26,1.48,0.0,104.09,-0.5,9.51,84.99,143.36,248.89,107.61,364.1,30.0,30.39,3.92,149.57,19.0,168.57,98.93,195.53,13.26,-1.09,-13.61,3.28,-37.0,0.75,0.86,-0.01,0.02,-1.5,-4.48,-3.24,-8.36,-8.08,-5.64,-4.07,-4.04,1.66,0.71,3,2014,8.16,408.0,-4.08
2014-06-30,96.52000000000001,-5.75,-0.011698880976602238,0.003397761953204476,25.53,-4.52,-1.21,1.52,0.0,101.03999999999999,-1.5699999999999998,5.6,84.9,168.63,269.34,104.68,381.72,58.7,37.14,3.82,179.02,18.19,197.22,99.6,184.51,-24.14,-0.5,20.72,3.31,-32.48173913043478,0.82,1.07,-0.02,0.02,-0.75,-6.036622583926754,-4.539165818921668,-12.471007121057987,-12.096642929806714,-8.703967446592065,-5.01,-4.97,1.5,0.56,6,2014,1.67,491.5,-9.83
2014-09-30,140.02,4.41,0.008136531365313653,0.0018634686346863465,39.81,5.87,9.2,2.2,0.04,134.14,7.619999999999999,6.04,112.03,169.89,294.98,101.91,405.11,69.66,36.35,3.71,198.8,17.4,216.2,99.6,188.92,-10.94,-0.9099999999999999,12.280000000000001,3.33,67.59637188208617,1.16,1.14,-0.01,0.02,-1.5,4.361180811808119,1.3669372693726936,9.340738007380075,9.145461254612545,2.636236162361624,-1.62,-1.61,1.48,0.63,9,2014,1.0099999999999998,542.0,-5.42
2014-12-31,150.21999999999997,4.109999999999999,-0.0,,47.18999999999998,5.8,9.11,1.83,0.15,144.43,9.18,3.04,133.14,177.35,318.24,99.74,426.44,77.74,45.98,3.73,204.81,16.59,221.4,111.61,205.04,-10.16,-1.0899999999999999,8.259999999999998,3.3100000000000005,-0.0,1.0,1.08,0.0,0.02,0.0,3.890381679389312,-12.800610687022898,8.031755725190838,8.157251908396946,-23.342290076335875,-0.27,-0.27,1.55,0.69,12,2014,-inf,-inf,-1.31
2015-03-31,145.95,2.7,0.01,0.0,41.34,5.12,8.26,1.92,0.11,140.82,6.89,11.69,138.6,164.58,320.95,97.37,426.79,60.0,54.89,3.77,203.26,15.8,219.05,111.61,207.74,24.83,-0.68,-15.5,3.14,48.00000000000001,1.03,1.05,0.01,0.0,0.0,2.52,5.16,5.2,5.36,9.16,1.87,1.85,1.58,0.77,3,2015,0.0,270.0,2.7
2015-06-30,128.59000000000003,-6.0,-0.01818181818181818,0.0,35.64,-5.54,-2.3999999999999995,1.56,0.4,134.14,0.3600000000000003,14.84,129.93,169.19,317.21,94.41,420.01,50.0,49.99,3.77,204.16,15.03,219.19,131.36,200.82,-1.3599999999999994,-0.029999999999999916,4.529999999999999,3.14,-21.45,1.02,1.09,-0.01,0.0,-0.46,-5.745454545454546,-0.7272727272727274,-11.927272727272726,-12.436363636363637,-1.3818181818181818,-1.21,-1.2,1.55,0.73,6,2015,0.0,330.0,-3.3
2015-09-30,119.38999999999999,-4.54,-0.011581632653061225,0.0,34.42,-2.98,0.17999999999999972,1.2,1.31,122.37,2.039999999999999,39.69,125.3,167.6,338.06,92.17,438.4,73.16,40.12,3.76,192.34,14.26,206.6,131.36,231.79,-1.3699999999999974,-0.8,27.03,3.1599999999999993,-25.903083700440526,0.68,0.89,-0.02,0.0,-0.23,-4.146224489795919,-1.8762244897959184,-7.829183673469388,-8.639897959183674,-3.196530612244898,-2.0,-1.99,1.76,0.89,9,2015,0.0,392.0,-7.84
2015-12-31,151.72999999999996,8.459999999999999,0.0,,43.900000000000006,10.25,13.77,0.92,0.0,141.47999999999996,-4.699999999999999,3.49,161.47,144.51,317.05,89.6,414.43,70.68,52.91,3.71,160.13,11.75,171.88,167.86,242.55,6.539999999999999,-0.3400000000000001,-42.4,3.5200000000000014,0.0,0.64,0.71,0.0,0.0,0.0,8.187096774193547,88.96645161290321,14.190967741935482,15.282580645161291,146.82193548387096,0.11,0.11,1.98,1.08,12,2015,,inf,0.62
2016-03-31,119.93,2.85,0.0,,38.9,3.47,6.66,1.01,0.43,116.46,6.12,7.62,128.08,145.52,283.74,86.81,378.33,5.7,47.14,3.51,121.84,11.08,132.93,167.86,245.4,43.13,-0.18,-38.83,3.19,0.0,0.69,0.54,0.0,0.02,0.0,3.0,3.44,4.64,5.04,5.4,2.39,2.38,2.33,1.13,3,2016,inf,inf,2.85
2016-06-30,114.35,-1.9700000000000002,-0.0,,35.32,-0.8400000000000003,2.5299999999999994,1.47,0.0,115.19000000000001,-4.890000000000001,114.53,118.81,136.33,378.48,85.02,472.06,30.37,36.99,122.4,228.32,10.38,238.7,167.86,233.36,2.5999999999999943,-1.1300000000000001,105.44,3.3699999999999997,-0.0,1.06,1.02,0.0,0.02,0.0,-1.7013636363636366,-5.283181818181818,-3.4027272727272733,-3.6713636363636364,-9.670909090909092,0.38,0.38,1.66,1.06,6,2016,,inf,0.88
2016-09-30,105.30999999999997,-6.26,-0.011635687732342007,-inf,31.950000000000003,-4.58,-1.7499999999999991,1.41,1.48,109.89000000000001,6.67,107.46,114.89,138.15,369.85,83.1,461.94,0.0,38.21,3.22,225.15,9.69,234.84,167.86,227.1,-5.8799999999999955,-0.9300000000000002,-0.25,2.830000000000001,-30.294728434504794,1.04,1.03,-0.01,0.02,-1.5,-5.398959107806691,-2.001338289962825,-11.030631970260224,-10.891003717472117,-3.816505576208178,-1.59,-1.58,1.64,1.03,9,2016,-inf,538.0,-5.38
2016-12-31,136.31,10.059999999999999,0.021495726495726494,-0.0029914529914529925,47.290000000000006,11.649999999999999,15.919999999999998,1.41,0.0,124.65999999999997,-0.8900000000000006,2.12,141.09,125.72,272.13,80.63,361.15,39.43,45.86,3.12,114.99,8.99,123.98,167.86,237.17,8.469999999999999,-0.45999999999999996,-113.36,4.27,16.3986083499006,1.0,0.52,0.01,0.02,1.5,11.177777777777777,21.495726495726494,16.938632478632478,16.766666666666666,33.877264957264956,0.99,0.98,2.37,1.27,12,2016,-1.4000000000000004,467.99999999999994,4.68
2017-03-31,101.93,1.61,0.0,,33.13,1.64,4.51,1.32,0.0,100.29,1.12,6.01,120.09,147.57,280.37,94.19,383.93,48.72,50.12,3.16,136.84,8.31,145.15,167.86,238.78,-1.29,-4.31,9.5,2.87,0.0,0.93,0.61,0.0,0.01,0.0,1.6800000000000002,1.7200000000000002,2.68,2.68,2.64,1.59,1.58,2.05,0.97,3,2017,inf,inf,1.61
2017-06-30,100.10999999999999,-7.9,-0.012559618441971383,-inf,27.79,-7.67,-4.85,1.3,0.0,107.77,-7.99,28.18,112.95,140.64,284.8,91.65,385.72,91.09,31.05,6.57,145.18,13.69,158.88,167.86,226.84,-12.559999999999999,-12.080000000000002,46.79,2.8200000000000003,-25.876582278481013,0.96,0.7,-0.01,0.01,-0.6,-8.188871224165341,-7.08362480127186,-13.916057233704292,-13.71510333863275,-12.609856915739268,-3.13,-3.11,1.96,0.99,6,2017,-inf,629.0,-6.29
2017-09-30,96.22,-11.970000000000002,-0.01966593647316539,-0.00033406352683460936,28.870000000000005,-11.059999999999999,-8.32,1.19,0.0,107.29000000000002,-11.3,2.46,105.84,123.96,235.62,89.24,332.91,46.08,25.55,6.61,105.88,12.15,118.03,167.86,214.88,21.56,-0.1999999999999993,-47.07,2.7399999999999993,-15.12895154553049,0.93,0.55,-0.03,0.01,-0.2,-14.36924424972618,-11.275136911281491,-22.28806133625411,-21.658751369112817,-19.744600219058054,-6.14,-6.12,2.23,1.05,9,2017,-0.20333333333333226,608.6666666666667,-18.26
