,revenue,net_profit,eps,dps,gross_profit,ebit,ebitda,close_price,allowance_doubtful_accounts,expense,operating_profit,cash,account_receivable,inventory,current_asset,property_plant_equipment,total_asset,short_term_loan,account_payable,current_portion_long_term_debt,current_liability,non_current_liability,total_liability,paid_in_capital,total_equity,cash_flow_operation,cash_flow_investment,cash_flow_financing,depreciation,P/E,P/BV,D/E,EPS,DPS,DPR%,ROA%,ROAA%,ROE%,ROAE%,ROCE%,NPM%,NPMA%,TIE,CurrentRatio,QuickRatio,month,year,dividend,number_of_shares,return_old
2000-03-31,369.58,46.96,3.91,3.5,79.35,62.83,74.84,3.2,0.0,306.75,37.02,242.52,179.88,221.35,771.03,441.41,1483.68,0.0,161.33,4.0,219.64,301.74,521.38,120.0,962.3,59.7,-23.97,-0.33,12.01,0.205,0.4,0.54,3.91,3.5,0.9,12.68,0.0,19.52,0.0,19.88,14.3,12.71,0.0,3.51,2.5,3,2000,42.03580562659847,12.010230179028133,46.96
2000-06-30,408.59,67.02000000000001,5.585979996490613,-0.0035984686145415492,98.82,83.75000000000001,95.09,4.0,0.0,324.84000000000003,21.089999999999996,235.25,190.23,280.54,813.42,461.07,1541.56,0.0,176.16,0.0,251.12,301.82,552.93,120.0,988.62,41.89,-11.550000000000004,-39.0,11.340000000000002,0.1785720680393912,0.49,0.56,9.5,3.5,0.37,17.381217757501314,0.0,27.118462888226006,0.0,26.718624320056154,16.73,14.65,0.0,3.24,2.12,6,2000,-0.043174047651099556,11.997894736842106,113.98
2000-09-30,447.61,61.55999999999999,5.130584482169306,0.00021533553605961858,113.85,82.78999999999999,94.49000000000001,4.85,0.0,364.81999999999994,50.400000000000006,218.37,242.68,323.23,870.21,468.69,1642.06,0.37,213.86,0.0,286.53,301.88,588.41,120.0,1053.66,25.549999999999997,-47.29,3.3699999999999974,11.699999999999996,0.23525097465886943,0.55,0.56,14.63,3.5,0.24,14.995474535718351,0.0,23.36993505753674,0.0,23.734651931183777,15.97,14.32,0.0,3.04,1.91,9,2000,0.0025837320574098044,11.998632946001365,175.54
2000-12-31,541.1700000000001,65.22,5.434097026084067,0.0009801497808780383,132.34000000000003,83.81,98.13,7.4,0.0,457.36,77.27999999999999,217.87,304.97,273.32,877.89,479.72,1706.4,2.75,152.9,0.0,252.53,301.25,553.78,120.0,1152.61,47.739999999999995,-51.74000000000001,2.3800000000000026,14.32,0.3414642747623428,0.77,0.48,20.06,3.5,0.17,15.289154344575511,0.0,22.635750124605416,0.0,23.340069779033062,14.93,13.63,0.0,3.48,2.39,12,2000,0.011763751806789458,12.001994017946162,240.76
2001-03-31,469.54,72.6,6.05,0.0,118.88,90.72,102.77,7.35,0.0,378.82,55.4,303.31,228.03,261.91,875.34,481.84,1738.8,0.06,128.42,0.0,202.08,301.36,503.44,120.0,1235.36,120.1,-33.66,-2.69,12.05,0.3025,0.71,0.41,6.05,0.0,0.0,16.72,22.52,23.52,26.44,23.6,16.81,15.46,0.0,4.33,3.04,3,2001,0.0,12.0,72.6
2001-06-30,461.25999999999993,79.67000000000002,6.639602679450976,6.0,121.78999999999999,97.94999999999999,110.58,8.6,0.0,363.31,56.96,307.04,216.09,265.22,867.44,483.79,1769.52,0.8,124.26,0.0,194.46,300.8,495.25,120.0,1274.26,104.47,-20.240000000000002,-81.25,12.629999999999999,0.32491402033387723,0.81,0.39,12.69,6.0,0.47,18.019536349904776,23.85861955736521,25.009693307939845,28.169913968608398,25.072479148880284,17.98,16.36,0.0,4.46,3.1,6,2001,71.9952718676123,11.999211977935383,152.27
2001-09-30,447.85000000000014,43.00999999999999,3.583432507169192,0.0016229348317690641,80.45000000000002,36.51000000000002,80.53999999999999,9.8,0.0,411.34000000000003,12.379999999999995,348.82,205.51,257.74,892.17,489.73,1814.93,0.58,136.26,0.0,184.33,300.76,485.09,120.0,1329.84,72.32999999999998,-130.07,9.769999999999996,44.029999999999994,0.6810509183910719,0.88,0.36,16.27,6.0,0.37,9.479467431380579,11.479317902498973,12.932953707496925,14.439448996312983,12.16649119213437,15.41,14.16,0.0,4.84,3.44,9,2001,0.019479207986961455,12.002458512599878,195.28
2001-12-31,454.75,52.099999999999994,4.340613630851321,0.00022629287694762789,106.85000000000002,67.76999999999998,48.56,10.0,0.0,386.98,42.519999999999996,63.72,247.43,238.7,952.69,489.94,1903.35,0.2,133.93,300.0,509.34,0.8,510.14,120.0,1393.21,-5.089999999999975,-27.870000000000005,-0.37000000000000455,-19.209999999999994,0.5816516314779271,0.86,0.37,20.61,6.0,0.29,10.951572479586062,13.67261702643706,14.961532864419112,16.36838871371978,17.699425984315628,14.66,13.49,0.0,1.87,1.4,12,2001,0.0027161733090395046,12.002911208151383,247.38
2002-03-31,381.64,50.11,4.18,0.0,85.0,57.42,71.76,11.3,0.0,324.22,23.12,415.1,197.31,241.71,938.82,484.5,1895.77,0.66,122.63,300.0,555.45,0.9,556.36,120.0,1339.41,54.6,3.54,0.46,14.34,0.675,1.01,0.42,4.18,0.0,0.0,10.56,12.64,14.96,15.56,17.12,14.44,13.13,0.0,1.69,1.26,3,2002,0.0,11.988038277511963,50.11
2002-06-30,399.90999999999997,34.980000000000004,2.9146574215536494,7.0,97.69,44.2,58.58999999999999,12.0,0.0,355.7099999999999,14.169999999999998,383.99,226.37,260.39,945.31,475.34,1907.87,0.22,139.99,300.0,510.8,0.33,511.13,120.0,1396.74,31.71,21.62,-84.44,14.39,1.0277451400800457,1.03,0.37,7.09,7.0,0.99,7.33391937948055,9.093402279938891,10.01425314373017,10.47467857562581,11.954617463861794,12.11,10.89,0.0,1.85,1.34,6,2002,84.0098730606488,12.001410437235544,85.09
2002-09-30,407.51,45.94999999999999,3.8291666666666657,3.4991772449459333,84.57,50.49000000000001,64.98000000000002,11.9,0.0,357.0300000000001,9.670000000000002,93.9,225.68,274.26,654.37,474.19,1704.9,0.11,139.65,0.0,252.26,0.32,252.59,120.0,1452.32,84.32,-32.3,-342.10999999999996,14.489999999999998,0.777114254624592,0.98,0.17,10.92,10.5,0.96,10.786187423687423,12.118681318681316,12.651678876678874,13.212728937728937,14.685485347985345,12.34,11.02,0.0,2.59,1.51,9,2002,41.9901269393512,12.0,131.04
2002-12-31,439.8800000000001,43.400000000000006,3.6174959871589087,-0.002407704654895818,90.36000000000001,60.28999999999999,74.04999999999998,12.0,0.0,379.56999999999994,-3.1899999999999977,94.17,261.48,268.26,669.95,478.92,1720.53,0.44,151.14,0.0,244.57,0.32,244.89,120.0,1475.64,-26.840000000000003,26.78,0.3199999999999932,13.759999999999998,0.834016129032258,0.98,0.17,14.54,10.5,0.72,10.091171749598718,11.663563402889247,11.763081861958268,12.101444622792938,14.320706260032106,12.17,10.71,0.0,2.74,1.64,12,2002,-0.02888583218707197,11.997248968363136,174.44
2003-03-31,447.42,56.43,4.7,0.0,104.9,61.6,75.57,12.2,0.0,385.82,36.9,146.94,228.35,245.0,688.18,482.57,1777.59,1.05,138.25,0.0,252.64,0.31,252.96,120.0,1524.63,83.26,-31.09,0.61,13.97,0.6500000000000001,0.96,0.17,4.7,0.0,0.0,12.68,13.4,14.8,15.76,16.16,13.84,12.61,0.0,2.72,1.75,3,2003,0.0,12.006382978723403,56.43
2003-06-30,387.84999999999997,41.75000000000001,0.34869627215318805,3.5,87.31,42.199999999999996,57.16,15.0,-3.64,345.65000000000003,-7.239999999999998,157.28,204.66,266.23,681.25,477.54,1798.94,0.23,140.34,0.0,201.66,0.1,201.75,120.0,1597.19,37.239999999999995,15.91,-42.82,14.959999999999999,10.752767664670657,1.13,0.13,0.82,3.5,4.27,9.287227541250765,9.525361580770014,10.460888164595643,11.158280708902018,11.056223263393766,12.92,11.75,0.0,3.38,2.06,6,2003,419.06097560975616,119.73170731707319,98.18
2003-09-30,421.49,51.54999999999998,0.43035797769318096,0.0015279535684550156,84.66,62.290000000000006,77.51000000000002,15.8,0.0,359.21000000000004,54.150000000000006,239.36,182.1,256.81,732.45,462.39,1925.3,0.06,114.75,0.0,187.81,0.09,187.9,120.0,1737.41,51.0,31.259999999999998,-0.1700000000000017,15.219999999999999,9.178405431619789,1.09,0.11,1.25,3.5,2.8,10.714192212649433,12.600881586856339,11.870994456688702,12.931396513724701,13.165511253589793,13.39,11.91,0.0,3.9,2.53,9,2003,0.18302439024381556,119.78399999999999,149.73
2003-12-31,477.53999999999996,32.73000000000002,0.2726603091088459,0.007448865504768706,106.87,34.81,50.14999999999998,15.8,0.0,442.72,25.5,198.64,256.89,240.23,748.47,489.7,2037.04,0.05,140.9,0.0,227.12,0.09,227.22,120.0,1809.82,27.099999999999994,-67.83,-0.00999999999999801,15.340000000000003,14.480288725939499,1.05,0.13,1.52,3.5,2.3,6.429043077934894,7.670365011509375,7.232673462676755,7.971726405787574,7.9645511344952356,11.63,10.52,0.0,3.3,2.24,12,2003,0.8941578947369067,120.03947368421053,182.46
2004-03-31,454.68,65.61,0.55,0.0,120.04,69.91,85.33,15.9,0.0,384.78,51.88,243.17,235.82,262.64,807.02,493.76,2146.59,1.05,140.17,0.0,317.19,0.1,317.28,120.0,1829.31,63.64,-20.11,1.0,15.42,7.2275,1.04,0.17,0.55,0.0,0.0,12.24,14.24,14.360000000000001,15.64,15.28,15.66,14.43,0.0,2.54,1.72,3,2004,0.0,119.29090909090908,65.61
2004-06-30,531.24,69.8,0.5824828299239346,0.75,121.59999999999998,78.56,95.86,15.7,0.0,452.6700000000001,37.559999999999995,234.14,273.9,356.42,919.59,533.99,2249.64,6.71,221.75,0.0,330.29,0.1,330.39,120.0,1898.51,4.069999999999993,79.7,-92.79,17.299999999999997,6.736550501432665,0.99,0.17,1.13,0.75,0.66,12.412554464219776,15.113625286167935,14.701248061443025,15.979617458090244,15.958998596853998,15.28,13.73,0.0,2.78,1.71,6,2004,89.87389380530973,119.83185840707965,135.41
2004-09-30,568.5300000000001,49.16,0.41017716855393616,0.00011758974818771566,138.43,53.41,75.85000000000002,16.0,0.0,515.1199999999999,44.379999999999995,250.56,230.29,342.58,867.6,547.12,2270.16,1.38,161.03,0.0,251.59,0.12,251.71,120.0,1998.02,50.25,-28.740000000000002,-5.089999999999989,22.439999999999998,9.752249288039057,0.96,0.13,1.54,0.75,0.49,8.661663325567536,10.249102237633418,9.844252045294468,10.5261050008127,10.653952429972367,12.97,11.87,0.0,3.45,2.09,9,2004,0.014093207677277064,119.85064935064935,184.57
2004-12-31,668.0600000000002,28.890000000000015,0.24090789843530416,0.0004421583288818786,138.19,25.230000000000018,45.839999999999975,19.4,0.0,642.8300000000002,19.670000000000016,243.98,314.76,306.93,920.24,552.03,2359.68,2.38,158.62,0.0,279.24,0.31,279.55,120.0,2059.24,22.15000000000002,-29.740000000000002,1.009999999999991,20.61,20.134250605745923,1.13,0.14,1.78,0.75,0.42,4.899362878291017,5.592311440082454,5.613966082638436,5.971267684812146,5.911717417783194,10.32,9.6,0.0,3.3,2.2,12,2004,0.05302422296804821,119.92134831460675,213.46
2005-03-31,554.96,58.75,0.48999999999999994,0.0,138.45,65.79,86.21,20.1,0.0,489.17,53.74,339.48,276.24,271.27,925.92,556.68,2364.59,9.83,151.46,0.0,356.16,0.33,356.5,120.0,1991.48,100.8,-8.75,3.46,20.42,10.255,1.21,0.18,0.49,0.0,0.0,9.92,11.68,11.8,12.32,13.12,11.2,10.59,0.0,2.6,1.84,3,2005,0.0,119.89795918367348,58.75
2005-06-30,586.3699999999999,57.36,0.4791938678839032,0.9,144.55,63.17999999999999,84.22000000000001,19.5,0.0,523.19,44.43,320.69,280.17,312.57,950.08,547.24,2385.78,2.72,195.59,0.0,311.64,0.48,312.12,120.0,2056.81,77.42999999999999,18.880000000000003,-115.11,21.04,10.17177039748954,1.14,0.15,0.97,0.9,0.93,9.623398501421066,10.986877960554645,11.164723107398158,11.599455688571183,12.291075704073723,10.89,10.17,0.0,3.05,2.05,6,2005,107.73092783505155,119.70103092783505,116.11
2005-09-30,627.3100000000002,80.39999999999999,0.6709887537529896,0.0009174003893718873,183.64,90.0,111.42000000000002,18.9,0.0,537.3100000000001,87.77,208.09,315.21,338.91,1018.73,545.51,2508.19,1.85,182.32,0.0,319.06,0.48,319.54,120.0,2171.14,46.640000000000015,-158.4,-0.8499999999999943,21.42,7.039164179104478,1.04,0.15,1.64,0.9,0.55,12.81424863874612,15.007236272963207,14.810849320645259,15.432741336318761,16.365579359829017,11.78,11.11,0.0,3.19,2.13,9,2005,0.10992582348504243,119.82317073170732,196.51
2005-12-31,680.4100000000001,71.75,0.5991202564676061,-0.0004827860848504567,186.72000000000003,80.45000000000002,98.52999999999997,20.2,0.0,599.9499999999998,84.37,345.47,381.17,299.68,1086.86,542.35,2677.96,5.04,170.77,0.0,320.1,0.18,320.28,120.0,2338.87,62.420000000000016,71.84,3.1299999999999955,18.07999999999999,8.431028571428572,1.04,0.14,2.24,0.9,0.4,10.719973160366807,12.72060687392828,12.271266681577574,13.052262730187131,13.587191530604636,11.54,10.95,0.0,3.4,2.46,12,2005,-0.05781794425088549,119.75892857142856,268.26
2006-03-31,633.18,92.88,0.77,1.1,170.6,101.56,120.38,24.5,0.0,531.62,72.55,396.32,352.1,287.38,1126.13,545.36,2737.57,3.91,162.3,0.0,413.15,0.19,413.34,120.0,2305.42,86.94,-35.01,-1.08,18.82,7.955000000000001,1.28,0.18,0.77,1.1,1.43,13.559999999999999,15.92,16.12,17.28,17.48,16.0,14.67,0.0,2.73,2.03,3,2006,132.68571428571428,120.62337662337661,92.88
2006-06-30,639.15,73.5,0.6096285611251352,-0.0005306269640923262,159.42,78.75,97.63,24.0,0.0,560.4,58.530000000000015,270.75,348.28,310.41,1044.06,542.03,2668.15,2.78,194.43,0.0,324.21,0.2,324.41,120.0,2327.59,47.28999999999999,-36.85,-136.01,18.880000000000003,9.841320408163265,1.24,0.14,1.38,1.1,0.8,11.026325279480707,12.616660656328886,12.634331049404977,13.411828344752974,13.588532275513886,14.24,13.08,0.0,3.22,2.26,6,2006,-0.06397515527947917,120.56521739130436,166.38
2006-09-30,530.94,39.5,0.32999805712065283,-0.007972563164697202,134.47000000000003,41.78,60.460000000000036,21.6,0.0,489.1500000000001,34.369999999999976,282.38,259.58,347.31,1053.38,529.3,2683.74,1.6,172.9,0.0,297.02,0.18,297.2,120.0,2370.5,120.27000000000001,-107.41000000000001,-1.2199999999999989,18.68,16.366156962025318,1.09,0.13,1.72,1.1,0.64,5.886244414221877,6.569263648727415,6.66903050320575,6.960656693219351,7.144841655333204,12.33,11.42,0.0,3.55,2.38,9,2006,-0.9542972699696861,119.69767441860465,205.88
2006-12-31,641.46,45.640000000000015,0.38105916030534365,0.0006773699627197518,145.76999999999998,47.119999999999976,64.97999999999996,18.9,0.0,594.3400000000001,37.81,287.54,341.2,305.94,1122.99,495.4,2737.59,1.21,173.91,0.0,299.82,0.18,300.0,120.0,2421.39,23.029999999999973,-17.48999999999998,-0.38999999999998636,17.859999999999992,12.399649430324274,0.94,0.12,2.1,1.1,0.52,6.670349872773538,7.214720101781173,7.541342239185753,7.671991094147585,8.013129770992368,11.03,10.29,0.0,3.75,2.73,12,2006,0.08112956810632,119.77142857142857,251.52
2007-03-31,573.02,75.61,0.63,0.0,131.03,80.42,97.0,18.7,0.0,492.6,40.69,279.8,270.16,304.63,1153.14,481.64,2752.29,1.39,163.3,0.0,378.36,0.14,378.5,120.0,2357.45,90.5,-98.42,0.19,16.58,7.42,0.95,0.16,0.63,0.0,0.0,11.0,11.719999999999999,12.84,12.96,13.56,14.74,13.2,0.0,3.05,2.24,3,2007,0.0,120.01587301587301,75.61
2007-06-30,514.97,37.31,0.3105862557562876,1.0,107.5,35.959999999999994,52.360000000000014,17.5,0.0,479.01,-22.54,254.41,254.06,320.02,1082.63,491.94,2685.36,0.56,176.47,0.0,281.79,0.14,281.93,120.0,2387.13,53.52000000000001,42.14,-121.06,16.4,14.088517823639775,0.88,0.12,0.94,1.0,1.06,5.564119730782855,5.749149840595112,6.251374424371237,6.330673042862204,6.396755224938009,11.51,10.38,0.0,3.84,2.71,6,2007,120.1276595744681,120.1276595744681,112.92
2007-09-30,503.69000000000005,41.41000000000001,0.3461342577593469,-0.004112491745375692,122.54999999999998,47.69,64.6,17.5,0.0,456.0099999999999,24.270000000000003,276.3,233.37,303.78,1084.66,477.35,2680.54,0.08,136.74,0.0,237.93,0.15,238.07,120.0,2425.97,57.379999999999995,-35.010000000000005,-0.46999999999999886,16.910000000000004,12.643432141994683,0.87,0.1,1.29,1.0,0.78,6.1821188362599635,6.568501263526212,6.826089548370376,6.911952309985098,7.212471975636625,10.58,9.7,0.0,4.56,3.28,9,2007,-0.49200065973940355,119.6356589147287,154.33
2007-12-31,598.6000000000001,43.609999999999985,0.3635268263110032,0.002733973884498649,141.67000000000002,46.58000000000001,63.47999999999999,19.0,0.0,552.0200000000002,85.64999999999999,280.98,277.43,255.76,1151.06,464.69,2742.56,0.1,142.57,0.0,260.41,0.13,260.54,120.0,2465.21,80.82000000000002,-76.14999999999999,0.010000000000005116,16.900000000000006,13.071937628984182,0.92,0.11,1.65,1.0,0.61,6.362821056885922,6.777021319591794,7.076655552187528,7.138344953016063,7.482043043346466,9.78,9.04,0.0,4.42,3.44,12,2007,0.32797744890767433,119.96363636363637,197.94
2008-03-31,556.63,82.35,0.69,0.0,145.68,89.91,106.28,17.0,0.0,466.72,55.64,454.67,247.92,254.91,1223.63,451.92,2794.12,1.69,126.55,0.0,327.48,0.14,327.62,120.0,2449.27,74.62,97.46,1.6,16.37,6.16,0.83,0.13,0.69,0.0,0.0,11.8,12.96,13.44,13.719999999999999,14.6,16.36,14.79,0.0,3.74,2.96,3,2008,0.0,119.34782608695652,82.35
2008-06-30,565.07,55.44,0.4627041149575441,0.75,133.27999999999997,56.20000000000002,71.87,17.6,0.0,508.87,37.459999999999994,260.59,260.76,272.66,1138.32,448.7,2807.66,6.22,155.38,0.24,327.3,0.61,327.91,120.0,2462.89,62.91,-170.51999999999998,-86.47,15.669999999999998,9.50661525974026,0.86,0.13,1.15,0.75,0.65,7.902181580666231,8.56203788373612,8.996577400391901,9.141423905943826,9.479399085564989,13.45,12.28,0.0,3.48,2.64,6,2008,89.86304347826086,119.81739130434782,137.79
2008-09-30,507.1199999999999,33.30000000000001,0.2783271962125198,0.2589090410081652,133.79000000000002,35.00999999999999,51.18000000000001,18.7,0.0,472.1,-12.33999999999999,373.01,252.02,303.94,1150.34,439.99,2782.14,0.11,156.36,0.24,299.3,0.56,299.86,120.0,2465.17,39.05000000000001,110.7,-37.31999999999999,16.17,16.800729729729724,0.91,0.12,1.43,1.01,0.71,4.788006312467124,5.161704366123095,5.40305102577591,5.449763282482905,5.6755391899000545,11.39,10.5,0.0,3.84,2.83,9,2008,30.97674673152936,119.64335664335665,171.09
2008-12-31,579.72,37.75999999999999,0.31459133349293744,0.0032428299495571534,135.26,43.03,59.04999999999998,18.8,0.0,536.7,21.58999999999999,151.49,341.42,263.99,1166.78,426.44,2844.6,0.22,132.06,0.24,273.82,0.5,274.32,120.0,2552.78,-52.37000000000002,-169.2,0.060000000000002274,16.020000000000003,14.933659957627121,0.88,0.11,1.74,1.01,0.58,5.3082767536509445,5.800051711754847,5.915763466602823,6.017011252094804,6.306290639214747,10.16,9.46,0.0,4.26,3.3,12,2008,0.38923277871552386,120.02873563218391,208.85
2009-03-31,498.87,41.99,0.35,0.0,137.35,45.3,60.54,18.0,0.0,453.57,15.7,218.53,272.44,225.24,1169.33,417.44,2771.61,0.01,100.32,0.24,216.84,0.45,217.29,120.0,2536.57,132.74,-65.43,-0.27,15.24,12.8575,0.85,0.09,0.35,0.0,0.0,6.08,6.52,6.64,6.72,7.08,8.95,8.42,0.0,5.39,4.35,3,2009,0.0,119.97142857142859,41.99
2009-06-30,478.30999999999995,51.910000000000004,0.4312012779552716,0.54,101.28,51.84,66.72,17.5,0.0,426.46999999999997,35.510000000000005,216.87,240.79,269.63,1174.2,410.58,2843.05,0.44,134.66,0.24,257.71,0.4,258.11,120.0,2568.11,35.079999999999984,28.710000000000008,-65.44,14.88,10.147929108071663,0.82,0.1,0.78,0.54,0.69,7.297252396166134,7.60683280085197,8.093316293929714,8.24810649627263,8.314445154419596,10.63,9.61,0.0,4.56,3.51,6,2009,65.00769230769231,120.38461538461539,93.9
2009-09-30,457.13,23.64,0.19710056151097496,-0.002007303569324956,107.38,25.260000000000005,40.14999999999999,18.2,0.0,431.8700000000001,-38.06,388.52,220.58,275.25,1198.52,397.16,2860.69,0.0,110.14,0.25,232.18,0.35,232.53,120.0,2611.3,31.400000000000006,140.73000000000002,-0.5,14.889999999999997,23.082887055837567,0.84,0.09,0.98,0.54,0.55,3.30646248085758,3.491495661051557,3.6202143950995405,3.7247983665135274,3.7489331291475247,8.96,8.19,0.0,5.16,3.98,9,2009,-0.24075353218209727,119.9387755102041,117.54
2009-12-31,550.1600000000001,36.09999999999998,0.3007550117156989,0.00041602686375243,129.66000000000003,38.5,53.22,18.0,0.0,511.65999999999985,8.709999999999999,228.72,292.98,261.03,1245.54,383.64,2943.55,0.04,124.46,0.25,264.06,0.28,264.35,120.0,2662.2,16.110000000000014,-175.88,-0.020000000000010232,14.719999999999999,14.959684210526323,0.81,0.1,1.28,0.54,0.42,4.906066128612339,5.225618328560268,5.422988804998695,5.535771934392083,5.639156469669354,8.38,7.74,0.0,4.72,3.73,12,2009,0.049936224489783854,120.03124999999999,153.64
2010-03-31,517.66,47.62,0.4,0.0,136.1,51.81,65.37,18.6,0.0,465.85,26.88,138.12,272.98,278.92,1294.58,380.6,2990.55,0.01,145.75,0.25,266.65,0.21,266.87,120.0,2706.45,65.95,-24.46,-0.09,13.56,11.625,0.82,0.1,0.4,0.0,0.0,6.36,7.2,7.04,7.280000000000001,7.6,9.67,9.2,0.0,4.85,3.81,3,2010,0.0,119.04999999999998,47.62
2010-06-30,537.1,46.300000000000004,0.3845187393526406,0.75,114.71000000000001,46.06999999999999,59.31,18.0,0.0,491.03,-11.079999999999998,163.44,255.51,335.85,1164.62,375.03,2999.02,0.14,155.26,0.23,300.07,0.2,300.27,120.0,2678.28,21.5,111.06,-107.22999999999999,13.24,11.704501079913607,0.81,0.11,0.78,0.75,0.96,6.172018739352641,6.605834752981261,6.921337308347529,7.059369676320274,7.157964224872232,9.71,8.9,0.0,3.88,2.76,6,2010,90.3076923076923,120.41025641025641,93.92
2010-09-30,533.1400000000001,50.55,0.4198795597701945,-0.00011580791327448265,146.21999999999997,55.610000000000014,68.28,18.2,0.0,477.5200000000001,30.749999999999996,107.62,271.82,349.96,1185.51,373.37,3094.69,0.0,144.38,0.17,305.75,0.21,305.96,120.0,2768.15,25.849999999999994,-81.36999999999999,-0.27000000000001023,12.669999999999998,10.838822453016816,0.79,0.11,1.2,0.75,0.63,6.53612514708936,7.207932442721673,7.3059043400013834,7.515844119886482,7.697791929120233,9.82,9.1,0.0,3.88,2.73,9,2010,-0.013942307692303757,120.39166666666667,144.47
2010-12-31,639.0999999999999,41.31,0.34465765959737327,0.5366610372483582,153.11,44.81,57.19999999999999,18.0,0.0,594.31,114.04,104.32,342.26,331.89,1163.28,372.75,3116.51,0.0,163.48,0.11,344.99,0.49,345.48,120.0,2750.52,32.730000000000004,28.76,-64.78999999999999,12.39,13.053169934640522,0.79,0.13,1.55,1.29,0.83,5.301057164387986,5.816931854882119,6.003714070405857,6.101552373775434,6.359489719022501,8.93,8.34,0.0,3.37,2.41,12,2010,64.32315322580645,119.85806451612903,185.78
2011-03-31,622.57,65.11,0.54,0.0,177.03,80.5,92.0,18.1,0.0,542.07,56.84,124.62,326.46,343.36,1176.23,389.38,3191.72,0.0,187.47,0.04,296.53,128.74,425.26,120.0,2747.2,84.26,-63.83,-0.12,11.5,8.38,0.79,0.15,0.54,0.0,0.0,8.16,10.4,9.48,9.56,11.12,10.9,10.46,0.0,3.97,2.81,3,2011,0.0,120.57407407407406,65.11
2011-06-30,656.16,78.08,0.6488944758712201,0.31,162.23999999999998,85.37,97.13999999999999,18.0,0.0,570.7899999999998,22.78,82.17,347.78,424.16,1295.82,407.05,3333.14,0.0,233.2,0.0,386.46,128.01,514.47,120.0,2799.84,10.959999999999994,-23.049999999999997,-30.38,11.77,6.936682569159836,0.77,0.18,1.19,0.31,0.26,9.378978978978978,11.429267406941827,11.14571687967037,11.407455827920945,12.279918988756199,12.09,11.2,0.0,3.35,2.26,6,2011,37.30159663865546,120.32773109243698,143.19
2011-09-30,678.6099999999999,76.97999999999999,0.6398392151519281,0.45995811487151067,193.01999999999998,95.31,107.73000000000002,19.0,0.0,583.3000000000002,56.879999999999995,79.78,338.58,431.2,1279.97,433.99,3386.04,0.0,181.24,0.0,349.78,132.21,481.99,120.0,2884.21,58.69999999999999,1.6799999999999926,-62.760000000000005,12.419999999999998,7.42194271239283,0.79,0.17,1.83,0.77,0.42,9.090611799972748,11.272358631966208,10.670979697506471,10.894748603351955,12.027578689194712,12.08,11.25,0.0,3.66,2.43,9,2011,55.3382394269183,120.31147540983605,220.17
2011-12-31,656.1099999999999,59.80000000000004,0.49767475086616453,-0.00097838351532962,178.11,68.99000000000001,75.61000000000001,19.1,0.0,587.1200000000001,161.74,91.69,355.54,401.0,1271.1,470.92,3436.73,0.0,129.97,0.0,314.58,135.66,450.24,120.0,2966.08,47.390000000000015,-35.11,-0.36999999999999034,6.6200000000000045,9.597633779264207,0.77,0.15,2.33,0.77,0.33,6.963174625852774,8.612122727435088,8.065321284423336,8.364353323570386,9.039311354788019,11.39,10.71,0.0,4.04,2.77,12,2011,-0.11756138746216038,120.15879828326182,279.97
2012-03-31,692.49,92.68,0.77,0.0,215.4,110.18,122.0,21.0,0.0,582.31,80.39,133.97,391.79,393.41,1367.17,475.15,3619.47,0.0,186.38,0.0,334.61,138.04,472.66,120.0,3125.53,85.0,-42.72,0.0,11.82,6.8175,0.81,0.15,0.77,0.0,0.0,10.24,12.96,11.880000000000003,12.639999999999999,13.399999999999999,13.99,13.38,0.0,4.09,2.91,3,2012,0.0,120.36363636363637,92.68
2012-06-30,714.73,73.10999999999999,0.6085517823752938,0.64,176.72,75.95999999999998,88.63999999999999,26.0,0.0,638.78,27.0,98.68,420.42,462.91,1445.08,479.06,3641.01,0.0,359.37,0.0,382.91,143.92,526.83,120.0,3094.15,30.090000000000003,11.829999999999998,-77.21,12.68,10.680767336889621,1.01,0.17,1.38,0.64,0.46,8.025827854514747,9.419323240243681,9.45460160443935,9.930859521080885,10.07197297786356,12.69,11.78,0.0,3.77,2.57,6,2012,76.88811594202899,120.1376811594203,165.79
2012-09-30,651.7900000000002,61.129999999999995,0.5091472765732417,-0.00039546593704732413,184.89999999999998,71.88999999999999,85.88999999999999,26.5,0.0,579.8900000000001,42.86,109.54,400.45,484.86,1489.49,486.55,3835.63,1.73,328.13,0.0,347.44,147.46,494.9,120.0,3321.22,27.960000000000008,-18.83,1.7299999999999898,14.0,13.01087191231801,0.96,0.15,1.89,0.64,0.34,6.379157412303895,7.704556671954874,7.359737352370879,7.87696633174687,7.9739467653798695,11.76,11.02,0.0,4.29,2.89,9,2012,-0.04748102139406285,120.06349206349206,226.92
2012-12-31,748.1199999999999,62.56000000000003,0.5208290728202296,0.00028074423542158694,241.35000000000002,71.23000000000002,85.67000000000002,25.0,0.0,676.8899999999999,169.08999999999997,149.64,449.39,421.7,1594.01,481.1,3889.41,0.47,294.96,0.0,328.24,161.1,489.33,120.0,3381.02,77.66,-36.31,-1.25,14.439999999999998,11.996114130434776,0.89,0.14,2.41,0.64,0.26,6.4314826585601805,7.771374879093551,7.399662843719777,7.883752936299574,7.9961309935055995,10.94,10.31,0.0,4.86,3.57,12,2012,0.03372192583810829,120.11618257261411,289.48
2013-03-31,657.76,52.85,0.44,0.0,171.79,58.12,72.28,29.0,0.0,599.65,28.22,87.46,419.34,416.7,1565.06,473.85,3963.38,1.15,272.98,0.0,311.4,350.24,661.64,120.0,3283.96,71.67,-134.52,0.67,14.16,16.4775,1.06,0.2,0.44,0.0,0.0,5.32,6.12,6.44,6.6,6.36,8.42,8.03,0.0,5.03,3.69,3,2013,0.0,120.11363636363636,52.85
2013-06-30,669.4300000000001,81.63,0.6798453301606188,1.2,169.10999999999999,86.1,100.60999999999999,28.25,0.0,583.32,25.270000000000003,114.41,386.67,434.86,1540.51,469.23,3778.8,0.48,289.16,0.0,310.91,328.71,639.62,120.0,3122.53,59.66000000000001,111.95000000000002,-144.67,14.510000000000002,10.38706847972559,1.09,0.2,1.12,1.2,1.07,8.64374776918501,9.444994051160025,10.464762046400951,10.51332242712671,10.100559190957764,10.95,10.13,0.0,4.95,3.56,6,2013,144.08571428571426,120.07142857142856,134.48
2013-09-30,571.22,17.74000000000001,0.14800814610432275,-0.0021341291739398684,149.05,17.47,31.99000000000001,29.0,0.0,553.75,16.259999999999998,78.21,319.64,389.94,1532.09,458.6,3672.4,1.68,225.84,0.0,238.6,323.35,561.95,120.0,3094.26,91.69,-129.07,1.1999999999999886,14.519999999999996,48.97382468996615,1.12,0.18,1.27,1.2,0.94,1.9299329917225077,2.00918144790435,2.2935435553803716,2.2142950991985293,2.1956484036263313,8.6,8.02,0.0,6.42,4.79,9,2013,-0.25579302587175334,119.85826771653544,152.22
2013-12-31,564.4199999999998,55.03999999999999,0.4594190871369294,-0.0005488940438461535,130.89000000000004,52.120000000000005,66.57,28.0,0.0,512.3,-5.420000000000002,93.51,365.6,345.54,1553.66,447.34,3721.35,0.48,234.65,0.0,242.81,323.68,566.5,120.0,3140.09,38.22,-21.730000000000018,-1.1999999999999886,14.450000000000003,15.231953125,1.07,0.18,1.73,1.2,0.69,5.916680497925311,5.969792531120331,7.010788381742737,6.755850622406639,6.532780082987552,8.99,8.42,0.0,6.4,4.98,12,2013,-0.06575941013153397,119.80346820809248,207.26
2014-03-31,561.05,51.16,0.43,0.0,162.18,52.55,66.43,26.75,0.0,508.5,23.26,58.23,374.02,335.12,1559.27,435.86,3799.9,0.0,215.29,0.0,228.71,337.33,566.04,120.0,3219.98,39.24,-74.04,-0.48,13.88,15.5525,1.0,0.18,0.43,0.0,0.0,5.4,5.4,6.36,6.28,5.88,9.63,9.12,0.0,6.82,5.35,3,2014,0.0,118.9767441860465,51.16
2014-06-30,608.78,81.91,0.6832501690839409,0.95,162.69,80.06000000000002,93.88,27.75,0.0,528.72,25.029999999999998,107.38,352.03,371.3,1594.39,426.02,3858.66,0.0,278.85,0.0,288.3,346.14,634.43,120.0,3211.32,97.67999999999998,65.46000000000001,-114.0,13.819999999999999,10.153674764985961,1.04,0.2,1.11,0.95,0.86,8.49446156158413,8.543704817013602,10.193353873900953,10.341083640189375,9.134623882167281,12.33,11.38,0.0,5.53,4.24,6,2014,113.88873873873872,119.88288288288287,133.07
2014-09-30,570.0500000000002,35.99000000000001,0.30016503016680474,0.00014124203465278406,147.21999999999997,34.39999999999998,48.16,27.25,0.0,535.6499999999999,5.810000000000002,60.04,373.78,346.35,1578.18,419.4,3899.41,1.25,245.23,0.0,252.75,360.07,612.82,120.0,3274.8,10.170000000000016,-58.75,1.25,13.760000000000002,22.70026257293692,1.0,0.19,1.41,0.95,0.67,3.6956488820537094,3.755256122086834,4.393905122441738,4.521634922512718,3.900016562167279,10.43,9.72,0.0,6.24,4.87,9,2014,0.01693502012652459,119.90070921985816,169.06
2014-12-31,593.6999999999998,39.05000000000001,0.32461919177358134,0.0031122214077320873,147.19,40.71000000000001,54.29999999999998,28.0,0.0,552.9900000000002,-0.5300000000000011,110.51,365.23,346.7,1604.24,411.98,3927.13,0.0,274.18,0.0,283.74,336.62,620.35,120.0,3295.29,74.19,-22.480000000000004,-1.25,13.589999999999996,21.557104993597946,1.02,0.19,1.73,0.95,0.55,3.977992407861228,4.075565806544617,4.743568305223201,4.856152996011725,4.278218249963962,9.58,8.92,0.0,5.65,4.43,12,2014,0.37438404460296226,120.29479768786128,208.11
2015-03-31,541.9,39.54,0.33,0.0,144.84,40.56,53.71,25.75,0.0,501.34,20.91,108.87,370.93,345.37,1606.72,405.8,3925.0,0.88,235.15,0.0,245.66,337.74,583.4,120.0,3330.55,-2.53,0.01,0.88,13.15,19.5075,0.93,0.18,0.33,0.0,0.0,4.04,4.2,4.76,4.84,4.4,7.63,7.3,0.0,6.54,5.13,3,2015,0.0,119.81818181818181,39.54
2015-06-30,583.9,76.35,0.639049961170075,0.85,143.4,77.64,91.04999999999998,25.0,0.0,506.26000000000005,6.669999999999998,86.09,328.36,392.2,1579.95,400.78,3939.49,5.01,275.13,0.0,290.49,332.45,622.94,120.0,3308.2,71.51,3.58,-97.86999999999999,13.409999999999998,9.77893025540275,0.91,0.19,0.97,0.85,0.88,7.747657261195961,7.984830442661144,9.223401501423764,9.381516955733884,8.53823453274657,11.26,10.29,0.0,5.44,4.09,6,2015,101.55309278350515,119.47422680412372,115.89
2015-09-30,549.6100000000001,34.209999999999994,0.28489340439706856,0.004288034780936441,147.42000000000002,32.10000000000001,45.82000000000002,25.0,0.0,517.5099999999999,7.230000000000004,48.51,327.41,384.06,1486.73,401.68,3917.88,0.0,252.26,0.0,259.44,332.81,592.26,120.0,3319.08,17.239999999999995,-49.81,-5.010000000000005,13.720000000000002,21.938029815843326,0.9,0.18,1.25,0.85,0.68,3.491653564290473,3.509886742171885,4.1206982011991995,4.148047968021318,3.746918054630246,9.67,8.96,0.0,5.73,4.25,9,2015,0.5149072164948478,120.08,150.1
2015-12-31,552.3299999999997,23.099999999999994,0.19205542725173205,0.0013976905311777553,135.55,22.859999999999985,37.97999999999999,25.0,0.0,529.47,-1.4299999999999997,38.9,342.02,341.3,1473.65,402.28,3904.16,6.0,231.75,0.0,247.21,328.68,575.89,120.0,3318.24,42.41999999999999,-62.82000000000001,10.799999999999997,15.119999999999997,32.540606060606066,0.9,0.17,1.44,0.85,0.59,2.3686836027713625,2.3580138568129327,2.784803695150115,2.7954734411085447,2.528729792147806,8.35,7.77,0.0,5.96,4.58,12,2015,0.16811111111110222,120.27777777777777,173.2
2016-03-31,532.25,49.05,0.41,0.0,155.25,49.16,63.14,24.0,0.0,483.1,24.09,139.81,354.1,335.85,1473.79,396.19,3991.22,12.74,212.59,0.0,234.38,343.81,578.19,120.0,3402.99,17.31,76.85,6.74,13.98,14.635,0.85,0.17,0.41,0.0,0.0,4.92,4.96,5.76,5.84,5.24,9.74,9.22,0.0,6.29,4.86,3,2016,0.0,119.63414634146342,49.05
2016-06-30,532.6300000000001,56.33,0.47039665970772443,0.75,149.5,56.5,70.10000000000001,23.1,0.0,476.11,10.8,72.17,296.52,374.28,1452.26,388.9,4012.61,7.99,262.46,0.0,278.36,349.9,628.27,120.0,3375.34,104.92,-77.86,-94.67999999999999,13.599999999999998,12.276872891887093,0.82,0.19,0.88,0.75,0.85,5.623378250142342,5.687523249193395,6.671079901309547,6.7352249003606,6.051011577149365,10.66,9.9,0.0,5.22,3.87,6,2016,89.8125,119.75,105.38
2016-09-30,533.8299999999999,58.77000000000001,0.4904958879074019,0.0004226317392628001,164.43,58.50999999999999,71.16999999999999,24.7,0.0,475.3299999999999,34.03,81.9,292.18,339.88,1454.45,386.88,4049.3,7.73,228.82,0.0,243.72,358.62,602.34,120.0,3439.11,67.39999999999999,-57.120000000000005,-0.5700000000000074,12.660000000000004,12.589860898417559,0.86,0.18,1.37,0.75,0.55,5.800024367956138,5.900271702710937,6.831139811148341,6.960029241547367,6.1723716113311005,10.98,10.27,547.23,5.97,4.57,9,2016,0.05063868613137856,119.81751824817518,164.15
2016-12-31,534.7799999999997,41.16,0.3428162291169451,0.001541731268400746,143.26000000000005,40.630000000000024,53.01000000000002,24.0,0.0,494.1500000000001,17.64999999999999,68.32,319.18,327.42,1422.22,404.63,4118.81,3.12,226.12,0.0,239.5,367.49,606.98,120.0,3505.07,36.45000000000002,-45.29,-4.739999999999995,12.379999999999995,17.50821428571429,0.82,0.17,1.71,0.75,0.44,3.993508353221957,4.097756563245823,4.699188544152745,4.827494033412887,4.234081145584725,10.22,9.62,553.51,5.94,4.57,12,2016,0.18510692790371763,120.06432748538012,205.31
2017-03-31,517.93,46.13,0.38,0.0,142.72,46.38,59.01,23.4,0.0,471.54,16.35,125.39,324.79,329.31,1412.88,399.04,4198.55,1.09,194.5,0.0,204.24,385.58,589.82,120.0,3602.84,14.61,44.52,-2.05,12.63,15.395000000000001,0.78,0.16,0.38,0.0,0.0,4.4,4.52,5.12,5.28,4.64,9.52,8.91,2319.0,6.92,5.31,3,2017,0.0,121.39473684210527,46.13
2017-06-30,488.1,41.23,0.34452724358974357,0.85,121.85,39.57999999999999,51.65,23.0,0.0,448.53000000000003,-9.080000000000002,134.48,281.31,353.84,1340.0,399.05,4116.36,2.99,212.11,0.0,220.42,383.61,604.02,120.0,3509.52,37.730000000000004,71.41999999999999,-100.07000000000001,12.069999999999999,16.691205432937185,0.79,0.17,0.73,0.85,1.16,4.002179487179487,3.9833012820512814,4.700673076923077,4.795064102564102,4.172083333333333,9.47,8.68,2149.0,6.08,4.47,6,2017,101.72054794520547,119.67123287671232,87.36
2017-09-30,487.5,32.2,0.2693208430913349,-0.0007907991402263527,133.74,29.580000000000013,40.18000000000001,20.7,0.0,457.91999999999996,3.280000000000001,126.01,303.32,327.16,1321.52,406.41,4244.86,5.93,205.66,0.0,217.56,408.96,626.52,120.0,3615.96,34.92,-46.28,2.8900000000000006,10.599999999999998,19.214999999999996,0.69,0.17,1.0,0.85,0.85,3.0379391100702575,3.0056206088992976,3.5658079625292745,3.6519906323185016,3.091803278688525,8.64,8.01,1444.25,6.07,4.57,9,2017,-0.09454794520546272,119.56,119.56
