,revenue,net_profit,eps,dps,gross_profit,ebit,ebitda,close_price,expense,operating_profit,cash,account_receivable,inventory,current_asset,property_plant_equipment,total_asset,short_term_loan,account_payable,current_liability,non_current_liability,total_liability,paid_in_capital,total_equity,cash_flow_operation,cash_flow_investment,cash_flow_financing,depreciation,P/E,P/BV,D/E,EPS,DPS,DPR%,ROA%,ROAA%,ROE%,ROAE%,ROCE%,NPM%,NPMA%,CurrentRatio,QuickRatio,month,year,dividend,number_of_shares,return_old
2015-09-30,,,,,,,,,,,8.4,40.95,148.62,197.97,190.59,399.46,83.25,114.35,199.13,0.23,199.37,150.0,200.09,,,,,,0.0,1.0,0.04,0.0,0.0,,,,,,2.34,2.33,0.99,0.25,9,2015,,561.0,22.44
2015-12-31,359.80999999999995,16.7,0.025600408788962695,0.0,45.97000000000001,18.37,22.699999999999996,1.33,341.44000000000005,16.82,15.61,36.45,167.4,479.75,187.97,678.79,1.05,122.64,125.64,2.54,128.17,200.0,550.61,16.68,-262.7,253.22999999999996,4.33,12.990026946107786,0.48,0.23,0.06,0.0,0.0,9.847623914154317,0.0,12.134593765968319,0.0,14.694634644864585,2.97,2.96,3.82,2.49,12,2015,0.0,652.3333333333334,39.14
2016-03-31,351.09,10.96,0.01,0.029999999999999995,41.94,13.71,18.03,1.51,337.38,11.48,30.08,48.48,180.18,474.72,201.43,691.39,0.0,122.74,127.09,2.62,129.71,200.0,561.69,-13.46,28.98,-1.05,4.32,37.75,0.54,0.23,0.01,0.03,3.0,6.36,0.0,7.8,0.0,9.72,3.14,3.12,3.74,2.32,3,2016,32.879999999999995,1096.0,10.96
2016-06-30,365.04,13.95,0.016800481734243273,-0.009598554797270167,47.19,17.48,21.979999999999997,1.81,347.54999999999995,15.629999999999999,18.8,41.64,171.95,435.13,213.12,675.68,0.0,115.99,121.39,2.7,124.09,200.0,551.59,31.12,-18.41,-24.0,4.5,26.932263440860215,0.66,0.22,0.03,0.03,1.0,8.265837013247692,0.0,10.125090325170614,0.0,12.611561621838618,3.5,3.48,3.58,2.17,6,2016,-7.969999999999995,830.3333333333334,24.91
2016-09-30,366.7800000000001,13.959999999999997,0.017957293542577822,0.017957293542577822,46.58000000000001,17.279999999999998,22.090000000000003,2.18,349.5200000000001,15.399999999999999,40.59,42.81,189.73,416.13,251.21,691.35,0.0,131.87,134.8,2.78,137.58,200.0,553.77,3.6499999999999986,30.14,-11.999999999999996,4.8100000000000005,30.34978510028654,0.79,0.25,0.05,0.05,0.9,8.073599176742988,12.771227167481348,10.084816053511704,14.811175713918187,12.512642140468227,3.61,3.59,3.09,1.68,9,2016,13.959999999999997,777.3999999999999,38.87
2016-12-31,373.28,16.79,0.021115702479338846,0.0011157024793388409,48.59,19.42,24.499999999999993,3.36,353.8499999999999,17.39,42.77,39.08,204.78,369.58,324.83,713.07,0.0,134.77,139.87,2.86,142.73,200.0,570.33,23.280000000000005,-21.09,0.0,5.08,39.78082191780822,1.18,0.25,0.07,0.05,0.64,9.423636363636362,11.776528925619836,11.776528925619836,11.981652892561982,14.286280991735538,3.84,3.82,2.64,1.18,12,2016,0.8871428571428552,795.142857142857,55.66
2017-03-31,379.75,14.55,0.02,0.02,50.15,17.51,23.1,3.16,362.24,15.19,42.17,45.24,202.16,331.32,386.99,732.72,0.0,137.37,144.87,2.93,147.8,200.0,584.91,12.67,-13.27,0.0,5.59,39.5,1.08,0.25,0.02,0.02,0.75,7.96,9.84,9.96,10.16,11.92,3.86,3.83,2.29,0.89,3,2017,14.55,727.5,14.55
2017-06-30,391.94000000000005,14.120000000000001,0.019700034879665155,-0.0002999651203348446,51.54,16.45,22.64,2.88,375.49,14.26,20.86,39.61,231.02,297.88,416.02,728.82,0.0,134.74,139.02,3.0,142.02,200.0,586.8,1.9000000000000004,-11.219999999999999,-12.0,6.1899999999999995,36.54815864022663,0.98,0.24,0.04,0.02,0.38,7.742113707708406,9.534816881757934,9.63331705615626,9.928817579351238,11.347220090687129,3.74,3.72,2.14,0.48,6,2017,-0.21499999999999986,716.75,28.67
2017-09-30,400.78,14.909999999999997,0.01710647085819183,0.013553235429095912,53.34,17.32,24.609999999999992,2.5,383.47,15.309999999999999,27.03,42.29,204.93,289.94,443.43,748.27,0.0,153.85,155.56,3.07,158.63,200.0,589.64,49.63999999999999,-31.460000000000004,-12.0,7.290000000000001,36.53588195841718,0.85,0.27,0.05,0.03,0.6,7.964772831574116,9.743845800826065,10.11334557136301,10.428104635153737,11.837677833868746,3.74,3.72,1.86,0.55,9,2017,11.812999999999995,871.5999999999999,43.58
