,revenue,net_profit,eps,dps,gross_profit,ebit,ebitda,close_price,allowance_doubtful_accounts,expense,operating_profit,cash,account_receivable,inventory,current_asset,property_plant_equipment,total_asset,short_term_loan,account_payable,current_portion_long_term_debt,current_liability,non_current_liability,total_liability,paid_in_capital,total_equity,cash_flow_operation,cash_flow_investment,cash_flow_financing,depreciation,P/E,P/BV,D/E,EPS,DPS,DPR%,ROA%,ROAA%,ROE%,ROAE%,ROCE%,NPM%,NPMA%,TIE,CurrentRatio,QuickRatio,month,year,dividend,number_of_shares,return_old
2000-03-31,339.79,13.97,0.55,0.0,63.56,39.83,58.96,0.43,0.0,299.96,33.86,1.63,178.86,322.81,558.39,543.39,1147.95,94.97,299.77,0.0,820.51,769.73,1590.24,252.54,-442.28,-36.41,-7.04,10.87,19.13,0.19249999999999998,-0.05,-3.6,0.55,0.0,0.0,4.88,0.0,-12.64,0.0,48.64,4.18,4.11,0.0,0.68,0.29,3,2000,0.0,25.4,13.97
2000-06-30,318.36999999999995,6.909999999999998,0.34748563218390804,0.0,52.66,28.769999999999996,47.26,0.43,0.0,289.59999999999997,26.58,10.41,188.6,329.71,570.5,468.14,1090.81,102.81,303.62,0.0,816.18,624.23,1440.41,211.75,-349.61,34.309999999999995,-11.02,-14.51,18.49,0.3097250361794501,-0.05,-4.12,1.05,0.0,0.0,2.528371647509578,0.0,-7.902816091954022,0.0,33.067394636015315,3.22,3.17,0.0,0.7,0.3,6,2000,0.0,19.885714285714283,20.88
2000-09-30,316.6600000000001,8.73,0.4304559270516718,0.0,61.44,28.190000000000012,46.47,0.43,0.0,288.47,27.11,2.34,175.26,354.94,575.06,454.01,1084.62,121.24,292.79,0.0,792.47,627.23,1419.69,211.75,-335.07,19.16,-10.34,-16.9,18.28,0.2459020618556701,-0.05,-4.24,1.46,0.0,0.0,3.2195744680851064,0.0,-10.425288753799393,0.0,39.07124620060791,3.08,3.04,0.0,0.73,0.28,9,2000,0.0,20.28082191780822,29.61
2000-12-31,287.2299999999999,161.83999999999997,7.895458866544789,0.0,53.97,25.129999999999995,43.150000000000006,0.43,0.0,262.0899999999999,19.960000000000008,7.13,151.94,345.36,532.44,440.78,1022.75,122.59,234.43,20.48,586.72,609.25,1195.97,211.75,-173.22,23.710000000000004,1.0199999999999996,-19.93,18.020000000000003,0.014786980968858134,-0.1,-6.9,9.34,0.0,0.0,63.29892504570383,0.0,-373.7071151736746,0.0,94.54262522851919,15.37,15.17,0.0,0.91,0.32,12,2000,0.0,20.49785867237687,191.45
2001-03-31,300.55,34.67,1.6399999999999997,0.0,44.33,12.65,29.78,0.43,0.0,287.9,9.21,7.38,173.19,332.93,543.54,427.85,1023.61,116.73,241.92,40.96,571.26,590.9,1162.16,211.75,-138.55,11.03,-5.84,-4.93,17.13,0.065,-0.13,-8.39,1.64,0.0,0.0,13.56,4.68,-100.08,-47.76,11.2,11.67,11.54,0.0,0.95,0.37,3,2001,0.0,21.14024390243903,34.67
2001-06-30,303.90000000000003,12.339999999999996,0.582744097000638,0.0,48.68000000000001,27.590000000000003,44.92999999999999,6.75,0.0,276.31000000000006,20.849999999999998,9.69,204.43,331.76,577.41,417.74,1032.11,124.03,242.97,61.44,586.06,572.26,1158.32,211.75,-126.21,-15.09,8.95,8.45,17.34,2.8952674230145874,-2.26,-9.18,2.22,0.0,0.0,4.777451606041266,3.97945968942778,-39.11210380770048,-20.747789831950644,9.470904062965323,7.92,7.78,0.0,0.99,0.42,6,2001,0.0,21.175675675675674,47.01
2001-09-30,294.78,0.6499999999999986,0.03068610994544685,0.0,49.7,16.239999999999995,33.78,4.69,0.0,278.53,18.98,5.18,202.4,304.23,546.7,412.16,985.41,94.72,226.77,81.92,557.33,553.64,1110.97,211.75,-125.56,25.389999999999997,-0.5499999999999998,-29.36,17.54,38.128000000000085,-1.58,-8.85,2.25,0.0,0.0,0.26403692824171154,0.29785984053713743,-2.070835081829622,-1.1287033151489696,0.7195551825430115,5.36,5.3,0.0,0.98,0.44,9,2001,0.0,21.182222222222222,47.66
2001-12-31,289.56999999999994,7.100000000000001,0.3358108108108109,0.0,42.95999999999998,22.610000000000007,39.89999999999999,4.44,0.0,266.98,14.469999999999999,6.49,228.02,285.92,550.44,442.22,1028.26,123.17,237.92,0.0,509.59,637.11,1146.7,211.75,-118.45,30.690000000000005,-55.050000000000004,25.669999999999998,17.29,3.2971690140845062,-1.59,-9.68,2.59,0.0,0.0,2.7642804967129297,3.998612125639154,-23.976113951789632,-19.474433893352817,7.909057706355005,4.67,4.61,0.0,1.08,0.52,12,2001,0.0,21.142857142857142,54.76
2002-03-31,276.72,7.38,0.35,0.0,47.64,21.92,39.08,6.67,0.0,254.8,18.22,64.47,245.19,293.9,648.66,441.45,1121.1,310.12,243.93,45.45,619.6,593.01,1212.62,211.75,-110.99,3.41,3.46,51.11,17.16,4.7675,-2.55,-10.93,0.35,0.0,0.0,2.64,8.16,-26.6,-23.64,17.48,2.71,2.67,0.0,1.05,0.57,3,2002,0.0,21.085714285714285,7.38
2002-06-30,302.79999999999995,2.88,0.13473684210526315,0.0,46.55,17.78,35.46000000000001,7.74,0.0,285.00999999999993,12.810000000000002,24.53,186.46,296.5,541.32,463.8,1038.13,244.63,218.43,68.18,555.28,571.64,1126.92,211.75,-108.11,48.56999999999999,-42.82,-45.69,17.680000000000003,14.356875,-3.03,-10.42,0.48,0.0,0.0,1.111578947368421,4.311578947368421,-10.655438596491228,-9.83578947368421,9.229473684210527,1.8,1.77,0.0,0.97,0.44,6,2002,0.0,21.375,10.26
2002-09-30,284.9200000000001,4.640000000000001,0.21798657718120806,0.0,46.77000000000001,19.159999999999997,37.30999999999999,5.61,0.0,265.7700000000001,16.07,30.53,165.71,329.22,559.6,479.16,1073.27,254.87,246.65,90.9,607.41,550.36,1157.77,211.75,-103.47,31.9,-34.45,8.56,18.15,6.430441810344827,-2.3,-11.19,0.7,0.0,0.0,1.7314362416107383,7.125046979865773,-17.937181208053694,-16.205744966442953,15.732402684563763,1.75,1.72,0.0,0.92,0.38,9,2002,0.0,21.28571428571429,14.9
2002-12-31,228.76,-1.4900000000000002,-0.07,0.0,34.109999999999985,12.480000000000004,27.310000000000002,7.1,0.0,216.27999999999997,6.839999999999996,7.2,150.08,340.15,527.0,485.68,1049.09,266.99,238.28,88.99,604.47,530.77,1135.24,211.75,-104.95,1.8400000000000034,-14.329999999999998,-10.84,14.829999999999991,-25.357499999999995,-2.87,-10.82,0.63,0.0,0.0,-0.568888888888889,-3.0533333333333337,5.680000000000001,5.337777777777778,-7.133333333333335,1.25,1.23,0.0,0.87,0.31,12,2002,0.0,21.285714285714285,13.41
2003-03-31,267.07,-0.04,-0.01,0.0,38.04,13.44,27.62,7.38,0.0,253.63,7.52,4.66,181.23,335.22,551.23,482.5,1074.85,251.72,292.82,87.07,649.97,511.2,1161.18,211.75,-104.99,46.61,-11.12,-38.04,14.18,-184.6225,-2.98,-11.06,-0.01,0.0,0.0,-0.0,4.88,0.16,0.16,12.64,-0.02,-0.01,0.0,0.85,0.33,3,2003,0.0,4.0,-0.04
2003-06-30,247.55,-9.74,-0.458118609406953,0.0,31.970000000000006,4.630000000000001,18.819999999999997,7.1,0.0,242.92000000000002,0.33000000000000007,16.04,169.42,373.84,572.58,489.55,1104.88,272.06,310.65,0.0,600.91,599.5,1200.41,211.75,-114.62,11.869999999999997,-21.200000000000003,20.72,14.190000000000001,-3.8758521560574946,-2.62,-10.47,-0.46,0.0,0.0,-3.545439672801636,6.732351738241309,33.98044989775051,34.97635991820041,14.301267893660532,-1.94,-1.9,0.0,0.95,0.33,6,2003,0.0,21.26086956521739,-9.78
2003-09-30,296.1,-8.94,-0.4823397435897436,0.0,35.25999999999999,2.7300000000000004,17.120000000000005,7.46,0.0,293.36999999999995,1.4900000000000002,21.74,208.9,395.57,639.53,523.8,1205.5,326.03,354.08,600.13,1280.23,31.46,1311.69,211.75,-126.31,-1.9099999999999966,-48.61000000000001,56.22,14.389999999999997,-3.8633557046979865,-2.5,-10.38,-1.01,0.0,0.0,-2.960897435897436,3.495769230769231,28.310000000000002,31.118076923076924,-53.1624358974359,-2.35,-2.31,0.0,0.5,0.19,9,2003,0.0,18.534653465346533,-18.72
2003-12-31,288.71000000000004,-6.080000000000002,-0.2868387096774194,0.0,48.3,10.34,25.28,7.53,0.0,278.38,7.219999999999999,10.09,194.78,383.54,594.72,843.33,1482.84,310.82,350.13,589.13,1250.08,32.56,1282.64,211.75,179.66,33.589999999999996,-25.179999999999993,-20.07,14.940000000000005,-6.55690789473684,1.77,7.14,-1.17,0.0,0.0,-1.6376774193548391,2.412387096774194,-13.532903225806457,-65.10503225806453,13.12103225806452,-2.29,-2.26,0.0,0.48,0.17,12,2003,0.0,21.1965811965812,-24.8
2004-03-31,289.67,2.23,0.11,0.0,43.55,15.75,30.66,7.17,0.0,273.92,9.5,15.98,211.15,397.77,630.71,824.97,1502.34,293.08,393.25,0.0,707.49,602.72,1310.21,211.75,170.98,31.28,-7.36,-18.04,14.91,16.3,1.78,7.66,0.11,0.0,0.0,0.6,4.88,5.2,27.04,7.92,0.79,0.77,0.0,0.89,0.33,3,2004,0.0,20.272727272727273,2.23
2004-06-30,286.71999999999997,-24.23,-1.145418181818182,0.0,29.67,-9.85,5.099999999999998,7.53,0.0,296.57,-13.34,7.28,223.1,399.53,637.17,814.92,1500.68,293.31,424.23,20.67,760.82,582.81,1343.63,211.75,135.68,7.579999999999998,-15.29,-0.9700000000000024,14.95,-1.6434172513413123,2.35,9.9,-1.04,0.0,0.0,-6.476018181818182,1.9824545454545455,-71.41241818181818,-920.4316181818183,3.524363636363637,-3.89,-3.82,0.0,0.84,0.31,6,2004,0.0,21.153846153846153,-22.0
2004-09-30,326.31000000000006,-14.159999999999997,-0.6696238938053096,0.0,39.45,1.2299999999999995,16.440000000000005,7.74,0.0,325.08000000000004,-1.62,24.08,227.45,378.55,633.22,803.78,1487.26,304.09,406.99,32.65,779.59,574.78,1354.36,211.75,110.6,20.810000000000002,-14.93,10.910000000000002,15.21,-2.8920338983050855,2.96,12.25,-1.71,0.0,0.0,-3.806283185840708,0.8301769911504424,-51.20469026548672,721.0635398230087,1.5820353982300883,-4.07,-4.01,0.0,0.81,0.33,9,2004,0.0,21.146198830409354,-36.16
2004-12-31,391.93000000000006,-8.150000000000006,-0.3844166102459944,0.0,49.33,7.9799999999999995,22.86999999999999,7.6,0.0,383.94999999999993,3.4699999999999998,11.27,216.16,396.39,629.29,791.24,1472.75,317.67,372.02,65.27,807.66,550.53,1358.19,211.75,91.62,-39.17,-13.21,39.57,14.89,-4.947496932515334,3.51,14.82,-2.09,0.0,0.0,-2.214533965244867,0.750440081245769,-35.579688557887636,-24.036154366960073,1.6700970435567601,-3.47,-3.42,0.0,0.78,0.29,12,2004,0.0,21.200956937799045,-44.31
2005-03-31,299.81,7.23,0.34,0.0,50.47,22.37,37.47,7.1,0.0,277.44,19.1,26.24,241.28,378.45,653.35,792.06,1496.01,314.02,347.24,194.04,864.94,519.64,1384.58,211.75,88.01,39.14,-22.94,-1.23,15.1,5.22,3.42,15.73,0.34,0.0,0.0,1.9200000000000002,5.96,32.84,22.32,14.16,2.44,2.41,0.0,0.76,0.32,3,2005,0.0,21.264705882352942,7.23
2005-06-30,357.7,16.74,0.7891614518147683,0.0,68.24,36.7,52.0,6.75,0.0,320.98999999999995,34.47,30.86,261.26,383.46,681.22,777.5,1511.08,304.16,369.88,152.4,937.0,455.37,1392.37,211.75,93.89,30.86,-11.400000000000002,-14.84,15.299999999999999,2.1371102150537635,3.04,14.83,1.13,0.0,0.0,4.441652065081351,10.950488110137671,71.31784730913641,58.328110137672084,28.745031289111385,3.68,3.65,0.0,0.73,0.32,6,2005,0.0,21.212389380530976,23.97
2005-09-30,363.5,41.42,1.957299281235663,0.0,92.53000000000002,63.27,78.81,7.1,0.0,300.24,58.71,32.91,267.41,421.29,725.68,767.56,1547.75,307.54,363.55,136.35,922.22,473.07,1395.29,211.75,124.46,14.159999999999997,-16.389999999999993,4.290000000000001,15.54,0.9077559150169,2.42,11.21,3.09,0.0,0.0,10.692301575164398,20.42178926441352,133.12168833154917,140.97622266401592,49.559577917112705,6.48,6.4,0.0,0.79,0.33,9,2005,0.0,21.161812297734627,65.39
2005-12-31,321.28999999999996,16.939999999999998,0.8003959674480748,0.0,67.02999999999997,28.939999999999998,45.21000000000001,7.1,0.0,292.36,30.830000000000013,15.14,254.03,407.39,681.43,755.98,1493.65,118.3,302.24,193.29,672.35,660.64,1332.98,211.75,130.55,-10.89,-15.350000000000001,8.469999999999999,16.270000000000003,2.223493211334121,2.3,10.21,3.89,0.0,0.0,4.53489129114539,8.394898578889832,51.90022592007773,60.99469938054171,15.160199198348112,6.18,6.13,0.0,1.01,0.41,12,2005,0.0,21.16452442159383,82.33
2006-03-31,281.31,15.07,0.7100000000000001,0.0,56.68,31.1,47.23,6.6,0.0,250.21,22.96,11.74,225.04,403.75,646.0,743.22,1446.02,112.63,262.73,193.29,630.21,648.9,1279.11,211.75,134.81,23.07,-10.38,-16.1,16.13,2.325,2.07,9.49,0.71,0.0,0.0,4.16,8.44,44.72,54.12,15.24,5.53,5.36,0.0,1.03,0.38,3,2006,0.0,21.225352112676056,15.07
2006-06-30,291.10999999999996,16.979999999999997,0.6622464898595943,0.0,59.26,28.07,44.470000000000006,6.5,0.0,263.03999999999996,25.189999999999998,96.96,250.64,402.4,754.2,732.53,1546.34,103.41,272.68,182.65,594.68,640.21,1234.89,247.56,282.59,18.520000000000003,-16.58,83.28,16.400000000000002,2.4537691401649004,1.14,4.37,1.25,0.0,0.0,4.386720748829952,8.201260530421216,24.031600624024957,36.089784711388454,13.181354134165366,5.72,5.6,0.0,1.27,0.59,6,2006,0.0,25.639999999999997,32.05
2006-09-30,310.5400000000001,4.030000000000001,0.11951496674057654,0.0,54.78999999999999,12.819999999999993,29.409999999999997,6.0,0.0,297.72,10.009999999999998,87.93,261.0,446.26,805.46,722.96,1590.27,116.61,315.0,182.65,642.61,640.0,1282.6,247.56,277.8,-5.100000000000001,-17.43,13.5,16.589999999999996,12.556377171215878,1.07,4.62,1.07,0.0,0.0,1.0142017738359204,2.050742793791575,5.803736141906875,8.015321507760536,3.3955654101995574,4.16,4.09,0.0,1.25,0.56,9,2006,0.0,33.719626168224295,36.08
2006-12-31,243.54999999999995,-6.349999999999998,-0.1687352842246888,0.0,38.07000000000002,1.4000000000000057,17.059999999999988,6.35,0.0,242.14999999999986,-1.0799999999999983,20.03,168.08,481.16,674.07,724.66,1464.91,105.75,220.11,0.0,349.64,824.11,1173.75,247.56,260.6,-22.160000000000004,-28.230000000000004,-17.510000000000005,15.660000000000004,-9.410598425196852,1.21,4.5,0.79,0.0,0.0,-1.7343424150689533,-4.237605112680792,-9.748200470904807,-12.986209216279848,-5.621661621257986,2.68,2.64,0.0,1.93,0.55,12,2006,0.0,37.63291139240506,29.73
2007-03-31,241.98,-0.79,-0.02,0.0,36.41,8.61,23.38,6.0,0.0,233.37,2.65,6.57,189.23,466.17,670.28,725.32,1460.24,117.23,207.46,151.43,510.69,672.7,1183.4,247.56,248.96,2.37,-19.51,3.68,14.77,-75.0,1.19,4.75,-0.02,0.0,0.0,-0.2,2.36,-1.28,-1.6400000000000001,3.64,-0.34,-0.33,0.0,1.31,0.4,3,2007,0.0,39.5,-0.79
2007-06-30,259.98,3.48,0.06468401486988848,0.0,38.22,12.129999999999999,26.8,5.7,0.0,247.85000000000002,5.889999999999999,10.48,212.26,443.3,673.44,711.26,1454.48,120.64,191.8,36.56,396.74,787.57,1184.31,247.56,241.59,-6.27,-11.469999999999999,21.65,14.670000000000002,22.0301724137931,1.17,4.9,0.05,0.0,0.0,0.9314498141263939,7.141115241635688,5.743940520446097,5.329962825278811,10.142453531598512,0.55,0.54,0.0,1.7,0.58,6,2007,0.0,53.8,2.69
2007-09-30,268.94,1.7200000000000002,0.035102040816326535,0.0,45.150000000000006,10.82,25.339999999999996,5.55,0.0,258.12,5.74,2.08,219.5,442.58,671.05,706.05,1451.32,96.87,233.86,54.84,420.02,769.29,1189.31,247.56,232.46,50.21,-20.16,-38.449999999999996,14.52,39.52975290697674,1.18,5.12,0.09,0.0,0.0,0.46802721088435373,3.2449886621315196,2.964172335600907,2.6989569160997737,4.773877551020409,0.59,0.57,0.0,1.6,0.54,9,2007,0.0,49.0,4.41
2007-12-31,233.97000000000003,4.9,0.1,0.0,30.599999999999994,4.349999999999998,18.17,5.5,0.0,229.62,-4.969999999999999,8.97,174.52,428.93,624.3,901.71,1606.4,89.98,219.29,228.12,564.32,596.01,1160.33,247.56,413.45,40.67,-21.650000000000006,-12.13,13.82,13.751249999999999,0.66,2.81,0.19,0.0,0.0,1.2210526315789474,4.926315789473684,4.7368421052631575,5.810526315789474,7.2631578947368425,0.95,0.93,0.0,1.11,0.35,12,2007,0.0,49.0,9.31
2008-03-31,297.64,16.9,0.34,0.0,55.3,27.72,37.92,5.5,0.0,269.92,24.47,17.58,225.7,414.42,671.16,898.44,1642.64,89.67,261.87,805.48,1190.15,0.47,1190.62,247.56,421.44,40.89,-9.69,-22.58,10.2,4.045,0.65,2.83,0.34,0.0,0.0,4.12,7.16,16.04,20.16,24.52,5.75,5.68,0.0,0.56,0.22,3,2008,0.0,49.70588235294117,16.9
2008-06-30,282.41999999999996,231.79,4.678860428646105,0.0,48.16,25.950000000000003,36.599999999999994,5.0,0.0,256.46999999999997,16.700000000000003,18.9,203.59,439.15,675.85,902.31,1654.56,72.3,280.11,20.01,423.58,552.18,975.77,247.56,646.15,29.989999999999995,-12.6,-16.08,10.650000000000002,0.2682277061132922,0.38,1.51,5.02,0.0,0.0,56.0344798745426,12.862205959226346,143.49748039728175,208.88968112911658,16.254845791949815,43.9,42.87,0.0,1.6,0.56,6,2008,0.0,49.539840637450204,248.69
2008-09-30,324.44000000000005,38.620000000000005,0.7796317566391703,0.0,71.03000000000002,52.84,59.67999999999999,5.2,0.0,271.59000000000003,49.269999999999996,6.39,251.76,438.4,710.86,906.98,1699.52,118.02,252.35,30.01,448.18,542.18,990.36,247.56,672.87,-42.36,-25.869999999999997,55.72,6.84,1.673867167270844,0.38,1.47,5.8,0.0,0.0,9.09211931363336,3.6346970171591666,22.958811040339707,34.12636385785389,4.575631895861614,32.4,31.76,0.0,1.59,0.61,9,2008,0.0,49.536206896551725,287.31
2008-12-31,246.94000000000005,13.860000000000014,0.2798047614304216,0.0,54.120000000000005,22.999999999999986,37.150000000000006,4.42,0.0,223.94999999999993,21.97,14.75,190.47,435.52,651.52,900.6,1633.34,90.12,226.32,40.01,387.59,532.18,919.77,247.56,674.9,58.92,-19.590000000000003,-30.97,14.150000000000002,3.9656222943722907,0.32,1.36,6.08,0.0,0.0,3.394473553142747,1.4726566391074822,8.213742404621982,10.187102301026009,1.914453630839727,26.64,26.16,0.0,1.68,0.56,12,2008,0.0,49.53453947368421,301.17
2009-03-31,168.89,-7.24,-0.15,0.0,29.8,3.11,13.11,4.98,0.0,165.79,-0.47,20.08,124.04,437.3,595.73,887.45,1566.19,105.49,171.43,40.01,359.55,522.18,881.73,247.56,654.19,11.46,-11.52,5.39,10.0,-8.3,0.38,1.35,-0.15,0.0,0.0,-1.84,0.76,-4.44,-5.4,1.04,-4.39,-4.29,0.0,1.66,0.44,3,2009,0.0,48.26666666666667,-7.24
2009-06-30,189.76,-12.51,-0.25336708860759494,0.0,21.569999999999997,-1.4899999999999998,3.1799999999999997,5.0,0.0,191.23999999999998,-7.07,10.64,127.7,414.64,570.41,874.72,1516.92,80.22,198.57,40.01,345.34,512.18,857.52,247.56,628.21,27.769999999999996,6.85,-44.05,4.67,-4.933553157474021,0.39,1.37,-0.4,0.0,0.0,-3.293772151898734,0.25336708860759494,-7.955726582278481,-7.854379746835443,0.35471392405063296,-5.67,-5.51,0.0,1.65,0.45,6,2009,0.0,49.375,-19.75
2009-09-30,253.90999999999997,30.25,0.605,0.0,40.970000000000006,41.78,53.18,5.0,0.0,212.12,11.71,12.77,160.68,406.2,595.69,866.71,1538.9,107.25,204.32,526.34,860.9,0.47,861.38,247.56,644.99,-9.609999999999996,-13.4,25.129999999999995,11.4,2.0661570247933883,0.38,1.34,0.21,0.0,0.0,7.8361904761904775,30.88380952380953,18.783809523809524,18.322857142857146,73.75238095238096,1.84,1.71,0.0,0.69,0.22,9,2009,0.0,50.0,10.5
2009-12-31,264.2700000000001,18.04,0.36661527680448486,0.0,51.96000000000001,23.96,42.730000000000004,4.98,0.0,240.32000000000005,14.15,18.64,185.13,421.58,670.18,851.19,1521.59,79.77,204.87,16.91,334.21,502.99,837.2,247.56,649.56,-16.69,60.33,-37.769999999999996,18.770000000000003,3.397430709534368,0.38,1.29,0.58,0.0,0.0,4.7533566923615975,10.796187806587245,11.099593552908198,10.897323055360895,14.33592151366503,3.46,3.25,0.0,2.01,0.74,12,2009,0.0,49.20689655172414,28.54
2010-03-31,279.98,9.12,0.23000000000000004,0.0,61.45,31.52,45.15,4.74,0.0,248.46,27.95,21.84,206.62,437.86,714.07,832.11,1546.38,93.34,207.62,29.5,385.19,483.59,868.78,247.56,645.28,3.04,-7.07,7.23,13.63,5.1525,0.36,1.35,0.23,0.0,0.0,2.36,8.12,5.64,5.6,10.84,3.3,3.26,0.0,1.85,0.72,3,2010,0.0,39.65217391304347,9.12
2010-06-30,260.56999999999994,-0.75,-0.015232974910394268,0.15,42.92,13.599999999999998,27.57,5.25,0.0,246.97,11.09,21.08,195.83,433.74,699.17,819.47,1518.86,110.02,196.51,49.0,394.76,464.09,858.85,247.56,626.63,10.5,-14.96,3.6899999999999995,13.97,-86.1552,0.41,1.37,0.17,0.15,0.88,-0.19713261648745523,-1.0645161290322582,-0.48028673835125457,-0.47670250896057353,-1.4372759856630826,1.57,1.55,0.0,1.77,0.67,6,2010,7.3852941176470575,49.23529411764705,8.37
2010-09-30,299.25,19.29,0.3905422993492408,0.00047849942580070086,76.91,43.88,57.66999999999999,6.1,0.0,255.36999999999995,43.839999999999996,28.01,226.08,450.4,755.36,807.69,1567.93,105.79,243.12,68.5,453.06,444.59,897.65,247.56,634.96,15.690000000000001,-4.82,-3.9299999999999997,13.79,3.9038024883359257,0.48,1.41,0.56,0.15,0.27,4.909674620390455,15.984338394793927,12.162603036876357,12.051019522776572,22.260911062906725,3.32,3.29,0.0,1.67,0.67,9,2010,0.023634453781513187,49.39285714285714,27.66
2010-12-31,283.59000000000015,-7.66,-0.1532,0.0018214285714285871,70.59,17.090000000000003,30.900000000000006,8.2,0.0,266.51,31.86,23.91,212.9,485.36,729.17,810.6,1546.34,114.71,242.13,78.0,473.04,425.09,898.13,247.56,610.97,11.879999999999999,-14.490000000000002,-1.4900000000000002,13.810000000000002,-13.381201044386422,0.66,1.47,0.4,0.15,0.38,-1.97628,-10.60144,-5.00964,-4.85644,-15.136160000000002,1.8,1.78,0.0,1.54,0.52,12,2010,0.09107142857142936,50.0,20.0
2011-03-31,326.06,22.23,0.45,0.0,90.88,51.36,65.05,6.15,0.0,274.7,53.81,27.03,245.31,553.52,836.12,799.08,1641.77,164.78,261.8,79.5,575.24,449.23,1024.47,247.56,585.58,-22.67,-4.69,30.48,13.69,3.4175,0.52,1.75,0.45,0.0,0.0,5.4,12.88,15.199999999999998,14.439999999999998,19.28,6.85,6.82,0.0,1.45,0.49,3,2011,0.0,49.4,22.23
2011-06-30,292.06,1.6600000000000001,0.03335286730849728,0.2,69.00999999999999,26.480000000000004,38.760000000000005,7.2,0.0,265.58,30.53,30.0,211.54,614.39,862.35,786.16,1655.08,170.44,303.3,81.0,623.54,429.59,1053.13,247.56,568.35,39.21,-7.81,-28.44,12.28,53.9683734939759,0.63,1.85,0.48,0.2,0.42,0.4002344077019674,1.3619087484303058,1.1673503557974048,1.111762243616576,2.0984512348262876,3.88,3.86,0.0,1.38,0.4,6,2011,9.954166666666667,49.770833333333336,23.89
2011-09-30,378.39,-13.360000000000001,-0.2664387464387465,0.0014838556505222989,99.22000000000003,24.289999999999992,38.69,6.25,21.93,354.1,42.209999999999994,17.09,272.29,575.01,869.52,776.68,1646.41,161.33,274.53,52.2,572.2,482.04,1054.24,247.56,555.9,4.41,-7.870000000000001,-10.739999999999998,14.399999999999999,-5.8640119760479035,0.56,1.9,0.21,0.2,0.95,-3.248015194681862,-32.2264007597341,-9.591794871794873,-8.982792022792024,-48.26347578347579,1.07,1.06,0.0,1.52,0.51,9,2011,0.07440476190476097,50.14285714285714,10.53
2011-12-31,263.3399999999999,-143.73,-2.9026554054054055,-0.0025289575289575467,52.40999999999997,-125.06,-111.82,5.95,66.77,388.4,8.350000000000009,28.49,183.02,472.72,692.7,766.71,1459.78,146.18,222.37,78.2,516.12,501.95,1018.07,247.56,405.05,37.730000000000004,-10.459999999999997,-15.82,13.240000000000002,-0.5120225422667501,0.73,2.51,-2.69,0.2,-0.07,-39.36389189189189,-6.603810810810811,-141.9171891891892,-113.17118918918919,-10.488405405405407,-10.72,-10.57,0.0,1.34,0.43,12,2011,-0.12522570366436625,49.51672862453531,-133.2
2012-03-31,372.67,27.33,0.55,0.0,92.08,52.82,66.03,7.4,0.0,319.85,49.2,22.32,294.94,481.26,806.72,755.11,1562.03,142.62,293.34,107.2,635.31,473.24,1108.56,247.56,422.0,6.22,-8.54,-3.84,13.21,3.3625,0.87,2.63,0.55,0.0,0.0,7.0,13.2,25.92,21.68,22.8,7.49,7.33,0.0,1.27,0.51,3,2012,0.0,49.69090909090908,27.33
2012-06-30,390.99999999999994,16.200000000000003,0.32749827705031015,0.1,104.03000000000002,44.38999999999999,58.5,9.2,0.0,346.61,52.489999999999995,18.93,315.76,540.77,880.74,740.74,1621.92,154.74,351.08,110.2,705.94,456.6,1162.53,247.56,426.13,29.490000000000002,-6.9,-25.99,14.11,7.019884259259258,1.07,2.73,0.88,0.1,0.11,3.989524465885597,8.827567195037906,15.213783597518956,13.025499655410064,15.794348725017231,5.75,5.7,0.0,1.25,0.48,6,2012,4.94659090909091,49.46590909090909,43.53
2012-09-30,420.88,37.599999999999994,0.7600640946628866,7.283484418939399e-06,108.72999999999996,70.15000000000002,85.85,15.2,0.0,350.73,70.84,21.5,308.05,527.13,861.34,725.77,1587.29,201.15,290.68,113.2,672.17,423.31,1095.48,247.56,456.6,-13.29,-3.290000000000001,20.31,15.700000000000003,5.000499335106383,1.65,2.4,1.64,0.1,0.06,9.472993960310612,19.186983853075308,32.942290151608525,29.71665228645384,33.906273881424866,6.91,6.85,0.0,1.28,0.5,9,2012,0.00036031042128570334,49.46951219512195,81.13
2012-12-31,391.73,32.85000000000001,0.6628794525355327,0.0001755763741178548,103.68,58.889999999999986,74.86000000000001,17.4,3.94,332.8399999999999,61.08000000000001,11.33,301.14,472.52,790.79,724.94,1516.04,176.96,241.29,116.2,599.12,331.87,931.0,247.56,547.89,52.56,-11.27,-50.14,15.969999999999999,6.566427701674276,1.57,1.7,2.3,0.1,0.04,8.66931040533427,17.53460256185296,23.978943674328836,27.575785225478164,28.440410598350596,7.31,7.23,0.0,1.32,0.53,12,2012,0.00870095440084917,49.55652173913044,113.98
2013-03-31,467.58,109.85,2.22,0.0,96.41,134.39,148.61,21.7,0.0,333.19,50.29,47.32,306.49,485.28,856.69,711.95,1606.21,131.95,239.4,122.39,569.2,299.75,868.94,247.56,705.11,115.32,-5.67,-73.67,14.22,2.4424999999999994,1.52,1.23,2.22,0.0,0.0,27.36,33.92,62.31999999999999,77.96,51.84,29.02,23.49,0.0,1.51,0.65,3,2013,0.0,49.481981981981974,109.85
2013-06-30,361.45,17.86,0.3272445384073291,0.10000000000000002,80.87,30.370000000000005,44.41,17.5,0.0,331.08,27.500000000000007,29.18,285.6,463.67,785.78,700.59,1513.14,137.49,212.96,135.63,517.32,260.62,777.94,272.32,701.56,24.330000000000013,-7.0600000000000005,-35.39,14.040000000000001,13.371651735722285,1.36,1.11,2.34,0.1,0.04,4.721271631039072,5.879213843865007,10.180941194894682,12.670237256283766,9.257943778874013,17.51,15.4,0.0,1.52,0.62,6,2013,5.457692307692309,54.57692307692308,127.71
2013-09-30,330.26,16.67,0.3059668929214573,-0.00017235500335653333,65.6,30.830000000000013,43.629999999999995,12.2,0.0,299.44000000000005,31.47999999999999,53.17,249.52,443.1,752.09,689.07,1471.54,133.08,185.29,148.77,502.11,220.49,722.6,272.32,714.59,66.47,-5.859999999999999,-34.28,12.8,9.960227954409115,0.93,1.01,2.65,0.1,0.04,4.530619199335089,5.906892921457266,9.329103753982547,11.388895968970774,9.319867017592465,13.71,12.45,0.0,1.5,0.62,9,2013,-0.0093904208998552,54.48301886792453,144.38
2013-12-31,278.3800000000001,8.420000000000016,0.15484424083769663,-0.00019455694952090117,55.10000000000002,16.960000000000008,32.54999999999998,12.0,2.25,261.40999999999985,28.450000000000003,55.39,207.56,445.33,716.85,674.68,1429.76,126.53,176.76,167.0,501.47,174.41,675.88,272.32,719.34,38.870000000000005,-5.530000000000001,-36.56999999999999,15.589999999999996,19.37220902612823,0.91,0.94,2.81,0.1,0.04,2.356277486910999,3.180643979057597,4.681696335078542,5.316502617801057,5.047591623036658,11.43,10.63,0.0,1.43,0.54,12,2013,-0.010579466863627651,54.37722419928826,152.8
2014-03-31,283.54,-8.15,-0.15,0.0,52.45,8.76,23.72,14.6,0.0,274.78,6.62,35.84,226.04,432.37,704.72,435.47,1220.52,136.97,177.56,93.3,435.61,228.2,663.81,272.32,527.11,11.54,-7.98,-23.11,14.96,-24.3325,1.51,1.26,-0.15,0.0,0.0,-2.68,2.48,-6.2,-5.28,4.48,-2.9,-2.87,1.35,1.62,0.63,3,2014,0.0,54.333333333333336,-8.15
2014-06-30,285.28000000000003,8.200000000000001,0.0,,50.33,13.12,26.410000000000004,12.9,0.0,272.1600000000001,8.46,40.4,217.11,413.61,679.85,425.03,1190.29,151.8,167.56,94.3,429.11,199.44,628.56,299.55,533.14,28.85,-4.51,-19.770000000000003,13.29,0.0,1.45,1.18,0.0,0.1,0.0,0.0,1062.72,6.5600000000000005,6.5600000000000005,1882.7200000000003,0.01,0.01,1.72,1.58,0.62,6,2014,inf,inf,0.05
2014-09-30,288.37,-13.33,-0.2308659638554217,-inf,49.18000000000001,0.0,13.75,11.3,0.0,288.3699999999999,-2.92,52.8,215.28,404.27,680.16,415.52,1208.18,164.11,178.36,95.3,448.21,175.53,623.74,299.55,557.03,33.290000000000006,-4.119999999999999,-16.769999999999996,13.75,-12.23642910727682,1.22,1.12,-0.23,0.1,-0.43,-4.416566265060242,6.544548192771084,-9.555843373493977,-8.391475903614458,11.563373493975904,-1.57,-1.55,1.16,1.52,0.62,9,2014,-inf,57.7391304347826,-13.28
2014-12-31,286.64999999999986,3.9399999999999995,0.06749464668094217,0.001089284051764282,58.870000000000005,10.989999999999998,24.479999999999997,9.85,0.0,275.6600000000001,6.039999999999999,39.08,218.93,384.1,646.81,407.97,1173.29,150.04,164.64,96.24,427.37,152.76,580.12,299.55,566.2,22.739999999999995,-6.080000000000002,-42.85,13.490000000000002,36.48289340101523,1.04,1.02,-0.16,0.1,-0.63,1.3498929336188437,-4.269036402569593,2.784154175588865,2.446680942184154,-7.441284796573875,-0.83,-0.82,1.34,1.51,0.61,12,2014,0.06358695652173996,58.375,-9.34
2015-03-31,266.22,10.62,0.03,0.0,67.38,19.08,31.98,11.7,0.0,247.14,17.02,40.5,206.09,380.61,635.57,400.96,1158.27,160.13,137.94,97.16,421.08,126.34,547.41,299.55,587.01,17.29,-5.68,-19.15,12.9,97.49999999999999,1.19,0.93,0.03,0.0,0.0,3.6800000000000006,6.4,7.240000000000001,7.640000000000001,10.36,4.02,3.99,3.69,1.51,0.61,3,2015,0.0,354.0,10.62
2015-06-30,239.72999999999996,16.270000000000003,0.04840461137969506,0.01,49.63000000000001,19.32,32.55,2.68,0.0,220.41000000000003,16.320000000000004,31.92,193.63,396.25,630.91,393.52,1152.19,165.47,152.49,98.09,436.89,94.03,530.92,319.52,597.54,34.04,-6.530000000000001,-30.14,13.229999999999999,13.841656422864165,1.43,0.89,0.08,0.01,0.15,5.6391372257344745,7.93835626626999,10.89103756043139,11.520297508367426,12.996638155448125,5.37,5.31,3.85,1.44,0.54,6,2015,3.36125,336.125,26.89
2015-09-30,282.75000000000006,4.780000000000001,0.015093148089674775,-0.0006133564887906544,55.08,3.200000000000003,16.260000000000005,1.98,0.89,279.54,-3.770000000000003,55.58,189.13,406.11,656.05,388.04,1184.44,213.76,147.24,66.02,440.89,111.01,551.9,319.52,608.82,-2.6000000000000014,-7.649999999999999,27.63,13.059999999999999,32.79633891213388,1.04,0.91,0.1,0.01,0.12,1.611948215977266,2.1009662140827285,3.139374802652353,3.278231765077361,3.3748279128512793,4.08,4.02,2.93,1.49,0.57,9,2015,-0.19425000000000026,316.7,31.67
2015-12-31,239.69000000000005,2.3900000000000006,0.007718731650029361,-0.00022812683499706101,46.49000000000001,-8.259999999999998,4.890000000000001,1.82,0.89,247.95999999999992,-3.719999999999999,37.05,180.42,383.33,607.94,377.82,1134.28,211.9,118.29,68.0,412.43,97.5,509.93,319.52,601.04,2.480000000000004,-8.150000000000002,-21.959999999999997,13.150000000000006,58.96370292887029,0.97,0.85,0.11,0.01,0.11,0.8420434527304758,0.8111685261303584,1.5914621256605992,1.6391779213153261,1.2967469172049326,3.34,3.31,1.83,1.47,0.54,12,2015,-0.07063636363636272,309.6363636363637,34.06
2016-03-31,283.75,22.31,0.07,0.0,71.81,35.07,48.73,1.69,0.0,248.69,28.94,40.67,210.5,367.42,628.23,373.0,1149.82,208.95,124.41,70.0,426.57,80.3,506.87,319.52,619.41,40.97,-8.83,-23.3,13.66,6.035,0.87,0.82,0.07,0.0,0.0,7.759999999999999,12.16,14.400000000000002,14.8,19.4,8.04,7.86,9.43,1.47,0.61,3,2016,0.0,318.71428571428567,22.31
2016-06-30,257.48,10.849999999999998,0.03272014475271411,0.03,57.27000000000001,16.240000000000002,30.32,1.83,0.0,241.23000000000002,12.989999999999998,46.42,202.64,371.51,629.95,364.41,1146.88,238.94,130.6,65.52,455.16,70.0,525.16,319.52,621.72,32.33,-5.43,-21.34,14.079999999999998,13.982211981566822,0.94,0.84,0.1,0.03,0.3,3.7824487334137515,5.837273823884197,6.975934861278648,7.119903498190591,9.711338962605549,6.23,6.13,6.84,1.38,0.57,6,2016,9.947999999999999,331.59999999999997,33.16
2016-09-30,249.74,-1.8599999999999959,-0.005942492012779539,-0.0017827476038338652,39.14999999999998,3.539999999999999,17.88000000000001,1.56,0.0,246.2,-4.969999999999999,40.5,177.75,349.31,575.34,355.95,1087.44,214.43,123.36,47.52,396.69,70.8,467.49,319.52,619.95,50.43000000000001,-5.590000000000002,-46.44,14.34,-65.62903225806465,0.8,0.75,0.1,0.03,0.3,-0.6845750798722029,-1.148089456869007,-1.2003833865814668,-1.2098913738019141,-1.8873354632587818,4.05,3.96,4.84,1.45,0.57,9,2016,-0.5579999999999998,313.0,31.3
2016-12-31,255.53999999999996,-7.0,-0.023045267489711935,-0.0009135802469135797,57.98000000000002,24.440000000000005,38.28999999999999,1.73,0.11,231.10000000000002,15.229999999999997,22.66,183.87,346.67,559.2,347.21,1046.02,196.8,119.44,29.52,359.28,82.65,441.93,319.52,604.09,32.36999999999999,-5.449999999999999,-38.58,13.850000000000001,-18.77175,0.92,0.73,0.08,0.03,0.38,-2.6732510288065843,-8.376954732510288,-4.632098765432098,-4.643621399176955,-13.308641975308642,2.38,2.32,5.31,1.56,0.59,12,2016,-0.27749999999999986,303.75,24.3
2017-03-31,248.12,1.83,0.01,0.0,51.38,5.6,19.16,1.7,0.0,242.52,3.88,29.59,183.7,352.36,573.47,336.54,1050.42,202.56,137.9,11.52,367.91,79.43,447.34,319.52,603.07,25.96,-3.48,-15.31,13.56,42.5,0.9,0.74,0.01,0.0,0.0,0.68,2.04,1.2,1.2,3.28,0.74,0.74,1.72,1.56,0.6,3,2017,0.0,183.0,1.83
2017-06-30,314.23,12.84,0.04376278118609407,0.030000000000000002,82.35,26.699999999999996,40.53,1.74,0.0,287.53,22.35,17.75,254.52,362.86,644.68,328.52,1110.57,222.84,188.03,0.0,425.6,81.06,506.66,319.52,603.92,1.2799999999999976,-5.889999999999999,-3.790000000000001,13.83,9.939953271028036,0.92,0.84,0.05,0.03,0.6,4.621349693251534,10.012924335378322,8.507484662576688,8.367443762781187,16.52482617586912,2.64,2.61,4.98,1.51,0.66,6,2017,8.802,293.4,14.67
2017-09-30,303.86,12.950000000000001,0.04219768283852281,0.001318609703113688,85.36000000000001,27.61,40.81,1.81,0.0,276.25,28.099999999999998,21.11,281.93,340.63,651.86,314.83,1103.3,233.24,169.41,0.0,415.11,73.2,488.31,319.52,614.99,1.5600000000000023,-8.090000000000002,6.910000000000002,13.200000000000003,10.722745173745174,0.94,0.79,0.09,0.03,0.33,4.688631426502535,10.258725561187545,8.420782041998551,8.38327299058653,16.33519188993483,3.21,3.19,6.11,1.57,0.75,9,2017,0.4046666666666674,306.8888888888889,27.62
