,revenue,net_profit,eps,dps,gross_profit,ebit,ebitda,close_price,expense,operating_profit,cash,account_receivable,inventory,current_asset,property_plant_equipment,total_asset,short_term_loan,account_payable,current_portion_long_term_debt,current_liability,non_current_liability,total_liability,paid_in_capital,total_equity,cash_flow_operation,cash_flow_investment,cash_flow_financing,depreciation,P/E,P/BV,D/E,EPS,DPS,DPR%,ROA%,ROAA%,ROE%,ROAE%,ROCE%,NPM%,NPMA%,TIE,CurrentRatio,QuickRatio,month,year,dividend,number_of_shares,return_old
2006-03-31,314.74,23.73,0.07,0.0,80.13,38.74,64.37,,276.0,33.51,40.82,188.68,775.66,1016.43,481.25,1524.04,249.28,110.08,26.34,459.37,64.52,523.89,332.0,1000.15,43.88,-22.0,-1.11,25.63,0.0,0.0,0.52,0.07,0.0,0.0,6.239999999999999,0.0,9.48,0.0,14.56,7.78,7.54,0.0,2.21,0.52,3,2006,0.0,339.0,23.73
2006-06-30,307.64,25.59,0.07263990267639903,0.0,73.06,38.74999999999999,62.69999999999999,2.58,268.89,31.140000000000008,40.95,172.11,768.55,1025.85,465.93,1517.02,98.82,62.82,24.92,269.17,60.66,329.83,400.0,1187.18,3.75,-7.98,4.37,23.95,8.88010550996483,0.87,0.28,0.14,0.0,0.0,6.745133819951338,0.0,8.613017031630172,0.0,12.88839416058394,8.16,7.92,0.0,3.81,0.96,6,2006,0.0,352.2857142857143,49.32
2006-09-30,306.1,17.630000000000003,0.04739955190440628,0.0,64.18,24.97,48.16,2.38,281.13,18.129999999999995,73.3,167.45,740.76,989.57,489.85,1503.6,77.73,72.99,25.43,242.34,56.44,298.78,400.0,1204.81,101.1,-43.44,-25.310000000000002,23.189999999999998,12.55075155984118,0.79,0.25,0.18,0.0,0.0,4.687289021657954,0.0,5.856477968633309,0.0,8.552985810306199,7.42,7.21,0.0,4.08,1.03,9,2006,0.0,371.94444444444446,66.95
2006-12-31,322.1399999999999,23.53,0.06241379310344827,0.0,64.60000000000002,32.22000000000001,54.120000000000005,2.24,289.9200000000001,20.25,53.23,212.6,716.2,1004.71,492.8,1520.57,60.34,91.32,23.33,240.24,51.98,292.22,400.0,1228.34,30.350000000000023,-26.700000000000003,-23.720000000000002,21.900000000000006,8.969171270718231,0.73,0.24,0.24,0.0,0.0,6.189367816091954,0.0,7.666494252873564,0.0,10.943218390804597,7.48,7.23,0.0,4.18,1.2,12,2006,0.0,377.00000000000006,90.48
2007-03-31,349.05,24.55,0.06,0.11,80.08,37.64,58.18,2.08,311.41,30.4,59.09,271.24,710.95,1072.28,485.62,1581.5,45.61,136.13,20.82,279.1,49.5,328.6,400.0,1252.9,38.96,-12.06,-21.05,20.54,8.6675,0.66,0.26,0.06,0.11,1.83,6.2,9.68,7.839999999999999,8.72,11.56,7.22,7.03,0.0,3.84,1.29,3,2007,45.00833333333333,409.1666666666667,24.55
2007-06-30,378.22999999999996,43.41,0.1085888758092996,-0.0025870610162841002,104.89,62.209999999999994,82.22,2.24,316.0199999999999,53.15,82.37,275.95,731.71,1102.5,484.85,1610.55,55.57,145.05,25.25,306.85,51.39,358.24,400.0,1252.31,73.46000000000001,-15.499999999999998,-34.67,20.009999999999998,5.1584473623589036,0.72,0.29,0.17,0.11,0.65,10.782236609770452,16.32665685697469,13.873825779870511,14.231530311948207,19.571547969393762,9.57,9.34,0.0,3.59,1.21,6,2007,-1.0342156862745142,399.76470588235287,67.96
2007-09-30,321.8700000000001,39.82000000000001,0.09975320096492858,0.04984030650671849,93.91,56.96000000000001,76.66,3.24,264.9100000000001,45.030000000000015,56.24,239.15,724.59,1047.47,484.54,1556.73,40.92,86.08,21.54,232.38,52.23,284.61,400.0,1272.13,29.42,-14.370000000000001,-41.18000000000001,19.700000000000003,8.12004018081366,1.02,0.22,0.27,0.16,0.59,10.226550380404529,15.147708294674338,12.517179439599188,12.85707923547968,17.497450361848212,10.56,10.27,0.0,4.51,1.39,9,2007,19.89551198257081,399.18518518518516,107.78
2007-12-31,305.65999999999985,27.27000000000001,0.06865457238059981,-0.0007972904411260499,68.94,37.03,56.339999999999975,3.88,268.63,21.25999999999999,51.69,253.59,697.76,1056.82,498.36,1580.29,43.2,76.48,14.56,231.91,48.98,280.89,400.0,1299.4,22.319999999999993,-24.380000000000003,-2.5,19.310000000000002,14.126517235056836,1.19,0.22,0.34,0.16,0.47,6.905842280636803,10.096260644205852,8.392011847463904,8.634322102924845,11.614738245094413,10.3,9.97,0.0,4.56,1.55,12,2007,-0.3166884531590384,397.20588235294116,135.05
2008-03-31,319.26,25.56,0.06,0.0,75.97,37.34,56.74,3.72,281.92,25.76,42.02,317.82,690.68,1088.6,531.06,1644.11,47.84,111.52,13.27,275.94,43.21,319.15,400.0,1324.96,39.16,-48.85,0.03,19.4,15.500000000000002,1.12,0.24,0.06,0.0,0.0,6.2,9.28,7.720000000000001,7.920000000000001,10.92,8.31,8.01,0.0,3.95,1.44,3,2008,0.0,426.0,25.56
2008-06-30,387.36,39.41,0.09705402493458519,0.15,94.28999999999999,57.209999999999994,76.63,3.76,330.15000000000003,36.980000000000004,58.38,318.41,667.58,1072.73,527.08,1624.53,47.34,123.26,13.28,280.2,39.95,320.16,400.0,1304.37,105.18,-23.32,-65.51,19.42,9.685327328089318,1.15,0.25,0.16,0.15,0.94,9.70540249345852,14.194151146683083,12.083226104355855,12.32586116669232,17.057244882253347,9.63,9.19,0.0,3.83,1.45,6,2008,60.909375,406.0625,64.97
2008-09-30,406.11,36.370000000000005,0.08972271561081509,0.09974004588513914,109.75,53.36999999999999,73.57,3.66,352.7299999999999,46.52,205.46,366.7,719.76,1361.92,560.55,1948.03,28.21,179.02,16.34,338.43,37.21,375.64,468.75,1572.39,-22.85000000000001,-38.47,208.39999999999998,20.200000000000003,10.198086334891393,1.09,0.24,0.25,0.25,1.0,7.464929938819815,12.116155516084467,9.245028616538388,10.235567396881786,13.192828103414248,9.44,9.11,0.0,4.02,1.9,9,2008,40.430625000000006,405.36,101.34
2008-12-31,406.96000000000004,42.03999999999999,0.09969033337982981,0.009690333379829805,79.07,56.71000000000001,78.47000000000003,2.86,350.26,33.80999999999999,79.69,371.16,717.16,1241.45,593.92,1860.38,24.1,98.43,0.34,212.07,33.91,245.98,468.75,1614.4,-33.05,-74.38000000000001,-18.33999999999999,21.759999999999998,7.1707052806850635,0.83,0.15,0.34,0.25,0.74,9.042499651276328,13.9449183986609,10.414707769563398,11.54062212302971,14.554788673455153,9.83,9.43,0.0,5.85,2.47,12,2008,4.0864705882352865,421.70588235294116,143.38
2009-03-31,368.03,39.41,0.08,0.0,104.2,55.79,76.95,2.86,312.24,54.92,85.41,423.95,724.08,1295.33,622.85,1942.28,3.0,126.4,0.35,255.46,33.02,288.47,468.75,1653.81,68.82,-41.88,-21.22,21.16,8.9375,0.81,0.17,0.08,0.0,0.0,8.12,12.44,9.52,10.6,13.24,10.95,10.71,0.0,5.07,2.24,3,2009,0.0,492.62499999999994,39.41
2009-06-30,347.0,35.09,0.07536107382550336,0.15,77.29,49.12,70.77999999999999,3.2,297.88,36.28999999999999,108.51,369.81,695.04,1194.18,633.62,1852.35,0.46,101.6,0.36,200.17,33.59,233.76,468.75,1618.59,130.32,-34.18999999999999,-73.03,21.66,10.61555998860074,0.93,0.14,0.16,0.15,0.94,7.573787919463087,11.360681879194633,8.666523489932885,9.608536912751678,11.963570469798658,10.84,10.42,807.0,5.97,2.49,6,2009,69.84375,465.625,74.5
2009-09-30,288.96000000000004,23.019999999999996,0.049571369975389655,0.0995981593519278,67.38,31.52000000000001,53.06,3.34,257.43999999999994,26.960000000000008,64.99,354.14,677.53,1143.52,638.61,1805.63,0.58,88.72,1.14,179.45,31.45,210.9,468.75,1594.73,21.330000000000013,-17.980000000000004,-46.860000000000014,21.54,16.839357080799306,0.98,0.13,0.21,0.25,1.19,5.098769483182936,6.864454470877766,5.778605414273995,5.816374077112387,7.921977030352747,10.07,9.71,852.69,6.37,2.6,9,2009,46.25148809523809,464.38095238095235,97.52
2009-12-31,343.8799999999999,33.10000000000001,0.0709539121114684,0.001135609656509994,60.89999999999998,39.50999999999999,60.609999999999985,3.28,304.3700000000001,39.519999999999996,124.6,251.24,687.07,1087.44,676.77,1867.12,5.57,94.57,1.14,207.98,31.31,239.28,468.75,1627.83,162.1,-107.01,4.510000000000019,21.099999999999994,11.552569486404831,0.94,0.15,0.28,0.25,0.89,7.09539121114684,9.568641861889452,8.129291073342522,8.169836165977648,10.744449548308072,10.02,9.69,628.36,5.23,1.93,12,2009,0.5297619047619122,466.5,130.62
2010-03-31,356.37,6.28,0.01,0.0,59.57,15.27,39.01,3.38,341.1,15.76,134.04,237.12,632.78,1071.88,722.12,1893.17,1.02,103.01,1.16,228.04,31.01,259.05,468.75,1634.11,68.47,-54.11,-4.92,23.74,84.49999999999999,0.97,0.16,0.01,0.0,0.0,1.32,3.2,1.52,1.52,3.68,1.81,1.76,169.67,4.7,1.93,3,2010,0.0,628.0,6.28
2010-06-30,369.98,39.79,0.08636856956804863,0.15,100.23000000000002,55.03,79.69,3.78,314.94999999999993,59.03000000000001,89.64,250.62,656.85,1052.55,724.03,1886.75,14.88,126.83,1.18,253.23,29.93,283.16,468.75,1603.59,77.03999999999999,-64.6,-56.839999999999996,24.66,10.94148027142498,1.1,0.18,0.1,0.15,1.5,8.429572389841544,12.989832863034511,9.915111786411982,9.880564358584762,14.855393965704362,6.46,6.34,370.0,4.16,1.56,6,2010,69.10499999999999,460.7,46.07
2010-09-30,417.16999999999996,46.29,0.10023819835426592,0.10035729753139888,126.46999999999997,69.39,96.08999999999999,3.84,347.7900000000001,76.32000000000001,74.48,306.41,681.38,1118.86,734.01,1971.47,10.88,146.15,2.01,284.29,82.62,366.9,469.57,1604.56,32.84,-51.790000000000006,3.789999999999999,26.699999999999996,9.577187297472456,1.12,0.23,0.2,0.25,1.25,9.382295365959289,14.835253356431357,11.547440450411433,11.567488090082286,16.599445647466432,8.23,8.08,258.69,3.94,1.54,9,2010,46.345,461.79999999999995,92.36
2010-12-31,332.3499999999999,48.67,0.10353116358221655,0.0044139544777707235,80.15000000000003,62.31999999999999,89.47999999999999,3.84,270.01999999999987,61.16999999999999,88.43,226.57,694.11,1045.18,841.52,2000.76,0.0,118.93,4.58,268.32,79.2,347.52,469.57,1653.24,131.54999999999998,-110.44,-1.5900000000000034,27.16000000000001,9.272570371892337,1.09,0.21,0.3,0.25,0.83,9.731929376728356,14.425342125788838,11.774944338084094,11.871573424094164,16.0956448982486,9.76,9.56,183.65,3.9,1.31,12,2010,2.075000000000017,470.1,141.03
2011-03-31,310.88,19.19,0.04,0.0,77.02,31.25,58.48,4.66,279.63,26.08,95.22,213.01,693.86,1018.03,883.35,2010.03,41.3,78.5,7.11,257.03,101.35,358.38,470.09,1651.66,58.79,-88.71,36.72,27.23,29.125,1.33,0.22,0.04,0.0,0.0,3.8,6.4,4.64,4.68,7.120000000000001,6.3,6.17,46.64,3.96,1.26,3,2011,0.0,479.75,19.19
2011-06-30,344.11,22.23,0.04830275229357798,0.15,79.61,35.78,65.56,4.44,308.33000000000004,25.310000000000002,65.01,226.52,676.29,982.74,953.0,2042.18,106.34,87.25,11.45,341.21,97.6,438.81,470.09,1603.37,48.65,-71.27,-7.599999999999998,29.779999999999998,22.978504273504274,1.3,0.27,0.09,0.15,1.67,4.3579816513761465,7.320550458715597,5.538715596330276,5.538715596330276,8.45834862385321,6.5,6.32,39.9,2.88,0.9,6,2011,69.03333333333335,460.2222222222223,41.42
2011-09-30,308.77,-5.240000000000002,-0.011586511885019352,0.04735581352496773,40.379999999999995,-2.700000000000003,30.33999999999999,2.96,311.48,-10.939999999999998,36.74,217.86,681.96,952.14,933.18,1984.97,100.29,115.1,51.58,355.27,53.11,408.39,471.1,1576.58,55.28,-49.10000000000002,-34.46,33.04,-63.86736641221372,0.88,0.26,0.08,0.2,2.5,-1.054372581536761,-1.882808181315645,-1.3266556108347158,-1.3150690989496965,-2.2883360972913223,3.87,3.75,20.36,2.68,0.76,9,2011,21.416666666666657,452.25,36.18
2011-12-31,203.44000000000005,-102.05000000000001,-0.2168969181721573,0.007757704569606814,29.04000000000002,-107.44999999999999,-73.33,2.76,310.8699999999999,-110.86,59.23,155.09,610.5,842.18,906.3,1839.38,136.49,130.52,41.47,318.83,46.02,364.85,471.1,1474.53,19.169999999999987,-21.399999999999977,24.73,34.120000000000005,-3.180543116119549,0.88,0.25,-0.14,0.2,-1.43,-22.18545620160923,-13.943373311067255,-27.700834977986943,-26.08960072870806,-17.599635645969332,-5.81,-5.64,-9.02,2.64,0.73,12,2011,3.6500000000000057,470.5,-65.87
2012-03-31,446.91,76.81,0.16,0.0,103.5,94.95,129.78,3.26,351.96,48.34,91.24,323.45,612.24,1050.4,918.61,2053.81,207.29,186.87,36.16,455.64,46.5,502.13,471.27,1551.68,-11.72,-20.65,64.38,34.83,5.095,0.99,0.32,0.16,0.0,0.0,14.96,18.68,19.8,19.2,23.76,19.26,17.19,51.89,2.31,0.96,3,2012,0.0,480.0625,76.81
2012-06-30,395.56,34.84,0.07489117778772951,0.0,72.25,47.11,82.03999999999999,3.32,348.45,33.019999999999996,126.99,236.21,661.75,1047.49,927.17,2054.97,140.74,221.4,34.57,422.27,46.17,468.44,471.27,1586.52,142.72,-35.980000000000004,-70.99,34.93000000000001,11.080076779563719,0.99,0.3,0.24,0.0,0.0,6.777651589789521,8.649931034482758,8.787231527093596,8.73730407523511,10.859220779220777,14.33,13.25,35.87,2.48,0.91,6,2012,0.0,465.20833333333337,111.65
2012-09-30,321.81999999999994,-8.810000000000002,-0.01884675223648386,0.1,35.34,-7.659999999999997,28.439999999999998,3.72,329.48000000000013,-12.019999999999996,81.58,212.37,695.69,1022.19,950.55,2043.92,184.14,195.72,59.39,452.42,59.0,511.41,472.28,1532.51,-25.760000000000005,-54.54,34.89,36.099999999999994,-49.34802497162314,1.15,0.33,0.22,0.1,0.45,-1.7236211590820698,-2.28559704395177,-2.2993037728510313,-2.268463632827694,-2.892119797744069,9.39,8.83,24.39,2.26,0.72,9,2012,46.74545454545455,467.4545454545455,102.84
2012-12-31,414.81999999999994,63.54999999999998,0.1336769036600757,0.0016713198454889559,37.47999999999999,72.59,111.57,3.42,342.2299999999998,-3.730000000000004,15.86,304.69,704.99,1063.4,925.83,2060.21,170.88,170.95,56.3,417.85,49.41,467.26,472.28,1592.96,3.3000000000000114,-38.67,-30.34,38.980000000000004,6.395083792289537,1.01,0.29,0.35,0.1,0.29,12.344107217981847,16.224556764228616,15.964841637117612,16.575936053849386,19.2494741270509,11.62,10.54,25.37,2.54,0.86,12,2012,0.7945454545454496,475.4,166.39
2013-03-31,386.62,16.93,0.04,0.0,75.09,23.2,62.27,3.74,363.41,22.97,108.21,231.84,669.72,1067.91,906.54,2070.16,163.24,130.09,63.96,384.41,50.91,435.31,472.65,1634.85,111.96,-20.96,1.35,39.07,23.375,1.08,0.27,0.04,0.0,0.0,3.28,4.52,4.16,4.24,5.52,4.46,4.38,11.37,2.78,1.04,3,2013,0.0,423.25,16.93
2013-06-30,427.34000000000003,45.09,0.09451306030312803,0.15,86.78999999999999,59.2,99.28,3.36,368.1499999999999,40.26,75.74,281.81,633.63,1029.66,889.67,2006.23,132.66,147.88,49.84,347.4,49.79,397.19,472.65,1609.04,116.67999999999999,-27.4,-121.75,40.080000000000005,8.888983144821468,0.99,0.25,0.13,0.15,1.15,8.986010964205095,11.806862302483069,11.196162528216705,11.283405353111899,14.453227990970653,7.83,7.62,20.45,2.96,1.14,6,2013,71.56153846153846,477.0769230769231,62.02
2013-09-30,433.29999999999995,55.26,0.1177950204638472,0.07745579284290065,93.9,71.0,111.26999999999998,3.3,362.29999999999995,47.99,105.9,260.53,665.53,1071.08,871.31,2033.18,81.04,221.64,34.02,354.93,50.54,405.47,473.28,1627.71,152.40000000000003,-17.450000000000003,-104.78999999999999,40.269999999999996,7.003691639522259,0.96,0.25,0.25,0.23,0.92,10.874836289222372,14.173096862210095,13.588833560709412,13.984624829467938,17.226343792633013,9.76,9.4,28.2,3.02,1.14,9,2013,36.33606153846155,469.12,117.28
2013-12-31,443.5899999999999,36.93000000000001,0.0790279489008495,-0.0008942870112184833,86.61999999999998,47.129999999999995,86.82999999999998,3.62,396.47,33.47,54.84,290.98,684.58,1069.32,871.09,2022.28,57.59,205.96,18.02,306.67,50.98,357.65,473.28,1664.63,18.0,-28.67,-40.389999999999986,39.7,11.451961142702409,1.03,0.21,0.33,0.23,0.7,7.3088878801634145,9.40672070553142,8.870288567537774,9.071450619285391,11.19802088061734,9.46,9.12,31.53,3.49,1.25,12,2013,-0.4179030303030373,467.3030303030303,154.21
2014-03-31,492.53,66.91,0.14,0.0,127.46,84.33,122.8,4.16,408.2,77.69,95.77,310.58,695.9,1137.78,890.56,2108.58,58.3,219.19,2.03,323.49,51.48,374.96,474.32,1733.61,114.12,-59.52,-13.67,38.47,7.4275,1.14,0.22,0.14,0.0,0.0,12.68,16.16,15.44,15.88,18.88,13.8,13.58,159.11,3.52,1.37,3,2014,0.0,477.92857142857133,66.91
2014-06-30,472.31000000000006,54.43000000000001,0.11662930608208343,0.2,112.66000000000001,68.52,107.61,5.0,403.79,60.97999999999999,81.0,323.9,713.65,1159.4,905.62,2140.57,73.04,288.05,0.17,395.9,51.5,447.39,474.32,1693.18,102.57999999999998,-34.71999999999999,-82.63,39.09,10.717289178761712,1.4,0.26,0.26,0.2,0.77,10.17366408439097,13.223969012691612,12.865109609362124,13.188083072358662,15.71804186583155,12.79,12.58,132.91,2.93,1.13,6,2014,93.33846153846154,466.6923076923077,121.34
2014-09-30,437.57000000000005,37.81999999999999,0.08079165619502388,0.12060896630386449,93.32999999999998,47.51000000000002,86.77000000000001,6.25,390.04999999999995,37.48000000000002,48.16,314.32,797.61,1197.17,886.22,2155.73,90.0,323.02,0.0,429.32,52.32,481.65,474.32,1674.08,31.450000000000017,-23.60000000000001,-40.67999999999999,39.25999999999999,19.337392913802223,1.77,0.29,0.34,0.32,0.94,7.014616737873836,9.096189997486805,9.039160593113845,9.16272430258859,11.035189746167376,11.56,11.35,117.86,2.79,0.93,9,2014,56.45918552036197,468.1176470588235,159.16
2014-12-31,467.28999999999996,44.120000000000005,0.09332743014561197,0.003131698960576027,110.02000000000004,55.53999999999999,95.80000000000001,5.65,411.75,41.97,43.0,329.71,829.55,1243.17,888.96,2205.15,90.0,314.63,0.0,440.06,46.89,486.95,474.32,1718.2,37.46000000000001,-41.97,-0.6500000000000057,40.26000000000002,15.135421577515865,1.56,0.28,0.43,0.32,0.74,8.004454939000395,10.5134435261708,10.270358126721764,10.435308933490752,12.588351042896498,11.1,10.87,108.43,2.83,0.94,12,2014,1.4804924760602205,472.74418604651163,203.28
2015-03-31,477.86,43.47,0.09,0.0,93.47,54.47,90.9,6.15,423.4,41.9,55.7,334.39,796.28,1240.73,886.67,2199.55,75.0,275.47,0.0,390.12,47.76,437.88,474.32,1761.67,58.74,-30.42,-15.62,36.43,17.0825,1.66,0.25,0.09,0.0,0.0,7.919999999999999,10.12,9.88,9.96,12.040000000000001,9.35,9.1,87.85,3.18,1.14,3,2015,0.0,483.0,43.47
2015-06-30,419.80999999999995,40.879999999999995,0.08723651452282156,0.23,86.52000000000001,52.040000000000006,88.07,5.8,367.76,34.18,120.36,292.41,811.47,1285.84,894.38,2253.8,167.13,323.14,0.0,511.16,49.18,560.34,474.32,1693.46,102.91,-20.199999999999996,-18.060000000000002,36.029999999999994,16.62033390410959,1.62,0.33,0.18,0.23,1.28,7.250323651452281,9.402157676348546,9.654174273858922,9.654174273858922,11.844780082987551,9.73,9.4,68.72,2.52,0.93,6,2015,107.78055555555555,468.6111111111111,84.35
2015-09-30,486.69999999999993,89.62,0.19060412714835892,0.08077194024512525,134.51,111.74,148.27,5.6,374.9599999999999,82.92999999999999,153.6,337.84,802.37,1343.94,905.15,2330.73,175.56,298.93,0.0,507.36,78.23,585.6,474.32,1745.14,110.03999999999999,-45.52,-31.270000000000003,36.53,7.3474274715465295,1.52,0.34,0.37,0.31,0.84,15.371965281370352,20.049493590849,20.544034028855553,20.976756912111284,24.665204345576825,13.12,12.57,82.67,2.65,1.07,9,2015,37.97809309309308,470.18918918918916,173.97
2015-12-31,508.6700000000001,55.66999999999999,0.11636300296115658,0.005331164643131184,116.04000000000002,70.06,107.98000000000002,5.7,438.6100000000001,60.150000000000006,134.44,355.21,773.7,1288.48,883.25,2250.12,82.73,246.11,0.0,373.51,77.11,450.62,474.32,1799.5,106.01999999999998,-32.30999999999999,-92.88000000000001,37.92,12.251316687623499,1.5,0.25,0.48,0.31,0.65,9.900552168611739,12.54781048597805,12.373265981536315,12.664173488939209,14.894464379028042,12.59,12.13,89.26,3.45,1.38,12,2015,2.5505180180180105,478.41666666666663,229.64
2016-03-31,533.22,75.3,0.16,0.0,149.54,93.69,131.43,6.85,439.54,86.32,158.79,367.85,729.13,1282.25,876.32,2237.67,0.0,224.78,0.0,285.24,77.63,362.87,474.32,1874.8,140.8,-33.84,-82.61,37.74,10.7025,1.73,0.19,0.16,0.0,0.0,13.48,16.88,16.08,16.56,19.2,14.39,14.12,551.12,4.5,1.94,3,2016,0.0,470.625,75.3
2016-06-30,452.15999999999997,32.85000000000001,0.06986130374479892,0.3,91.62,42.97,79.84,8.05,409.19,28.78,172.71,327.69,703.0,1249.54,942.47,2270.14,100.26,284.62,0.0,426.15,78.63,504.78,474.32,1765.36,145.86,-90.74,-41.19,36.87,28.80707762557077,2.16,0.29,0.23,0.3,1.3,5.783300970873787,7.338474341192789,7.447822468793344,7.5936199722607505,9.002995839112346,11.21,10.98,325.38,2.93,1.28,6,2016,141.06521739130434,470.2173913043478,108.15
2016-09-30,442.14,51.34,0.10944636027337139,0.09927786122613656,107.11999999999998,62.650000000000006,98.74999999999997,9.15,379.48,51.23000000000002,147.75,316.34,749.76,1255.18,1234.52,2567.8,230.12,465.36,12.0,731.36,67.18,798.54,474.32,1769.26,81.88999999999999,-188.45,81.6,36.099999999999994,20.899278827425007,2.45,0.45,0.34,0.4,1.18,7.996022321148661,10.481098501473447,11.601314188977366,11.691446485673083,13.970505987836228,11.45,11.17,398.62,1.72,0.69,9,2016,46.570076726342705,469.0882352941176,159.49
2016-12-31,578.53,90.88,0.19238087630307146,0.0028010309447899723,136.04000000000002,109.35000000000002,146.98000000000002,8.4,469.19000000000005,68.1,179.97,351.84,729.47,1308.79,1198.99,2591.31,242.82,342.25,14.62,653.01,82.22,735.23,474.32,1856.08,101.83999999999997,-112.92000000000002,43.300000000000004,37.63000000000001,10.916495653609156,2.15,0.4,0.53,0.4,0.75,14.02565483085034,18.51212205935216,19.586551104365537,19.89145664416663,23.114743779206773,12.95,12.48,250.94,2.0,0.89,12,2016,1.3231964483906893,472.3962264150943,250.37
2017-03-31,462.22,46.85,0.1,0.0,124.06,56.72,93.94,9.9,405.5,49.88,225.04,320.37,758.17,1339.94,1208.97,2639.48,238.07,334.72,25.8,654.0,82.54,736.55,474.32,1902.93,80.88,-33.86,-1.95,37.22,24.750000000000004,2.47,0.39,0.1,0.0,0.0,7.08,9.32,9.84,9.92,11.44,10.31,10.14,48.07,2.05,0.89,3,2017,0.0,468.5,46.85
2017-06-30,482.28,28.18,0.06009329601492736,0.32,95.85,35.94,74.13,8.7,446.34000000000003,40.669999999999995,142.19,308.31,798.54,1276.74,1193.03,2562.11,354.98,300.9,6.76,699.27,83.51,782.78,474.32,1779.33,30.540000000000006,-59.28,-54.11,38.19,36.197049325762954,2.32,0.44,0.16,0.32,2.0,4.40183393309343,5.768956417433027,6.339842729574836,6.3548660535785695,7.466592029854724,8.06,7.94,36.48,1.83,0.68,6,2017,150.06,468.9375,75.03
2017-09-30,487.43000000000006,47.55,0.10085658345570239,0.08171316691140483,117.41999999999999,59.170000000000016,98.49000000000001,8.15,428.2599999999999,48.97000000000001,87.52,291.03,815.11,1219.13,1171.84,2483.76,345.37,231.84,6.87,607.83,86.99,694.82,474.32,1788.94,16.480000000000004,-33.849999999999994,-37.3,39.32000000000001,20.204432176656155,2.16,0.39,0.26,0.4,1.54,7.665100342633383,9.32535487028879,10.62873225648556,10.690797846304454,12.552765540871267,8.72,8.56,36.5,2.01,0.66,9,2017,38.5246153846154,471.46153846153845,122.58
