,revenue,net_profit,eps,dps,gross_profit,ebit,ebitda,close_price,expense,operating_profit,cash,account_receivable,inventory,current_asset,property_plant_equipment,total_asset,short_term_loan,account_payable,current_portion_long_term_debt,current_liability,non_current_liability,total_liability,paid_in_capital,total_equity,cash_flow_operation,cash_flow_investment,cash_flow_financing,depreciation,P/E,P/BV,D/E,EPS,DPS,DPR%,ROA%,ROAA%,ROE%,ROAE%,ROCE%,NPM%,NPMA%,CurrentRatio,QuickRatio,month,year,dividend,number_of_shares,return_old
2000-03-31,161.28,8.27,0.68,2.0,23.8,12.26,17.16,14.25,149.03,2.78,54.85,124.8,106.72,367.74,160.68,627.8,0.0,104.6,0.81,145.85,2.65,148.5,121.5,479.3,1.38,-5.43,-0.64,4.9,5.24,0.36,0.31,0.68,2.0,2.94,5.28,0.0,6.92,0.0,10.16,5.49,5.13,2.52,1.79,3,2000,24.323529411764703,12.161764705882351,8.27
2000-06-30,190.15,6.870000000000001,0.56720607661823,-0.008217421711088404,18.38,9.610000000000001,14.669999999999998,14.0,180.53,-1.1099999999999999,79.64,149.0,72.14,342.51,159.38,601.29,0.75,100.39,1.09,136.35,3.07,139.42,121.5,461.87,10.149999999999999,38.089999999999996,-23.919999999999998,5.0600000000000005,6.170596797671032,0.37,0.3,1.25,2.0,1.6,4.573949801849406,0.0,5.953394980184941,0.0,8.530779392338177,4.61,4.31,2.51,1.98,6,2000,-0.09952941176470276,12.112,15.14
2000-09-30,211.01000000000005,18.049999999999997,1.4846791202169327,0.00748659234709239,21.67,22.779999999999998,28.71,15.0,188.22999999999996,0.6800000000000002,61.93,174.27,76.41,387.9,159.3,646.59,0.75,136.27,1.12,163.89,2.78,166.67,121.5,479.92,28.57,-45.72,-0.26000000000000156,5.93,2.5237271468144047,0.38,0.35,2.73,2.0,0.73,11.159566134377824,0.0,15.053449834287434,0.0,20.122024706236814,6.4,5.9,2.37,1.9,9,2000,0.0910183150183137,12.157509157509157,33.19
2000-12-31,216.56999999999994,7.480000000000004,0.6161298254241458,-0.002835292729563598,19.809999999999995,10.910000000000004,17.259999999999998,15.25,205.67000000000007,-3.6900000000000004,89.95,190.93,77.4,403.53,154.1,656.88,0.0,136.88,1.15,167.0,2.48,169.48,121.5,487.4,5.199999999999996,23.98,-1.0199999999999996,6.349999999999998,6.184776069518713,0.38,0.35,3.35,2.0,0.6,4.5538431276124935,0.0,6.135549545119256,0.0,8.342581755593807,5.64,5.22,2.42,1.95,12,2000,-0.034421300092940754,12.140298507462687,40.67
2001-03-31,227.95,11.26,0.9299999999999999,2.0,23.58,16.53,22.84,17.0,211.42,3.68,92.23,202.5,101.36,445.98,157.24,702.54,0.0,164.83,1.66,199.89,4.0,203.89,121.5,498.66,8.4,-6.14,-1.07,6.31,4.57,0.41,0.41,0.93,2.0,2.15,6.4,9.96,9.04,9.2,13.16,5.26,4.94,2.23,1.72,3,2001,24.21505376344086,12.10752688172043,11.26
2001-06-30,241.27000000000004,8.049999999999999,0.6628430864836872,0.006114164481047516,22.410000000000004,11.98,18.599999999999998,25.25,229.28,2.22,76.32,199.51,69.92,384.5,162.09,646.01,0.0,131.97,1.7,160.04,3.56,163.6,121.5,482.41,21.490000000000002,-11.579999999999998,-24.69,6.62,9.523068322981368,0.64,0.34,1.59,2.0,1.26,4.985914034179182,7.620611082340756,6.670119109269808,6.820196789228379,9.788399792853443,4.34,4.12,2.4,1.97,6,2001,0.07425441265976573,12.144654088050313,19.31
2001-09-30,209.17999999999995,12.940000000000001,1.0632868217054263,0.004134366925065036,24.229999999999997,18.419999999999998,24.870000000000005,23.75,190.78000000000003,4.369999999999999,94.02,179.62,65.59,379.38,160.3,639.0,0.0,113.25,1.75,140.55,3.11,143.65,121.5,495.35,25.32,-6.84,-0.41000000000000014,6.449999999999999,5.582689335394127,0.58,0.29,2.65,2.0,0.75,8.105054263565892,11.716217054263566,10.448297674418605,10.608793798449614,15.118734883720931,5.03,4.75,2.7,2.23,9,2001,0.05031446540881035,12.169811320754718,32.25
2001-12-31,228.93000000000006,19.380000000000003,1.5952934340499711,-0.003552125245305092,36.66,28.169999999999995,35.66,27.0,200.75,19.11,127.57,188.42,53.68,414.11,155.22,668.68,0.0,118.9,1.79,151.31,2.64,153.95,121.5,514.73,42.300000000000004,-8.720000000000002,-0.41999999999999815,7.490000000000002,4.229237616099071,0.64,0.3,4.25,2.0,0.47,11.591214410226614,17.011458454386986,15.059570017431724,15.464962231260898,21.801092388146426,6.0,5.69,2.74,2.38,12,2001,-0.04315205327414162,12.148235294117647,51.63
2002-03-31,206.79,23.99,1.97,2.5,41.28,31.61,38.14,31.0,175.18,22.15,115.75,196.25,71.66,443.85,252.01,696.44,0.0,113.37,1.98,155.7,2.02,157.72,121.5,538.73,8.95,-19.55,-0.43,6.53,3.935,0.7,0.29,1.97,2.5,1.27,13.76,18.08,17.8,18.52,23.4,12.18,11.6,2.85,2.39,3,2002,30.444162436548222,12.177664974619288,23.99
2002-06-30,226.15,16.84,1.3858045554739162,-0.005324168180309312,32.17,22.25,27.400000000000006,31.5,203.89999999999998,7.050000000000001,132.12,214.76,60.91,437.77,150.96,688.01,0.0,126.26,1.94,160.32,2.5,162.83,121.5,525.19,22.07,28.05,-30.84,5.1499999999999995,5.685650237529692,0.73,0.31,3.36,2.5,0.74,9.783120254714671,13.313622336517268,12.818692138133725,13.363115356355621,16.84412441831986,10.01,9.43,2.73,2.35,6,2002,-0.06469815083393726,12.151785714285714,40.83
2002-09-30,231.04000000000002,23.61,1.941852886405959,0.001378635718719612,37.5,31.650000000000006,37.41,35.0,199.38000000000005,18.709999999999997,109.38,213.77,97.08,499.23,245.96,745.68,0.0,159.56,1.75,194.67,2.21,196.88,121.5,548.8,22.419999999999998,-50.28,-0.490000000000002,5.760000000000002,4.503430749682338,0.77,0.36,5.3,2.5,0.47,12.662346368715086,18.09953445065177,17.205549348230914,18.084878957169458,22.74532588454376,10.3,9.71,2.56,2.07,9,2002,0.016762129380055057,12.158490566037736,64.44
2002-12-31,212.27999999999997,3.0799999999999983,0.25362559241706145,-0.0030067960296876754,15.879999999999995,4.039999999999992,10.079999999999998,45.0,208.25,-8.259999999999998,180.67,208.49,145.84,541.39,245.78,787.63,0.0,200.85,1.67,233.46,2.3,235.76,121.5,551.88,9.0,30.01,-0.5100000000000016,6.039999999999999,44.337402597402615,0.99,0.43,5.56,2.5,0.45,1.5637203791469187,2.2443127962085296,2.2315402843601886,2.3099999999999987,2.94862559241706,8.18,7.71,2.32,1.69,12,2002,-0.036514184878509326,12.143884892086332,67.52
2003-03-31,234.57,15.94,1.31,0.0,28.34,21.51,27.48,45.0,213.06,6.75,154.52,208.91,81.71,457.23,158.31,714.59,0.0,108.27,1.44,144.94,1.84,146.78,121.5,567.81,-8.45,-17.04,-0.69,5.97,8.5875,0.96,0.26,1.31,0.0,0.0,8.92,12.2,11.24,11.52,15.12,7.26,6.8,3.15,2.59,3,2003,0.0,12.167938931297709,15.94
2003-06-30,200.14,14.209999999999999,1.168849087893864,3.0,24.099999999999998,19.219999999999995,25.720000000000002,42.25,180.93,-0.23000000000000043,166.34,188.18,88.31,454.97,171.98,726.29,0.0,124.37,2.05,177.38,3.34,180.72,121.5,545.58,67.03,-17.910000000000004,-36.93,6.500000000000001,9.038634764250528,0.94,0.33,2.48,3.0,1.21,7.823747927031509,10.858985074626865,10.425379767827529,10.613903814262024,13.98848424543947,7.55,6.94,2.56,2.07,6,2003,36.471774193548384,12.157258064516128,30.15
2003-09-30,250.06,14.36,1.180804313637385,2.2509729600452233,35.46000000000001,19.46,26.569999999999993,55.0,230.59000000000003,3.5500000000000007,106.72,216.5,86.42,436.9,166.97,703.2,0.0,130.4,1.96,167.64,2.96,170.6,121.5,532.6,-13.96,-17.809999999999995,-27.800000000000004,7.109999999999998,11.646680013927575,1.25,0.32,3.66,5.25,1.43,8.168842956638958,10.724026061559202,10.788550887441023,10.620786340148282,14.505180858234104,7.02,6.5,2.61,2.09,9,2003,27.374537281861443,12.161202185792348,44.51
2003-12-31,238.42000000000007,22.000000000000007,1.8093519771462943,-0.000929540978675699,72.44999999999999,28.61,35.68000000000001,60.0,209.80999999999995,51.73,141.18,207.91,92.68,469.45,168.19,737.02,0.0,139.66,1.72,179.92,2.5,182.42,121.5,554.6,43.1,-8.300000000000004,-0.7000000000000028,7.07,8.291076136363635,1.31,0.33,5.47,5.25,0.96,11.93444594797775,15.414223425048869,15.864080589385058,15.903773868591193,21.090362351526093,7.43,7.2,2.61,2.09,12,2003,-0.011302334641996481,12.159049360146254,66.51
2004-03-31,243.67,19.8,1.63,0.0,48.15,26.76,26.76,68.0,216.91,21.75,153.46,221.92,95.31,498.29,155.3,762.16,0.0,136.9,1.59,185.71,2.06,187.77,121.5,574.39,16.28,-3.43,-0.57,0.0,10.43,1.44,0.33,1.63,0.0,0.0,10.400000000000002,14.480000000000002,13.8,13.879999999999999,18.56,8.31,8.13,2.68,2.17,3,2004,0.0,12.147239263803682,19.8
2004-06-30,276.6500000000001,23.52,1.938282548476454,4.25,49.63,32.120000000000005,46.41,67.0,244.53,21.5,125.19,246.69,108.88,494.09,161.52,763.96,0.0,160.38,1.38,215.86,1.82,217.68,121.5,546.28,21.240000000000002,2.5900000000000003,-52.089999999999996,14.29,8.64281887755102,1.49,0.4,3.57,4.25,1.19,12.313795013850415,17.15678670360111,17.221939058171746,17.243656509695292,23.324542936288086,8.59,8.33,2.29,1.78,6,2004,51.57142857142858,12.134453781512606,43.32
2004-09-30,335.5899999999999,33.309999999999995,2.7428696333028837,2.5034162301224803,68.35,44.74999999999999,52.06999999999999,69.0,290.84,34.33,127.17,295.04,112.11,553.77,158.88,820.69,0.0,181.45,1.28,269.9,1.58,271.48,121.5,549.21,6.689999999999998,-4.37,-0.3400000000000034,7.32,6.291895827078956,1.53,0.49,6.31,6.75,1.07,16.23987472269346,23.64692679107399,24.255487407020745,24.63801122275871,32.70578624559572,9.24,8.95,2.05,1.64,9,2004,30.40202626216888,12.144215530903328,76.63
2004-12-31,310.7900000000001,9.430000000000007,0.7757889844294683,0.006192653708226768,37.31,12.14,20.450000000000003,67.5,298.6500000000001,1.3400000000000034,140.42,287.97,98.7,540.8,157.18,805.68,0.0,186.86,1.18,244.51,2.52,247.04,121.5,558.64,50.24999999999999,-6.28,-30.730000000000004,8.310000000000002,21.743154825026494,1.47,0.44,7.08,6.75,0.95,4.681031838252386,6.578865907506395,6.75418545201023,6.77610039507321,9.042105507785271,7.62,7.38,2.21,1.81,12,2004,0.0752739799618638,12.155367231638419,86.06
2005-03-31,304.35,11.7,0.96,0.0,37.18,15.61,23.52,66.0,288.74,3.32,95.73,287.7,124.88,527.66,176.68,811.84,0.0,180.46,0.98,239.23,2.27,241.5,121.5,570.34,-17.56,-26.68,-0.45,7.91,17.1875,1.41,0.42,0.96,0.0,0.0,5.76,7.92,8.2,8.16,10.92,4.01,3.84,2.21,1.68,3,2005,0.0,12.1875,11.7
2005-06-30,316.78999999999996,19.54,1.607483994878361,2.5,41.910000000000004,26.1,33.93000000000001,61.0,290.68999999999994,8.67,92.2,290.16,119.99,518.28,173.64,800.12,0.0,181.02,0.98,238.58,2.03,240.61,121.5,559.51,34.11,-7.020000000000003,-30.61,7.83,9.488710337768678,1.32,0.43,2.57,2.5,0.97,9.757490396927016,13.335236875800256,13.960717029449425,14.135851472471192,18.589270166453264,5.29,5.03,2.17,1.67,6,2005,30.389105058365757,12.155642023346303,31.24
2005-09-30,307.84000000000003,10.489999999999998,0.8622262161514498,0.0021655799138614027,38.31999999999999,14.189999999999998,21.789999999999992,55.0,293.6600000000001,0.6500000000000004,123.28,275.78,95.62,509.27,180.09,802.74,0.0,163.42,1.7,227.92,4.83,232.75,121.5,570.0,44.55,-12.369999999999997,-1.110000000000003,7.6,15.942132983794092,1.17,0.41,3.43,2.5,0.73,5.228660436137072,6.927975077881619,7.360345075485262,7.501116702612029,9.773572969086988,4.72,4.49,2.23,1.81,9,2005,0.026346836677969776,12.166180758017491,41.73
2005-12-31,322.0,34.35,2.8263801261829653,-0.0026383919949226793,55.81999999999999,45.6,53.10000000000001,53.0,276.39,30.769999999999996,147.08,285.71,83.62,527.2,202.39,842.67,0.0,163.6,1.73,234.62,3.71,238.32,121.5,604.35,53.71999999999999,-29.520000000000003,-0.3999999999999986,7.5,4.689938864628821,1.07,0.39,6.26,2.5,0.4,16.30812302839117,22.249842271293378,22.737460567823344,23.622397476340698,30.142034700315463,6.38,6.08,2.25,1.89,12,2005,-0.03206531357407627,12.15335463258786,76.08
2006-03-31,331.86,32.52,2.68,0.0,69.16,43.33,50.67,61.0,288.53,32.44,87.16,295.34,97.02,498.98,282.13,893.95,0.0,183.2,1.72,253.78,3.29,257.08,121.5,636.87,27.35,-86.84,-0.42,7.34,5.69,1.16,0.4,2.68,0.0,0.0,14.56,20.32,20.44,21.56,27.08,10.14,9.8,1.97,1.58,3,2006,0.0,12.134328358208956,32.52
2006-06-30,308.13,31.57999999999999,2.6012854914196564,5.0,60.70000000000002,42.239999999999995,49.739999999999995,64.5,265.89,30.900000000000006,74.08,276.8,115.27,479.94,283.04,875.72,0.0,201.76,1.54,264.98,3.04,268.02,121.5,607.7,56.4,-8.299999999999997,-61.18,7.5,6.200934135528818,1.29,0.44,5.28,5.0,0.95,14.425310452418094,20.120549141965675,20.790577223088924,21.63796567862714,27.60909828393135,10.39,10.02,1.81,1.38,6,2006,60.70075757575757,12.140151515151514,64.1
2006-09-30,342.25,30.370000000000005,2.5010966444373883,0.0010384890505560865,58.869999999999976,40.64,49.72,66.5,301.61,28.75,57.66,324.09,117.75,513.73,289.79,915.95,0.0,206.73,1.51,274.01,3.87,277.88,121.5,638.07,-2.3700000000000045,-13.579999999999998,-0.46999999999999886,9.080000000000002,6.648983371748436,1.27,0.44,7.78,5.0,0.64,13.257741081824921,18.890030697575952,19.044340002117078,20.11164602519319,25.281007727320844,9.97,9.62,1.87,1.45,9,2006,0.01261003349691947,12.142673521850899,94.47
2006-12-31,333.53,15.210000000000008,1.2522456236323856,0.0014432028485781925,45.58000000000001,14.179999999999993,21.870000000000005,69.5,319.35000000000014,-0.5799999999999983,115.39,277.29,104.59,510.31,286.58,909.03,0.0,191.0,13.35,246.85,8.91,255.76,121.5,653.28,66.18,-7.960000000000008,-0.490000000000002,7.689999999999998,13.881262327416167,1.29,0.39,9.03,5.0,0.55,6.6952844638949705,8.891914660831514,9.31349015317287,9.674048140043768,11.759737417943112,8.66,8.34,2.07,1.64,12,2006,0.017529400712298582,12.146179401993358,109.68
2007-03-31,316.99,11.25,0.93,0.0,39.07,16.45,27.67,74.5,300.54,7.4,103.96,280.98,119.39,520.79,289.26,922.0,0.0,191.86,1.03,248.82,8.65,257.47,121.5,664.53,2.61,-13.54,-0.49,11.22,20.0275,1.36,0.39,0.93,0.0,0.0,4.88,7.24,6.760000000000001,6.919999999999999,9.76,3.66,3.55,2.09,1.61,3,2007,0.0,12.096774193548386,11.25
2007-06-30,340.34000000000003,13.73,1.1322578062449962,7.0,42.550000000000004,22.830000000000002,34.26,68.0,317.50999999999993,13.200000000000001,69.36,318.0,119.67,531.09,289.55,932.19,50.0,227.77,15.02,333.09,5.9,338.99,121.5,593.2,11.57,-10.84,-35.339999999999996,11.429999999999998,15.01438091769847,1.39,0.57,2.06,7.0,3.4,5.892137710168135,9.56373098478783,9.255932746196958,9.146004803843075,14.422546036829463,3.91,3.8,1.59,1.24,6,2007,84.88349514563106,12.12621359223301,24.98
2007-09-30,371.84000000000003,19.169999999999998,1.5761517553793882,0.0209040231338455,51.46000000000001,31.019999999999996,42.62,66.5,340.82000000000005,18.75,56.6,355.06,124.93,556.18,284.78,952.34,50.0,229.15,15.52,334.53,5.43,339.96,121.5,612.38,-5.8100000000000005,-6.390000000000001,-0.5500000000000043,11.600000000000001,10.54809598330725,1.32,0.56,3.63,7.0,1.93,8.058781426953567,13.078151755379388,12.522373725934315,12.261852774631937,19.764856172140433,4.43,4.29,1.66,1.29,9,2007,0.2542459012009033,12.162534435261708,44.15
2007-12-31,375.53,6.009999999999998,0.4948425039872407,-0.009945584597608267,34.119999999999976,8.540000000000006,19.870000000000005,64.5,366.9899999999999,-1.7899999999999991,160.68,357.14,103.35,632.18,278.95,1022.25,0.0,347.1,0.93,401.98,1.89,403.87,121.5,618.38,159.92,-5.620000000000001,-50.23,11.329999999999998,32.59148086522463,1.27,0.65,4.13,7.0,1.69,2.3531977671451347,3.9108133971291856,3.886850079744815,3.7814114832535872,6.091475279106857,3.68,3.57,1.57,1.32,12,2007,-0.1207918942895958,12.145278450363195,50.16
2008-03-31,390.19,13.66,1.12,0.0,48.61,19.35,30.75,69.5,370.84,8.39,115.0,365.87,109.77,605.55,270.99,987.48,0.0,298.39,0.95,353.8,1.65,355.44,121.5,632.04,-42.2,-3.26,-0.23,11.4,15.5125,1.34,0.56,1.12,0.0,0.0,5.52,8.12,8.64,8.44,12.2,3.6,3.5,1.71,1.4,3,2008,0.0,12.196428571428571,13.66
2008-06-30,395.82,25.529999999999998,2.1041566726205665,6.0,52.41,36.71,48.019999999999996,62.0,359.11000000000007,23.34,77.94,368.49,120.86,584.55,261.99,957.25,29.0,279.51,0.96,371.18,1.4,372.58,121.5,584.67,9.030000000000001,-1.96,-44.13,11.31,7.368272620446534,1.29,0.64,3.23,6.0,1.86,10.657586118907883,15.452196989027813,17.458637407501914,17.32834906863996,24.93718805817811,5.15,4.99,1.57,1.25,6,2008,72.79876160990712,12.133126934984519,39.19
2008-09-30,447.3499999999999,10.780000000000001,0.8866479887932762,0.012349205188746689,38.10000000000001,15.700000000000003,24.66000000000001,53.0,431.64999999999986,4.679999999999996,80.74,411.46,138.29,653.75,254.45,1018.62,49.0,316.19,11.19,420.92,2.24,423.16,121.5,595.45,-15.019999999999996,-1.9400000000000004,19.77,8.96,14.94928107606679,1.08,0.71,4.11,6.0,1.46,4.236926155693417,6.282041224734842,7.2398799279567765,7.136329797878728,10.363642185311189,4.17,4.05,1.55,1.22,9,2008,0.1501434995819153,12.158150851581507,49.97
2008-12-31,316.49,-1.7999999999999972,-0.14797591862154844,0.0029548633262089373,15.849999999999994,-2.3299999999999983,8.269999999999996,55.0,318.82000000000016,-9.549999999999997,118.31,308.21,132.16,569.8,246.45,926.4,0.0,291.86,9.08,330.82,1.93,332.75,121.5,593.65,87.63,-0.7599999999999998,-49.31,10.600000000000001,-92.92795833333349,1.13,0.56,3.96,6.0,1.52,-0.777247249325305,-1.0657255553248894,-1.2122067676977353,-1.188291467718495,-1.7428274859871262,3.2,3.11,1.72,1.32,12,2008,0.03594337535946579,12.164141414141415,48.17
2009-03-31,277.07,6.69,0.55,0.0,32.3,9.61,20.5,59.0,267.46,10.47,68.89,263.7,110.49,456.2,236.61,802.6,0.0,164.93,8.47,200.64,1.62,202.25,121.5,600.34,-47.75,-1.4,-0.27,10.89,26.8175,1.19,0.34,0.55,0.0,0.0,3.32,4.28,4.44,4.36,6.4,2.5,2.41,2.27,1.72,3,2009,0.0,12.163636363636364,6.69
2009-06-30,316.56,26.16,2.15013698630137,4.0,47.07000000000001,29.980000000000004,40.71,50.5,286.58,22.6,98.38,297.5,114.99,521.24,331.73,857.19,20.0,212.34,1.29,278.05,1.24,279.29,121.5,577.9,60.13,-1.71,-28.92,10.73,5.87055619266055,1.06,0.48,2.7,4.0,1.48,12.200036529680366,13.888292237442922,18.093004566210045,17.99744292237443,21.788054794520544,5.74,5.53,1.87,1.46,6,2009,48.666666666666664,12.166666666666666,32.85
2009-09-30,360.78,13.729999999999997,1.1289373121511377,-0.0015743523686846045,41.66,18.869999999999997,29.979999999999997,59.5,341.9100000000001,11.96,100.61,344.2,116.0,574.22,216.38,899.33,0.0,256.92,1.11,306.58,1.13,307.71,121.5,591.63,23.009999999999998,-0.3700000000000001,-20.429999999999996,11.109999999999996,13.180138383102696,1.22,0.52,3.83,4.0,1.04,6.107462430227564,7.192185487333618,9.27909832546157,9.255517389437525,11.625401459854011,5.05,4.88,1.87,1.49,9,2009,-0.019147084421234695,12.161879895561357,46.58
2009-12-31,343.33000000000004,14.61,1.2033731001797678,-0.006921044198675704,46.72999999999999,19.699999999999996,29.64,63.0,323.6299999999999,15.57,216.8,335.21,103.35,665.59,312.28,981.57,0.0,311.04,0.93,374.33,1.0,375.33,121.5,606.24,117.38000000000001,-0.7799999999999998,-0.3400000000000034,9.940000000000005,13.088210130047912,1.26,0.62,5.04,4.0,0.79,5.950011439777741,7.821925151168491,9.6365353815983,9.741591763360026,12.291596666121913,4.88,4.72,1.78,1.5,12,2009,-0.08402751875336634,12.140873015873016,61.19
2010-03-31,376.93,22.31,1.84,0.0,49.4,29.76,39.06,65.5,347.17,24.0,223.89,357.18,121.67,715.63,303.95,1023.05,0.0,341.33,0.75,393.63,0.87,394.5,121.5,628.55,7.39,0.15,-0.35,9.3,8.9,1.27,0.63,1.84,0.0,0.0,8.72,13.039999999999997,14.199999999999998,14.520000000000001,18.92,6.08,5.92,1.82,1.51,3,2010,0.0,12.124999999999998,22.31
2010-06-30,395.34,6.0,0.4938184387142353,4.5,31.490000000000002,8.289999999999996,17.65,61.5,387.05,3.0100000000000016,200.71,394.82,130.08,739.37,296.9,1039.46,0.0,403.75,0.52,458.84,0.74,459.58,121.5,579.88,32.76,-0.93,-55.059999999999995,9.36,31.129204166666668,1.29,0.79,2.33,4.5,1.93,2.305898975626987,3.399505475097139,4.1370540445072415,4.145531614270576,5.552808194984104,3.76,3.67,1.61,1.33,6,2010,54.67596566523605,12.150214592274677,28.31
2010-09-30,415.1200000000001,7.120000000000001,0.5868021450747954,-0.006176114662412116,28.659999999999997,9.71,18.740000000000002,63.75,405.39999999999986,2.3999999999999986,198.59,396.62,153.01,762.12,290.02,1056.55,0.0,423.08,0.49,468.92,0.64,469.56,121.5,587.0,2.0700000000000003,-3.83,-0.14000000000000057,9.030000000000001,27.157194522471904,1.32,0.8,2.92,4.5,1.54,2.6928591589048834,3.9227321478972628,4.85518487157776,4.83106971493085,6.5352074513124485,3.06,2.98,1.63,1.3,9,2010,-0.07493826797577441,12.133561643835616,35.43
2010-12-31,405.77,16.560000000000002,1.3632775533756494,0.005051024037815326,39.89999999999999,22.330000000000005,31.069999999999993,62.0,383.46000000000004,17.419999999999998,204.95,387.73,137.89,739.64,287.38,1031.74,0.0,376.15,0.43,427.61,0.58,428.19,121.5,603.55,10.050000000000004,-3.8199999999999994,-0.15000000000000568,8.739999999999998,11.372812499999998,1.25,0.71,4.28,4.5,1.05,6.421419503750722,8.867674552798617,10.96992498557415,10.944443162146568,14.779457587997694,3.35,3.26,1.73,1.41,12,2010,0.061355780309817476,12.147196261682243,51.99
2011-03-31,447.79,24.34,2.0,0.0,52.43,34.2,40.9,62.5,413.6,27.13,236.6,417.29,171.4,839.56,282.66,1126.66,0.0,442.99,0.36,497.95,11.95,509.9,121.5,616.76,36.22,-4.39,-0.13,6.7,7.8125,1.23,0.83,2.0,0.0,0.0,8.64,12.720000000000002,15.8,15.64,21.76,5.58,5.44,1.69,1.34,3,2011,0.0,12.17,24.34
2011-06-30,396.97999999999996,8.400000000000002,0.6927306047648139,4.0,27.71,10.809999999999995,17.53,60.0,386.15999999999997,-5.439999999999998,210.52,370.08,166.86,760.94,283.85,1048.89,0.0,405.15,0.28,460.13,12.2,472.32,121.5,576.57,29.730000000000004,-7.1499999999999995,-48.739999999999995,6.72,21.651273809523804,1.26,0.82,2.7,4.0,1.48,3.201954795357362,4.423213194868663,5.829199755650581,5.808674404398291,7.840684178375077,3.99,3.88,1.65,1.29,6,2011,48.50370370370371,12.125925925925927,32.74
2011-09-30,422.27,19.65,1.6165585035312078,0.009716301527716291,44.0,27.729999999999997,33.919999999999995,60.0,394.53999999999996,13.3,219.15,388.0,157.39,777.64,279.54,1069.26,0.0,407.69,0.64,461.0,12.05,473.05,121.5,596.22,18.489999999999995,-9.8,-0.09000000000000341,6.1899999999999995,9.27822900763359,1.22,0.79,4.31,4.0,0.93,7.35140293949227,10.261958389005535,13.18751670166062,13.292536743653367,17.943424317617865,4.26,4.13,1.69,1.35,9,2011,0.11810604107588318,12.155452436194897,52.39
2011-12-31,297.10000000000014,14.480000000000004,1.1909675489756246,0.0008979572859616619,40.67,20.820000000000007,27.900000000000006,60.0,276.28,7.890000000000001,134.5,310.25,135.36,587.46,360.9,950.53,0.0,265.73,0.58,327.93,11.9,339.84,121.5,610.69,-6.519999999999996,-78.11999999999999,-0.07000000000000028,7.080000000000002,12.595851174033147,1.19,0.56,5.5,4.0,0.73,6.097753850755198,8.17653357260356,9.484432480933155,9.536401973979364,13.018358008075372,4.42,4.28,1.79,1.38,12,2011,0.01091752794768297,12.158181818181818,66.87
2012-03-31,380.27,35.33,2.91,0.0,60.82,44.85,50.04,64.0,335.42,32.89,169.16,383.13,170.33,732.99,356.13,1091.03,0.0,405.58,0.0,432.79,12.22,445.01,121.5,646.02,38.16,-3.45,-0.06,5.19,5.4975,1.2,0.69,2.91,0.0,0.0,12.96,16.16,21.88,22.4,27.24,9.59,9.29,1.69,1.3,3,2012,0.0,12.140893470790378,35.33
2012-06-30,421.15999999999997,33.269999999999996,2.740167638483965,4.5,57.04,42.93,47.830000000000005,63.0,378.22999999999996,27.28,140.35,419.32,185.86,756.61,351.26,1109.98,0.0,413.95,0.45,472.82,12.54,485.36,121.5,624.62,26.24000000000001,-0.2999999999999998,-54.739999999999995,4.8999999999999995,5.747595431319508,1.23,0.78,5.65,4.5,0.8,11.988839650145772,15.771725947521867,21.300559766763847,22.154134110787172,26.732396501457725,8.87,8.56,1.6,1.21,6,2012,54.637168141592916,12.14159292035398,68.6
2012-09-30,391.2900000000001,23.510000000000005,1.934706329388775,2.003748403937962,49.19000000000001,29.53,34.21000000000001,77.75,361.7600000000001,18.72,115.24,389.61,171.24,687.04,347.64,1036.66,0.0,390.34,0.0,399.97,12.86,412.83,121.5,623.83,0.03999999999999204,-0.3899999999999997,-24.75,4.68,10.049432156529134,1.51,0.66,7.58,6.5,0.86,9.07627402019325,11.373418738464883,15.079478883943114,15.416393442622953,18.805958093583765,7.98,7.72,1.72,1.29,9,2012,24.34897961566302,12.151715039577835,92.11
2012-12-31,388.96000000000004,13.260000000000005,1.0910524817310434,0.0009025239118449369,48.349999999999994,16.930000000000007,21.099999999999994,88.5,372.03,6.489999999999995,167.81,376.95,150.01,702.61,376.55,1081.03,0.0,418.18,0.0,430.84,13.54,444.38,121.5,636.65,60.14,-7.570000000000001,0.0,4.170000000000002,20.28332767722473,1.69,0.7,8.67,6.5,0.75,4.907848533738258,6.654539242668695,8.330758280345453,8.506937458479646,10.394571509917437,6.87,6.66,1.63,1.28,12,2012,0.01096873640035767,12.153402537485583,105.37
2013-03-31,401.55,16.67,0.14,0.0,40.59,20.88,25.28,99.25,380.67,9.61,182.56,382.08,160.83,739.88,382.97,1124.96,0.0,435.8,0.38,455.56,15.92,471.48,121.5,653.48,24.32,-8.83,-0.72,4.4,177.2325,1.85,0.72,0.14,0.0,0.0,5.92,7.52,10.2,10.28,12.479999999999999,4.27,4.15,1.62,1.27,3,2013,0.0,119.07142857142857,16.67
2013-06-30,350.46,17.159999999999997,0.14202778598876736,5.0,38.94,21.210000000000004,25.699999999999996,8.2,329.24999999999994,9.060000000000002,108.7,356.66,156.26,632.41,386.57,1021.24,0.0,378.63,0.55,393.98,17.38,411.35,121.5,609.89,1.7800000000000011,-14.44,-61.24,4.49,14.435907634032636,1.63,0.67,0.28,5.0,17.86,6.715885308897428,8.014425066509014,11.260774460537982,11.118746674549216,13.614377771208984,4.64,4.5,1.61,1.21,6,2013,604.1071428571428,120.82142857142856,33.83
2013-09-30,343.79999999999995,9.510000000000005,0.07899400092293497,-0.017964269233303985,33.45,11.629999999999995,16.250000000000007,7.8,332.16999999999996,3.3099999999999987,115.14,333.23,146.88,609.47,392.17,1003.22,0.0,359.34,0.56,365.89,17.94,383.83,121.5,619.4,17.39,-10.8,-0.13000000000000256,4.619999999999999,24.689216614090423,1.53,0.62,0.36,5.0,13.89,3.7917120443008785,4.625537609598525,6.143977849561609,6.11764651592063,7.399104753114909,4.07,3.96,1.67,1.26,9,2013,-2.162698412698319,120.3888888888889,43.34
2013-12-31,324.29999999999995,-9.920000000000002,-0.0831119090365051,-0.04322095884034908,10.14,-11.699999999999996,-7.100000000000001,6.95,336.0,-24.330000000000002,134.82,309.38,125.61,583.43,403.62,988.48,0.0,353.71,0.75,359.65,19.34,379.0,121.5,609.48,32.82999999999999,-12.649999999999999,-0.5999999999999943,4.6,-20.904344758064514,1.39,0.62,0.28,5.0,17.86,-4.01311789347696,-4.820490724117295,-6.506475164572114,-6.363997606223819,-7.931250748055057,2.43,2.35,1.62,1.27,12,2013,-5.158730158730236,119.35714285714285,33.42
2014-03-31,306.11,10.48,0.09,0.0,29.16,13.18,17.46,6.9,292.93,-0.77,115.7,305.33,164.53,604.26,400.79,1006.35,0.0,359.23,0.76,365.92,20.48,386.39,121.5,619.96,-8.36,-10.58,-0.18,4.28,19.1675,1.35,0.62,0.09,0.0,0.0,4.16,4.96,6.759999999999999,6.6000000000000005,8.24,3.59,3.42,1.65,1.2,3,2014,0.0,116.44444444444446,10.48
2014-06-30,324.09000000000003,12.71,0.10413540319103062,0.25,24.48,16.0,20.36,6.75,308.09,-8.85,90.41,307.16,173.69,591.11,397.49,989.78,0.0,355.75,0.77,366.33,21.16,387.49,121.5,602.29,8.559999999999999,-3.289999999999999,-30.56,4.36,16.206544059795437,1.36,0.64,0.19,0.25,1.32,5.130038809831824,6.357740405347132,8.440448469167745,8.396601983613627,10.260077619663647,3.92,3.68,1.61,1.14,6,2014,30.513157894736842,122.05263157894737,23.19
2014-09-30,308.78999999999996,4.459999999999997,0.037099457504520775,-0.003816503283525298,22.519999999999996,5.75,10.36,6.5,303.03999999999996,-8.28,82.34,295.05,178.27,576.28,393.46,970.79,0.0,331.14,0.78,342.26,21.77,364.04,121.5,606.75,-2.8600000000000003,-5.01,-0.19000000000000128,4.609999999999999,43.79983183856505,1.3,0.6,0.23,0.25,1.09,1.83884267631103,2.284036166365279,2.9421482820976474,2.9098878842676292,3.5873562386980087,3.12,2.94,1.68,1.16,9,2014,-0.45881006864988905,120.21739130434781,27.65
2014-12-31,306.3599999999999,3.770000000000003,0.031196690006365397,0.0013007500069189242,56.870000000000005,4.700000000000003,9.420000000000002,6.1,301.6600000000001,29.729999999999997,97.1,285.18,142.84,539.72,393.66,934.32,0.0,292.78,0.8,302.03,21.77,323.8,121.5,610.52,16.130000000000003,-1.1799999999999997,-0.19000000000000128,4.719999999999999,48.88018567639254,1.21,0.53,0.26,0.25,0.96,1.6126288987905804,1.977390197326545,2.4717377466581816,2.4717377466581816,3.009280712921708,2.58,2.52,1.79,1.31,12,2014,0.15719063545151002,120.84615384615385,31.42
2015-03-31,275.65,12.48,0.1,0.0,38.13,15.94,20.51,6.25,259.71,11.68,134.41,234.55,157.39,543.96,389.62,934.4,0.0,278.3,0.81,288.12,23.28,311.4,121.5,623.0,40.73,-3.24,-0.19,4.57,15.625,1.22,0.5,0.1,0.0,0.0,5.36,6.559999999999999,8.0,8.04,9.88,4.6,4.53,1.89,1.34,3,2015,0.0,124.8,12.48
2015-06-30,305.58000000000004,21.470000000000002,0.17707216494845363,0.2,52.419999999999995,26.89,31.609999999999996,5.65,278.69,20.799999999999997,110.94,273.65,158.96,555.84,386.02,942.98,0.0,283.78,0.82,298.94,23.86,322.8,121.5,620.17,2.9299999999999997,-1.8999999999999995,-24.5,4.719999999999999,7.977538425710294,1.11,0.52,0.28,0.2,0.71,9.106568483063329,11.206138438880707,13.836924889543447,14.039293078055964,16.821855670103094,5.95,5.84,1.86,1.33,6,2015,24.25,121.25,33.95
2015-09-30,299.48,23.279999999999994,0.19118644067796606,0.0008474576271186729,54.209999999999994,29.14,33.970000000000006,5.55,270.34000000000003,20.550000000000004,152.57,244.49,133.28,540.37,385.07,926.41,0.0,249.24,0.84,259.66,23.3,282.96,121.5,643.45,44.39,-2.63,-0.1999999999999993,4.83,7.258229166666669,1.05,0.44,0.47,0.2,0.43,10.055593220338979,12.349830508474573,14.46508474576271,14.904406779661015,17.55661016949152,6.64,6.5,2.08,1.57,9,2015,0.10319148936170564,121.76595744680851,57.23
2015-12-31,269.65999999999985,4.910000000000004,0.04029771483746382,0.00012668716487819874,44.79000000000002,7.689999999999998,12.679999999999993,7.0,261.97,3.490000000000002,186.02,241.37,109.74,544.67,380.95,927.96,0.0,239.32,0.85,257.36,23.12,280.49,121.5,647.48,38.64,-4.92,-0.21000000000000085,4.99,43.44104887983704,1.31,0.43,0.51,0.2,0.39,2.1176054071451578,2.705477953009336,3.034180881879629,3.1226778242677846,3.754798841326041,5.51,5.4,2.12,1.69,12,2015,0.015435961618688765,121.84313725490196,62.14
2016-03-31,233.22,21.64,0.18,0.0,54.11,27.08,31.93,7.1,206.14,23.96,209.57,211.02,122.39,553.45,377.87,932.04,0.0,218.04,0.86,238.71,24.22,262.93,121.5,669.11,26.84,-3.09,-0.21,4.85,9.86,1.29,0.39,0.18,0.0,0.0,9.28,11.600000000000001,12.92,13.399999999999999,15.64,9.4,9.28,2.32,1.81,3,2016,0.0,120.22222222222223,21.64
2016-06-30,239.23999999999998,23.259999999999998,0.19167483296213805,0.4,59.540000000000006,29.11,33.86000000000001,6.8,210.12,26.1,168.48,205.91,131.94,517.68,376.68,895.06,0.0,214.06,0.88,227.31,23.97,251.28,121.5,643.78,9.279999999999998,-1.5300000000000002,-48.81,4.75,8.869969905417024,1.28,0.39,0.37,0.4,1.08,10.40224498886414,12.660899777282852,14.442957683741648,14.712338530066813,17.42686859688196,9.63,9.5,2.28,1.7,6,2016,48.54054054054055,121.35135135135135,44.9
2016-09-30,294.02000000000004,20.78000000000001,0.17084652862362978,0.0009151660795996991,56.73999999999998,26.040000000000006,31.129999999999995,6.25,267.99,22.67,213.07,244.06,124.88,595.6,377.35,973.61,0.0,270.37,1.37,283.22,25.84,309.06,121.5,664.56,50.04,-4.329999999999999,-1.1499999999999986,5.09,9.142415784408083,1.14,0.47,0.54,0.4,0.74,8.542326431181488,10.959488428745434,12.503434835566386,12.705919610231428,15.072460414129116,8.68,8.57,2.1,1.66,9,2016,0.11131131131131156,121.62962962962963,65.68
2016-12-31,280.55999999999995,3.6799999999999926,0.03024221453287191,0.00017941817249771564,31.430000000000007,4.679999999999993,9.899999999999991,6.8,275.88,-2.3900000000000006,238.59,239.27,115.46,607.87,376.26,985.99,0.0,275.57,1.39,292.54,25.21,317.75,121.5,668.23,28.02000000000001,-2.09,-0.3399999999999963,5.220000000000001,56.21364130434794,1.24,0.48,0.57,0.4,0.7,1.4919492502883478,1.9270126874279083,2.2029065743944596,2.2368627450980347,2.659192618223755,6.73,6.62,2.08,1.68,12,2016,0.021832358674458874,121.6842105263158,69.36
2017-03-31,283.7,2.33,0.02,0.0,25.02,2.97,8.17,7.95,280.73,-3.28,243.62,246.95,140.17,647.09,373.4,1021.9,0.0,307.4,1.37,326.28,25.06,351.34,121.5,670.56,6.92,-1.54,-0.34,5.2,99.375,1.44,0.52,0.02,0.0,0.0,0.92,1.2,1.4,1.4,1.72,0.84,0.82,1.98,1.55,3,2017,0.0,116.5,2.33
2017-06-30,268.97999999999996,-10.4,-0.0902106567534077,0.5,15.629999999999999,-12.9,-7.46,7.9,281.88,-17.59,199.85,221.52,132.25,676.95,267.75,948.57,0.0,290.28,1.26,323.37,25.78,349.15,121.5,599.42,-2.66,19.97,-61.099999999999994,5.44,-21.893754807692307,1.6,0.58,-0.07,0.5,-7.14,-4.381660470879801,-5.567286245353161,-6.959107806691451,-6.701363073110286,-8.19628252788104,-1.49,-1.46,2.09,1.68,6,2017,57.64285714285714,115.28571428571428,-8.07
2017-09-30,306.48,-6.4,-0.05307532826537664,0.02196663046697608,21.33,-7.969999999999999,-2.3200000000000003,7.2,314.44999999999993,-12.580000000000002,229.12,265.43,131.25,749.55,265.5,1020.47,0.0,326.32,1.09,400.91,26.55,427.46,121.5,593.01,-12.52,42.09,-0.3500000000000014,5.649999999999999,-33.9140625,1.48,0.72,-0.12,0.5,-4.17,-2.512232204561161,-3.1845196959225985,-4.316793365583967,-4.069108500345542,-5.112923289564616,-1.72,-1.68,1.87,1.54,9,2017,2.6488095238095326,120.58333333333334,-14.47
