,revenue,net_profit,eps,dps,gross_profit,ebit,ebitda,close_price,expense,operating_profit,cash,account_receivable,inventory,current_asset,property_plant_equipment,total_asset,short_term_loan,account_payable,current_portion_long_term_debt,current_liability,non_current_liability,total_liability,paid_in_capital,total_equity,cash_flow_operation,cash_flow_investment,cash_flow_financing,depreciation,P/E,P/BV,D/E,EPS,DPS,DPR%,ROA%,ROAA%,ROE%,ROAE%,ROCE%,NPM%,NPMA%,CurrentRatio,QuickRatio,month,year,dividend,number_of_shares,return_old
2000-03-31,59.92,-2.86,-0.1,0.0,9.16,-0.58,2.77,3.8,60.51,2.42,23.67,56.17,42.97,299.26,118.35,445.09,5.57,54.11,5.49,75.26,74.33,149.59,300.0,303.06,15.36,-20.69,-6.07,3.35,-9.5,3.76,0.49,-0.1,0.0,0.0,-2.56,0.0,-3.7599999999999993,0.0,-0.64,-4.88,-4.77,3.98,3.41,3,2000,0.0,28.599999999999998,-2.86
2000-06-30,59.53,0.7799999999999998,0.026249999999999996,0.0,8.129999999999999,-8.31,-5.17,2.7,67.83000000000001,3.13,4.52,51.09,48.51,214.16,116.51,358.27,2.61,45.31,1.54,52.92,2.7,55.62,300.0,303.84,-11.27,54.96000000000001,-62.85,3.14,25.71333333333334,2.67,0.18,-0.07,0.0,0.0,0.8699999999999997,-0.0,1.0199999999999998,-0.0,4.364999999999998,-1.8,-1.74,4.05,3.13,6,2000,0.0,29.71428571428571,-2.08
2000-09-30,66.95,-0.10000000000000009,-0.0032110091743119294,0.0,10.55,-0.8399999999999999,2.08,2.5,67.78999999999999,0.8100000000000005,4.74,58.15,38.25,193.84,120.48,341.61,1.6,31.05,1.54,37.47,2.45,39.92,300.0,303.74,-2.57,4.0,-1.2000000000000028,2.92,-194.61949999999985,2.47,0.13,-0.07,0.0,0.0,-0.11743119266055055,0.0,-0.13211009174311936,0.0,-0.5871559633027529,-1.21,-1.17,5.17,4.15,9,2000,0.0,31.142857142857142,-2.18
2000-12-31,52.03999999999999,-10.73,-0.35738962044926414,0.0,6.870000000000001,-10.5,-7.529999999999999,2.1,62.54000000000002,-8.16,9.65,40.97,30.63,168.73,121.04,317.26,1.99,16.03,1.54,24.05,2.2,26.25,300.0,293.01,63.54999999999999,-58.730000000000004,0.0799999999999983,2.9700000000000006,-1.467865796831314,2.15,0.09,-0.43,0.0,0.0,-13.530937257939582,0.0,-14.661285824941906,0.0,-22.93942680092951,-5.59,-5.41,7.02,5.74,12,2000,0.0,30.02325581395349,-12.91
2001-03-31,44.96,-0.64,-0.02,0.0,3.83,-0.36,2.78,2.2,45.32,-3.84,8.81,34.35,26.45,168.89,119.6,315.77,1.05,17.11,1.54,23.36,1.94,25.29,300.0,292.36,11.51,-11.14,-1.2,3.14,-27.5,2.26,0.09,-0.02,0.0,0.0,-0.8,-0.36,-0.88,-0.84,-0.48,-1.54,-1.42,7.23,6.1,3,2001,0.0,32.0,-0.64
2001-06-30,51.24,-1.04,-0.03095238095238096,0.0,5.1,-0.87,2.31,3.3,52.12,-3.91,9.83,41.14,24.17,173.95,117.9,319.31,0.36,22.37,1.54,28.19,1.66,29.86,300.0,291.32,0.8599999999999994,1.1300000000000008,-0.97,3.18,-26.653846153846153,3.4,0.1,-0.05,0.0,0.0,-1.3123809523809526,-0.8914285714285715,-1.4361904761904762,-1.386666666666667,-1.04,-1.87,-1.75,6.17,5.31,6,2001,0.0,33.599999999999994,-1.68
2001-09-30,39.77999999999999,-4.680000000000001,-0.15452830188679245,0.0,4.6,-4.41,-0.7699999999999996,2.6,44.18000000000001,-2.9000000000000004,11.93,33.22,24.75,171.14,123.19,321.75,5.25,19.71,3.4,31.63,5.31,36.94,300.0,286.64,4.42,-6.5699999999999985,4.24,3.6400000000000006,-4.206025641025641,2.72,0.13,-0.21,0.0,0.0,-5.827924528301887,-5.003773584905661,-6.534339622641511,-6.328301886792453,-5.710188679245284,-4.88,-4.68,5.41,4.63,9,2001,0.0,30.28571428571429,-6.36
2001-12-31,40.97,-4.12,-0.13759541984732823,0.0,2.480000000000002,-3.8,-0.14000000000000057,2.8,44.76999999999998,-7.339999999999998,15.37,28.04,20.7,155.1,120.19,312.71,3.83,15.92,3.4,27.27,4.7,31.97,300.0,282.53,-9.129999999999999,14.599999999999998,-2.03,3.6599999999999984,-5.087378640776699,2.97,0.11,-0.35,0.0,0.0,-5.26793893129771,-4.717557251908397,-5.834045801526718,-5.723969465648856,-5.205038167938931,-6.31,-5.92,5.69,4.93,12,2001,0.0,29.942857142857147,-10.48
2002-03-31,41.44,-0.46,-0.02,0.0,3.1,-0.19,3.41,3.38,41.63,-1.54,65.13,30.19,21.86,154.85,117.37,309.64,1.07,17.73,3.4,25.25,4.07,29.32,300.0,282.07,-0.67,-0.6,-3.39,3.6,-42.25,3.59,0.1,-0.02,0.0,0.0,-0.6,-0.24,-0.64,-0.64,-0.28,-1.27,-1.11,6.13,5.27,3,2002,0.0,23.0,-0.46
2002-06-30,45.74000000000001,-1.25,-0.043859649122807015,0.0,6.950000000000001,-1.0,2.62,4.06,46.74,-4.6,83.5,35.95,25.14,176.93,114.8,328.98,15.82,24.73,3.4,46.46,3.42,49.88,300.0,280.82,4.24,-0.040000000000000036,14.100000000000001,3.6199999999999997,-23.14314,4.34,0.18,-0.06,0.0,0.0,-1.52046783625731,-1.0818713450292399,-1.783625730994152,-1.7543859649122806,-1.2280701754385963,-2.18,-1.96,3.81,3.27,6,2002,0.0,28.5,-1.71
2002-09-30,39.91,-8.57,-0.283443579766537,0.0,6.039999999999999,-8.47,-4.71,4.46,48.370000000000005,-2.71,53.98,34.13,26.11,154.55,114.25,300.54,2.98,15.96,3.56,25.71,4.42,30.13,300.0,272.25,-20.69,10.040000000000001,-13.620000000000001,3.7600000000000007,-3.934469078179696,4.91,0.11,-0.34,0.0,0.0,-11.404435797665371,-10.337354085603115,-12.60490272373541,-12.271439688715956,-11.70455252918288,-8.61,-8.09,6.01,5.0,9,2002,0.0,30.235294117647054,-10.28
2002-12-31,44.19999999999999,-3.92,-0.12974647887323942,0.0,3.1000000000000014,-3.74,0.15999999999999992,4.38,47.94999999999999,-8.430000000000001,66.15,32.87,30.66,163.89,109.6,308.67,2.97,26.22,3.34,38.37,3.84,42.21,300.0,268.33,14.690000000000001,-1.6300000000000008,-0.7999999999999998,3.9000000000000004,-8.440306122448979,4.9,0.16,-0.47,0.0,0.0,-5.07943661971831,-4.759211267605633,-5.841352112676057,-5.697802816901409,-5.476957746478874,-8.73,-8.29,4.27,3.47,12,2002,0.0,30.21276595744681,-14.2
2003-03-31,60.06,-6.65,-0.22,0.0,3.84,-6.44,-2.59,3.7,66.5,-5.17,5.23,41.04,31.29,168.84,109.8,313.31,4.92,35.45,3.04,50.16,3.32,53.48,300.0,261.68,-10.77,-2.13,1.13,3.85,-4.205,4.24,0.2,-0.22,0.0,0.0,-8.48,-8.28,-10.16,-9.8,-9.8,-11.28,-11.07,3.37,2.74,3,2003,0.0,30.22727272727273,-6.65
2003-06-30,62.39,7.98,0.24000000000000002,0.0,4.449999999999999,8.24,12.209999999999999,4.4,54.150000000000006,-4.640000000000001,26.86,34.51,27.61,161.65,106.95,303.18,6.43,18.42,2.73,32.56,2.79,35.34,300.0,269.65,10.54,10.399999999999999,0.6900000000000002,3.97,4.583333333333333,4.9,0.13,0.04,0.0,0.0,10.56,13.679999999999998,11.76,11.52,16.080000000000002,1.21,1.09,4.96,4.12,6,2003,0.0,33.25,1.33
2003-09-30,72.91000000000001,24.14,0.8056144483706321,0.0,6.460000000000001,24.57,28.550000000000004,7.9,48.349999999999994,-2.0,51.07,34.83,25.68,186.58,336.05,556.07,0.66,21.8,2.17,29.53,2.25,31.78,300.0,525.82,30.650000000000002,0.39000000000000057,-6.83,3.9800000000000004,2.450458782104391,4.51,0.06,0.85,0.0,0.0,17.363360816647038,23.35334118570868,18.349053788771105,24.187389085198276,18.99354534746761,16.39,13.04,6.32,5.45,9,2003,0.0,29.96470588235294,25.47
2003-12-31,96.76999999999998,42.45,1.3750000000000002,0.0,7.530000000000001,42.709999999999994,46.17,14.2,54.05000000000001,-5.880000000000001,142.52,36.83,33.3,337.46,332.83,685.33,0.72,31.77,3.3,66.4,5.1,71.5,375.0,615.37,24.35,20.62,46.48,3.459999999999999,2.5799999999999996,8.65,0.12,2.2,0.0,0.0,24.775000000000002,34.75000000000001,27.6,38.425,27.900000000000002,33.1,23.25,5.08,4.58,12,2003,0.0,30.87272727272727,67.92
2004-03-31,63.63,-22.85,-0.61,0.0,9.83,-22.66,-18.71,12.5,86.29,0.1,82.37,44.36,39.95,292.34,332.23,647.62,5.44,36.24,3.28,50.68,4.25,54.94,375.0,592.51,-62.97,-0.65,3.75,3.95,-5.1225,7.91,0.09,-0.61,0.0,0.0,-14.120000000000001,-18.88,-15.44,-21.4,-15.2,-37.69,-35.91,5.77,4.98,3,2004,0.0,37.459016393442624,-22.85
2004-06-30,59.85999999999999,7.230000000000002,0.19440460947503208,0.0,11.540000000000001,7.43,11.48,9.0,52.42999999999999,1.27,54.08,41.59,42.22,268.99,335.14,642.41,3.04,27.86,3.35,39.11,3.39,42.5,375.0,599.75,0.7100000000000009,-25.810000000000002,-3.19,4.05,11.574571230982015,5.63,0.07,-0.42,0.0,0.0,4.4990781049936,5.961741357234318,4.813828425096033,6.646786171574906,4.66571062740077,-13.21,-12.65,6.88,5.8,6,2004,0.0,37.19047619047619,-15.62
2004-09-30,62.739999999999995,9.04,0.2472948328267477,0.0,13.779999999999998,9.24,13.33,7.7,53.50999999999999,3.6799999999999997,35.27,48.47,37.89,257.74,344.74,648.76,8.35,21.1,2.96,36.84,2.97,39.81,375.0,608.79,0.4799999999999969,-23.9,4.6,4.09,7.784634955752214,4.74,0.07,-0.18,0.0,0.0,5.550395136778115,5.440486322188449,5.9350759878419455,6.374711246200607,5.385531914893616,-3.69,-3.53,7.0,5.97,9,2004,0.0,36.55555555555556,-6.58
2004-12-31,69.85999999999999,4.48,0.128,0.0,3.5900000000000034,4.63,10.17,7.75,65.22,-9.48,33.56,42.23,38.07,262.82,344.91,654.66,2.1,26.58,2.55,38.68,2.55,41.23,375.0,613.26,11.21,-5.960000000000001,-6.96,5.539999999999999,15.137109375,4.74,0.07,-0.06,0.0,0.0,2.7306666666666666,1.7066666666666668,2.9013333333333335,2.9013333333333335,1.8773333333333335,-0.88,-0.82,6.79,5.81,12,2004,0.0,35.0,-2.1
2005-03-31,62.54,1.12,0.030000000000000002,0.0,8.82,1.24,6.12,8.0,61.3,-0.63,27.41,49.84,40.36,263.66,342.0,658.1,0.68,33.02,2.13,41.42,2.12,43.54,375.0,614.39,-2.99,-0.89,-2.27,4.88,66.6675,4.88,0.07,0.03,0.0,0.0,0.68,0.76,0.72,0.76,0.8,1.87,1.79,6.37,5.39,3,2005,0.0,37.333333333333336,1.12
2005-06-30,54.839999999999996,-2.39,-0.05645669291338583,0.0,5.43,-2.3,2.62,7.9,57.14,-3.5600000000000005,28.12,42.62,37.6,254.8,338.82,645.87,1.19,23.11,1.7,32.02,1.68,33.71,375.0,612.0,2.6700000000000004,-1.5499999999999998,-0.41000000000000014,4.920000000000001,-34.98212343096234,4.84,0.06,-0.03,0.0,0.0,-1.505511811023622,-1.2044094488188977,-1.5807874015748031,-1.5807874015748031,-1.279685039370079,-1.13,-1.08,7.96,6.78,6,2005,0.0,42.333333333333336,-1.27
2005-09-30,76.08000000000001,12.139999999999999,0.32388224471021154,0.0,10.41,12.38,16.89,6.2,63.69999999999999,1.9800000000000004,25.59,50.73,47.04,279.27,335.16,669.44,0.29,36.37,1.59,43.75,1.38,45.13,375.0,624.14,1.49,-2.7600000000000002,-1.2599999999999998,4.51,4.78584431630972,3.73,0.07,0.29,0.0,0.0,7.237092916283349,7.683827046918123,7.773173873045078,7.862520699172033,8.08588776448942,6.14,5.62,6.38,5.31,9,2005,0.0,37.48275862068966,10.87
2005-12-31,58.09,-2.4399999999999995,-0.06367734282325029,0.0,10.749999999999996,-2.0600000000000005,2.4200000000000017,9.0,60.150000000000006,-2.0200000000000005,17.6,50.13,43.29,266.36,332.96,660.42,0.19,22.17,1.48,29.55,1.07,30.62,375.0,629.52,-6.28,-0.0699999999999994,-0.52,4.479999999999999,-35.335174180327876,5.36,0.05,0.22,0.0,0.0,-1.4819454329774613,-1.6324555160142344,-1.5514116251482797,-1.5745670225385526,-1.701921708185053,3.59,3.35,9.01,7.55,12,2005,0.0,38.31818181818182,8.43
2006-03-31,59.57,3.88,0.1,0.0,11.08,3.95,8.1,9.6,55.62,1.98,44.2,43.2,42.11,274.58,329.44,668.21,0.82,23.14,1.37,30.33,0.76,31.09,375.0,636.81,26.94,-0.55,0.21,4.15,24.000000000000004,5.65,0.05,0.1,0.0,0.0,2.32,2.4,2.44,2.48,2.48,7.22,6.51,9.05,7.66,3,2006,0.0,38.8,3.88
2006-06-30,54.589999999999996,-5.4,-0.14210526315789473,0.0,10.67,-4.970000000000001,-0.7299999999999995,9.6,59.56000000000001,0.6099999999999999,31.99,41.09,43.25,279.81,326.64,660.28,0.14,26.0,1.25,32.71,0.44,33.14,375.0,626.86,8.349999999999998,-19.43,-1.1300000000000001,4.24,-16.88888888888889,5.74,0.05,-0.04,0.0,0.0,-3.268421052631579,-2.2736842105263158,-3.4105263157894736,-3.552631578947369,-2.2736842105263158,-1.43,-1.33,8.55,7.23,6,2006,0.0,38.0,-1.52
2006-09-30,63.34,3.91,0.09815899581589958,0.0,12.170000000000002,4.390000000000001,8.709999999999997,9.4,58.95999999999998,3.29,15.91,51.6,53.19,286.05,340.04,676.37,0.0,35.76,1.27,45.07,0.11,45.18,375.0,630.91,1.7000000000000028,-17.34,-0.44000000000000006,4.32,23.94125959079284,5.59,0.07,0.06,0.0,0.0,2.2903765690376567,3.2719665271966525,2.486694560669456,2.486694560669456,3.468284518828452,1.4,1.35,6.35,5.17,9,2006,0.0,39.833333333333336,2.39
2006-12-31,72.03999999999999,-1.5700000000000003,-0.038292682926829275,0.0,12.269999999999996,-0.94,3.700000000000003,9.9,72.97000000000003,-0.6600000000000001,30.58,53.08,48.1,291.95,339.84,659.48,0.0,23.99,7.51,31.5,0.44,31.94,375.0,627.25,-1.3800000000000026,16.4,-0.34999999999999987,4.640000000000001,-64.63375796178343,5.92,0.05,0.02,0.0,0.0,-0.9190243902439026,-2.8336585365853666,-0.9956097560975612,-0.9956097560975612,-2.986829268292684,0.34,0.33,9.27,7.74,12,2006,0.0,41.0,0.82
2007-03-31,88.21,8.2,0.22000000000000003,0.0,19.49,12.92,17.65,8.0,75.3,9.01,46.34,69.19,49.93,331.34,338.24,697.58,0.0,40.2,0.92,54.9,0.4,55.3,375.0,641.9,18.04,-1.93,-0.35,4.73,9.09,4.67,0.09,0.22,0.0,0.0,4.72,7.56,5.12,5.12,8.04,9.77,9.3,6.04,5.13,3,2007,0.0,37.272727272727266,8.2
2007-06-30,109.22000000000001,27.09,0.7215811844715216,0.0,18.650000000000002,29.29,34.07,7.25,79.91000000000001,5.01,63.19,64.69,50.64,358.64,334.7,720.88,0.37,44.06,0.6,60.67,0.36,61.03,375.0,659.5,50.080000000000005,-33.24,0.009999999999999953,4.779999999999999,2.5109440753045402,4.12,0.09,0.94,0.0,0.0,15.045735335789177,18.761110796259565,16.427486540096343,16.857364692547463,19.620867101161803,21.09,17.87,5.91,5.08,6,2007,0.0,37.54255319148936,35.29
2007-09-30,85.88,12.259999999999998,0.3274490010515247,0.0,12.990000000000002,13.019999999999996,18.11,7.5,72.87,3.0199999999999996,40.44,57.07,50.6,353.91,345.15,726.84,0.0,36.74,1.27,50.6,2.24,52.84,375.0,673.63,-9.990000000000002,-11.759999999999998,-1.0,5.09,5.730434339314845,4.18,0.08,1.27,0.0,0.0,6.744933753943217,8.11660988433228,7.281228180862249,7.518435331230283,8.426010515247107,19.65,16.78,6.99,5.99,9,2007,0.0,37.44094488188976,47.55
2007-12-31,87.58999999999997,8.290000000000006,0.22120522922636118,0.0,17.770000000000003,9.600000000000001,15.010000000000005,7.6,77.97999999999999,4.18,74.26,64.22,53.49,365.87,343.08,742.26,0.54,42.68,1.18,57.04,1.94,58.97,375.0,682.81,1.0499999999999972,32.62,0.15000000000000013,5.410000000000002,8.5881785283474,4.17,0.09,1.49,0.0,0.0,4.465673352435533,5.493015759312325,4.8576074498567365,5.059512893982811,5.617722063037253,17.26,15.06,6.41,5.48,12,2007,0.0,37.4765100671141,55.84
2008-03-31,89.59,-0.56,-0.01,0.0,15.65,0.95,5.68,6.75,88.64,2.87,136.68,69.29,69.4,385.77,341.18,759.81,0.0,62.68,1.21,76.42,1.62,78.04,375.0,681.31,11.45,51.79,-0.83,4.73,-168.75,3.72,0.11,-0.01,0.0,0.0,-0.28,0.52,-0.32,-0.32,0.56,-0.63,-0.63,5.05,4.14,3,2008,0.0,56.00000000000001,-0.56
2008-06-30,90.54999999999998,-14.879999999999999,-0.3951295336787565,0.0,10.999999999999998,-15.399999999999999,-10.71,6.35,105.95,-3.2,92.71,65.0,71.48,352.49,341.74,730.65,1.0,47.98,1.5,62.27,1.89,64.16,375.0,666.08,-43.04,-1.6099999999999994,0.6799999999999999,4.6899999999999995,-4.018239247311828,3.58,0.1,-0.41,0.0,0.0,-8.133886010362692,-7.671295336787565,-8.943419689119171,-8.981968911917098,-8.326632124352333,-8.91,-8.57,5.66,4.51,6,2008,0.0,37.65853658536585,-15.44
2008-09-30,78.61000000000001,-18.68,-0.4982063305978899,0.0,9.090000000000003,-18.820000000000004,-13.5,5.75,97.42999999999998,-5.93,75.08,60.51,66.56,305.55,415.27,752.68,1.0,30.3,1.94,45.92,3.49,49.41,375.0,702.91,-7.23,-9.979999999999997,-0.41000000000000003,5.32,-2.885952890792291,3.07,0.07,-0.91,0.0,0.0,-9.920328253223918,-9.854630715123097,-10.621101992966,-10.861992966002346,-10.31451348182884,-13.6,-13.19,6.65,5.2,9,2008,0.0,37.49450549450549,-34.12
2008-12-31,70.52999999999997,-29.340000000000003,-0.7813520327765522,0.0,11.799999999999997,-28.599999999999994,-23.15,5.4,99.13,-6.24,60.94,51.17,71.86,260.96,412.96,704.1,0.0,22.73,1.93,30.23,3.03,33.26,375.0,670.48,-12.560000000000002,-0.12000000000000455,-1.4699999999999998,5.450000000000001,-1.7303340149965916,3.02,0.05,-1.69,0.0,0.0,-16.662678852820676,-15.830469587141508,-17.494888118499848,-17.346939804601327,-16.97706901985503,-19.81,-19.27,8.63,6.26,12,2008,0.0,37.55029585798817,-63.46
2009-03-31,52.02,-11.5,-0.31,0.0,3.34,-11.38,-5.95,4.7,63.39,-10.01,57.8,45.28,59.29,241.23,410.51,681.96,1.0,11.77,1.92,20.45,2.56,23.0,375.0,658.63,1.88,-5.54,0.52,5.43,-3.79,2.68,0.03,-0.31,0.0,0.0,-6.76,-6.32,-7.0,-6.88,-6.88,-22.28,-22.11,11.8,8.9,3,2009,0.0,37.096774193548384,-11.5
2009-06-30,76.89999999999998,12.69,0.3199159663865546,0.0,8.17,12.75,17.96,4.72,64.16,-3.950000000000001,82.8,48.42,51.02,250.52,402.21,707.17,0.0,17.56,1.47,25.83,0.42,26.25,375.0,680.93,25.44,1.58,-1.49,5.210000000000001,3.6883904649330184,2.6,0.04,0.03,0.0,0.0,7.251428571428572,8.10453781512605,7.251428571428572,7.67798319327731,8.53109243697479,1.05,0.92,9.7,7.72,6,2009,0.0,39.666666666666664,1.19
2009-09-30,84.54000000000002,9.63,0.2581053604436229,0.0,11.1,9.75,14.430000000000001,4.0,74.8,-2.509999999999998,74.78,51.72,45.95,292.59,402.13,725.68,0.0,26.39,1.6,35.85,1.88,37.73,375.0,687.73,12.810000000000002,-20.849999999999998,-0.5,4.68,3.8735150571131873,2.18,0.05,0.29,0.0,0.0,5.304510166358596,5.34011090573013,5.589316081330869,5.553715341959335,5.731719038817006,5.89,5.07,8.16,6.88,9,2009,0.0,37.31034482758621,10.82
2009-12-31,82.77000000000001,6.509999999999998,0.17279861511829195,0.0,13.799999999999997,6.65,11.219999999999995,4.68,76.10999999999999,-2.4700000000000024,65.66,50.65,51.34,301.47,398.73,732.86,0.0,30.0,1.34,39.02,1.56,40.58,375.0,692.05,-3.9299999999999997,-4.610000000000003,-0.5900000000000001,4.57,6.768283410138251,2.54,0.06,0.46,0.0,0.0,3.546128101557991,3.7114137334102706,3.7564916330063465,3.8165954991344484,3.846647432198499,6.75,5.85,7.73,6.41,12,2009,0.0,37.67391304347826,17.33
2010-03-31,90.02,13.88,0.37,0.0,17.12,14.34,18.79,4.86,75.69,4.46,125.94,59.42,49.82,331.47,399.22,770.71,0.0,47.2,1.91,60.33,4.16,64.49,375.0,705.94,43.06,17.86,-0.63,4.45,3.285,2.58,0.09,0.37,0.0,0.0,7.2,7.88,7.88,8.12,8.08,17.35,15.42,5.49,4.67,3,2010,0.0,37.513513513513516,13.88
2010-06-30,101.17,14.049999999999999,0.3722520587182241,0.0,14.73,14.29,18.550000000000004,4.6,86.87,-1.25,91.0,62.13,60.96,336.18,395.64,772.63,0.0,35.45,1.62,48.55,3.76,52.31,375.0,720.0,-40.68,6.420000000000002,-0.68,4.260000000000001,3.0911850533807828,2.4,0.07,0.74,0.0,0.0,7.263945578231292,7.787110633727175,7.8072323666308625,8.028571428571428,7.948084496956677,16.9,14.61,6.92,5.67,6,2010,0.0,37.74324324324324,27.93
2010-09-30,97.50999999999999,5.329999999999998,0.14262477450390856,0.0,16.65,9.099999999999998,13.269999999999996,14.3,88.41,2.74,29.69,61.37,69.5,287.65,393.15,791.73,6.96,37.24,1.57,62.62,3.41,66.03,375.0,725.31,-17.87,-50.0,6.550000000000001,4.17,25.06980300187618,7.39,0.09,0.89,0.0,0.0,2.6922429344558023,3.185820805772699,2.942236921226698,3.019158147925435,3.314022850270595,13.05,11.52,4.59,3.48,9,2010,0.0,37.37078651685393,33.26
2010-12-31,105.96000000000004,-3.7099999999999973,-0.09918443316412852,0.0,9.579999999999998,-2.299999999999997,1.6099999999999994,18.7,108.26000000000002,-9.22,29.26,65.55,59.69,266.38,393.41,798.73,29.47,27.51,1.93,72.27,4.47,76.74,375.0,721.59,7.5200000000000005,-30.0,22.060000000000002,3.9099999999999984,-47.13264824797847,9.72,0.11,0.79,0.0,0.0,-1.8581387478849394,-2.325184433164127,-2.059018612521149,-2.099194585448391,-2.450734348561758,8.36,7.49,3.69,2.86,12,2010,0.0,37.40506329113924,29.55
2011-03-31,91.44,-5.89,-0.16,0.0,14.69,-5.12,-1.34,16.9,96.56,-0.63,57.79,66.13,52.87,266.78,398.33,801.77,32.08,22.61,1.89,81.05,4.65,85.7,375.0,715.7,32.87,-6.44,2.1,3.78,-26.4075,8.85,0.12,-0.16,0.0,0.0,-2.92,-2.6,-3.2800000000000002,-3.32,-2.84,-6.53,-6.44,3.29,2.64,3,2011,0.0,36.8125,-5.89
2011-06-30,87.27000000000001,-9.27,-0.2445910290237467,0.0,13.28,-8.419999999999998,-4.45,13.2,95.69,-3.41,22.71,64.36,46.42,235.97,396.52,770.83,15.26,30.36,1.88,59.21,4.82,64.03,375.0,706.43,-14.899999999999999,-2.8600000000000003,-17.32,3.97,-13.49190938511327,7.01,0.09,-0.4,0.0,0.0,-4.818443271767809,-4.280343007915567,-5.258707124010554,-5.2097889182058035,-4.647229551451187,-8.78,-8.48,3.99,3.2,6,2011,0.0,37.9,-15.16
2011-09-30,104.1,-17.06,-0.455356921166977,0.0,18.090000000000003,-16.740000000000002,-12.75,8.2,120.83999999999997,1.67,30.73,72.77,40.9,232.2,396.6,766.72,11.48,38.38,2.26,67.51,7.23,74.74,375.0,689.37,11.09,-1.2299999999999986,-1.839999999999998,3.99,-4.499657092614302,4.46,0.11,-0.86,0.0,0.0,-8.89534450651769,-8.238783364369956,-9.890775915580384,-9.657802607076349,-9.170676598386095,-11.7,-11.39,3.44,2.83,9,2011,0.0,37.46511627906977,-32.22
2011-12-31,81.93,8.079999999999998,0.2142170671085335,0.0,10.18,8.850000000000001,9.489999999999998,8.45,73.08000000000004,-10.010000000000002,29.5,36.29,42.35,194.07,399.86,748.65,13.67,22.97,2.63,40.16,8.04,48.2,375.0,697.45,2.3900000000000006,-5.210000000000001,1.589999999999998,0.6400000000000006,9.859158415841586,4.54,0.07,-0.64,0.0,0.0,4.311118475559237,3.7086329743164863,4.632444076222036,4.552112676056337,4.04334714167357,-7.04,-6.62,4.83,3.78,12,2011,0.0,37.71875,-24.14
2012-03-31,100.88,12.7,0.33999999999999997,0.0,19.48,14.9,18.85,10.8,85.99,3.13,32.9,63.11,41.76,234.82,407.2,783.48,6.81,33.48,4.23,57.76,12.71,70.46,375.0,710.15,-0.44,4.91,-1.08,3.95,7.94,5.7,0.1,0.34,0.0,0.0,6.48,7.52,7.16,7.12,8.2,14.3,12.59,4.07,3.34,3,2012,0.0,37.35294117647059,12.7
2012-06-30,90.77000000000001,-0.8999999999999986,-0.02364406779661013,0.0,20.849999999999998,1.42,4.259999999999998,12.0,89.34000000000002,5.86,31.54,69.7,36.46,224.14,410.33,775.79,7.37,36.21,4.46,50.45,12.93,63.38,375.0,709.25,3.77,-4.48,-0.6499999999999999,2.84,-126.88277777777799,6.34,0.09,0.31,0.0,0.0,-0.4637288135593213,-0.643728813559321,-0.5064406779661008,-0.509491525423728,-0.6864406779661005,6.42,6.16,4.44,3.72,6,2012,0.0,38.06451612903226,11.8
2012-09-30,112.97,22.26,0.5947328244274809,0.0,27.060000000000002,27.619999999999997,30.520000000000003,14.4,85.35,12.35,65.41,68.3,40.95,258.56,408.86,808.71,5.89,46.11,4.83,61.6,12.05,73.64,375.0,731.51,36.67,0.8200000000000001,-3.6,2.8999999999999995,6.051540880503144,7.38,0.1,0.91,0.0,0.0,11.005825014679976,14.587293012331182,12.18221961244862,12.522066940692895,15.371556077510276,12.11,11.18,4.2,3.53,9,2012,0.0,37.42857142857143,34.06
2012-12-31,109.98000000000002,10.96,0.29213682807641045,0.0,31.239999999999995,14.830000000000005,19.609999999999992,15.4,95.14999999999998,9.41,56.3,67.87,39.34,251.47,421.2,814.24,11.27,28.55,5.27,51.27,16.92,68.19,375.0,742.47,-11.379999999999999,2.9400000000000004,-0.6899999999999995,4.780000000000001,13.17533302919708,7.78,0.09,1.2,0.0,0.0,5.385055530875167,7.32289649044869,5.901163927143491,6.086183918258552,7.498178587294536,11.69,10.86,4.9,4.14,12,2012,0.0,37.51666666666667,45.02
2013-03-31,105.26,19.16,0.51,0.3,24.98,24.92,28.25,16.3,80.35,9.66,104.13,55.36,30.39,273.63,420.56,835.79,11.92,28.58,5.43,67.36,70.43,137.79,375.0,697.6,44.66,3.93,-0.7,3.33,7.99,8.76,0.2,0.51,0.3,0.59,9.16,12.32,11.0,10.88,12.96,21.45,18.2,4.06,3.61,3,2013,11.270588235294118,37.568627450980394,19.16
2013-06-30,76.92,-1.1499999999999986,-0.03064963908939474,-0.00038214064082049036,23.290000000000003,-1.0200000000000031,2.289999999999999,18.4,77.93,8.440000000000001,45.61,59.75,26.54,234.07,422.51,800.65,0.0,26.32,5.26,36.21,67.61,103.82,375.0,696.45,-28.119999999999997,-5.87,-24.53,3.3099999999999996,-150.07028260869583,9.91,0.15,0.48,0.3,0.63,-0.5746807329261514,-0.7739033870072171,-0.6615213770127698,-0.6538589672404211,-0.7994447529150461,10.75,9.89,6.46,5.73,6,2013,-0.014338235294118817,37.520833333333336,18.01
2013-09-30,86.63999999999999,8.779999999999998,0.23269130272489727,0.0016820642030608594,27.949999999999996,11.530000000000001,14.880000000000003,18.5,75.1,14.86,43.24,69.32,24.87,242.28,419.64,807.05,0.0,28.93,5.08,36.77,64.68,101.45,375.0,705.23,3.620000000000001,-4.6,-1.3900000000000006,3.3500000000000005,19.878912300683375,9.84,0.14,0.71,0.3,0.42,4.352310563643149,5.755013064576332,4.9815602836879425,4.889794699514743,6.0303098170959295,10.6,9.97,6.59,5.91,9,2013,0.06346830985915553,37.732394366197184,26.79
2013-12-31,89.74000000000001,-5.259999999999998,-0.13925685090571288,0.0003140066595579315,26.14,-5.960000000000001,-2.6200000000000045,15.4,95.69999999999999,1.5399999999999991,38.4,65.57,24.12,227.58,536.5,907.04,0.0,24.17,4.85,34.61,82.5,117.12,375.0,789.58,3.1000000000000014,-6.53,-1.4100000000000001,3.34,-27.649268060836512,7.31,0.15,0.57,0.3,0.53,-2.316061309800278,-3.3421644217371096,-2.6678680910357633,-2.7460473757547597,-3.3030747793776114,6.42,6.0,6.58,5.88,12,2013,0.011860637509267136,37.77192982456141,21.53
2014-03-31,81.78,7.7,0.20999999999999996,0.34,22.33,11.02,14.34,16.4,70.76,5.47,61.56,61.7,26.57,244.42,536.54,923.97,0.0,35.04,4.72,56.56,82.55,139.11,375.0,784.53,24.79,-0.37,-1.26,3.32,19.525,7.84,0.18,0.21,0.34,1.62,3.32,5.0,3.9199999999999995,4.16,5.08,10.18,9.42,4.32,3.85,3,2014,12.466666666666669,36.66666666666667,7.7
2014-06-30,95.27000000000001,17.470000000000002,0.46503377036154153,0.008149913918686275,23.32,22.290000000000003,25.7,18.2,72.98,6.660000000000001,54.73,65.5,28.15,247.99,534.7,925.73,0.0,29.59,4.67,36.65,86.76,123.41,375.0,802.0,8.090000000000003,-0.9700000000000001,-13.94,3.4100000000000006,9.782730394962792,8.51,0.15,0.67,0.34,0.51,7.5515931664680185,10.716599125943583,8.717647993643226,9.328438617401668,10.411203814064363,16.26,14.22,6.77,6.0,6,2014,0.30616915422885604,37.56716417910448,25.17
2014-09-30,80.75999999999999,7.850000000000001,0.2092065414900061,-0.00040265058716111514,18.17,8.909999999999997,12.5,19.9,71.84,1.5999999999999996,81.84,56.05,23.7,280.76,534.9,956.98,0.0,50.9,4.62,61.3,85.51,146.8,375.0,809.85,58.62,-30.3,-1.2100000000000009,3.59,23.776503184713373,9.21,0.18,0.88,0.34,0.39,3.2807389460932774,4.554996971532405,3.8798304058146584,4.146093276801938,4.478921865536039,14.51,12.81,4.58,4.19,9,2014,-0.015108548168250024,37.52272727272727,33.02
2014-12-31,66.20999999999998,-5.640000000000004,-0.15037253469685913,-0.00014393386015011997,13.490000000000002,-6.589999999999996,-2.9099999999999966,26.25,72.81999999999996,-7.5200000000000005,63.62,64.49,24.04,283.11,534.86,962.17,0.0,23.01,4.54,73.77,83.88,157.65,375.0,804.21,-2.680000000000007,-14.350000000000001,-1.1900000000000013,3.6799999999999997,-43.642943262411315,12.24,0.2,0.73,0.34,0.47,-2.3482834185536907,-3.139284149013881,-2.8014609203798413,-2.834419284149016,-3.304075967859754,9.36,8.45,3.84,3.51,12,2014,-0.005398505603986692,37.50684931506849,27.38
2015-03-31,71.29,6.12,0.16,0.4,13.36,7.78,11.32,35.25,63.51,-1.95,67.8,61.78,29.3,305.05,532.3,942.18,0.0,28.5,4.37,63.67,82.88,146.55,375.0,795.33,-5.39,10.69,-1.12,3.54,55.0775,16.62,0.18,0.16,0.4,2.5,2.6,3.32,3.08,3.08,3.5600000000000005,10.08,8.58,4.79,4.33,3,2015,15.3,38.25,6.12
2015-06-30,87.67,16.07,0.42727805317710676,-0.0068048670572329484,17.27,20.18,23.759999999999998,30.75,67.49000000000001,1.2999999999999998,81.66,55.91,33.53,322.14,529.4,956.33,0.0,51.63,4.7,59.39,85.23,144.62,375.0,811.4,28.27,1.7400000000000002,-16.15,3.58,17.99226509023024,14.21,0.18,0.59,0.4,0.68,6.720576836412798,8.60349707075259,7.908264984227129,7.966200991437584,9.038017124831004,17.19,13.96,5.42,4.86,6,2015,-0.255932203389829,37.610169491525426,22.19
2015-09-30,71.62,-2.6700000000000017,-0.07112704918032793,-0.0007641011392054421,18.37,-2.9499999999999993,0.6700000000000017,25.75,74.57,2.0,90.68,78.69,33.08,304.57,526.4,936.05,0.0,27.86,4.26,45.77,81.24,127.02,375.0,808.73,-23.77,33.95,-1.1600000000000001,3.62,-90.5084644194756,11.94,0.16,0.52,0.4,0.77,-1.1435040983606566,-1.4444262295081978,-1.3185860655737713,-1.3185860655737713,-1.5374385245901652,9.63,8.47,6.65,5.93,9,2015,-0.02868318122555813,37.53846153846153,19.52
2015-12-31,65.69999999999996,-5.16,-0.13654596100278552,0.0026569530747804423,13.82,-6.120000000000001,-2.280000000000001,22.9,71.82,-6.74,99.06,69.83,36.6,303.63,528.94,932.82,0.0,29.54,4.23,45.95,83.8,129.75,375.0,802.77,6.43,3.8599999999999994,-1.8999999999999986,3.84,-41.92507751937984,10.7,0.16,0.38,0.4,1.05,-2.213481894150418,-2.860278551532034,-2.5728133704735376,-2.5728133704735376,-3.0615041782729806,5.38,4.85,6.61,5.81,12,2015,0.10040485829959778,37.78947368421053,14.36
2016-03-31,72.51,1.24,0.03,0.3,14.31,2.02,5.65,26.5,70.49,-1.36,140.21,57.01,40.25,315.14,528.4,945.38,0.0,39.16,3.45,67.98,84.34,152.32,375.0,792.76,36.3,5.96,-1.11,3.63,220.83250000000004,12.54,0.19,0.03,0.3,10.0,0.52,0.84,0.64,0.64,0.92,1.81,1.71,4.64,4.04,3,2016,12.4,41.333333333333336,1.24
2016-06-30,74.12999999999998,5.4799999999999995,0.14678571428571427,-0.03214285714285712,16.54,6.6,10.49,24.0,67.52,1.84,76.09,56.03,34.85,297.61,551.43,949.42,0.0,61.51,2.73,66.33,84.56,150.89,375.0,798.24,-37.459999999999994,-14.36,-12.31,3.8899999999999997,40.87489051094891,11.27,0.19,0.18,0.3,1.67,2.3159523809523805,2.9357142857142855,2.7399999999999998,2.7073809523809524,3.1966666666666668,4.89,4.58,4.49,3.96,6,2016,-1.1999999999999993,37.333333333333336,6.72
2016-09-30,70.0,3.1800000000000006,0.08351515151515153,0.005858585858585837,15.93,3.7600000000000016,7.960000000000001,25.0,66.26000000000002,1.25,48.55,53.05,32.15,274.6,549.34,920.3,0.0,33.27,1.61,35.12,83.49,118.6,375.0,801.42,15.370000000000001,-41.440000000000005,-1.4600000000000009,4.200000000000001,74.83372641509433,11.7,0.15,0.26,0.3,1.15,1.387636363636364,1.7088484848484853,1.5932121212121215,1.5803636363636366,1.798787878787879,4.84,4.57,7.82,6.9,9,2016,0.22307692307692228,38.07692307692308,9.9
2016-12-31,70.43,1.9499999999999993,0.052658227848101244,-0.008471275559883163,14.43,3.769999999999998,8.32,23.4,66.66,-1.99,56.04,46.21,34.58,279.88,546.76,926.65,0.0,33.23,1.36,36.66,86.36,123.03,375.0,803.37,9.77,-1.6899999999999977,-0.5999999999999996,4.549999999999999,111.10134615384618,10.92,0.15,0.32,0.3,0.94,0.84253164556962,1.145316455696202,0.9741772151898731,0.9741772151898731,1.1913924050632907,4.41,4.13,7.63,6.69,12,2016,-0.31370192307692335,37.03125,11.85
2017-03-31,56.34,-1.94,-0.05,0.3,10.39,-2.03,2.07,25.0,58.36,-3.52,64.88,40.24,40.32,278.73,542.96,924.54,0.0,32.03,1.2,48.39,85.74,134.13,375.0,790.17,12.45,-3.28,-0.33,4.1,-125.0,11.86,0.17,-0.05,0.3,-6.0,-0.84,-0.88,-1.0,-1.0,-0.92,-3.7,-3.44,5.76,4.93,3,2017,11.639999999999999,38.8,-1.94
2017-06-30,60.14999999999999,3.9,0.09948979591836736,0.0030612244897958987,12.719999999999999,4.18,8.53,22.7,55.980000000000004,-1.6800000000000002,58.98,41.56,48.77,275.69,539.15,918.2,0.0,35.78,1.05,37.37,86.52,123.89,375.0,794.08,1.120000000000001,4.57,-11.59,4.35,57.04102564102564,10.72,0.16,0.05,0.3,6.0,1.6714285714285713,1.8306122448979592,1.989795918367347,1.989795918367347,1.9102040816326529,1.84,1.68,7.38,6.07,6,2017,0.11999999999999922,39.199999999999996,1.96
2017-09-30,74.13000000000001,8.760000000000002,0.2369776119402985,-0.018134328358208874,18.799999999999997,10.77,14.820000000000002,21.8,63.359999999999985,4.41,55.03,52.27,53.56,281.06,544.99,925.19,0.0,33.33,0.89,34.73,87.4,122.12,375.0,802.84,-22.130000000000003,18.51,-0.33999999999999986,4.050000000000001,22.997214611872142,10.18,0.15,0.29,0.3,1.03,3.791641791044776,4.576119402985075,4.380000000000001,4.380000000000001,4.73955223880597,6.14,5.62,8.09,6.55,9,2017,-0.6703448275862041,36.96551724137932,10.72
