,revenue,net_profit,eps,dps,gross_profit,ebit,ebitda,close_price,allowance_doubtful_accounts,expense,operating_profit,cash,account_receivable,inventory,current_asset,property_plant_equipment,total_asset,short_term_loan,account_payable,current_portion_long_term_debt,current_liability,non_current_liability,total_liability,paid_in_capital,total_equity,cash_flow_operation,cash_flow_investment,cash_flow_financing,depreciation,P/E,P/BV,D/E,EPS,ROA%,ROAA%,ROE%,ROAE%,ROCE%,NPM%,NPMA%,CurrentRatio,QuickRatio,month,year,dividend,number_of_shares,return_old
2000-03-31,204.94,-330.43,-2.36,0.0,-0.46,-574.57,-531.8,0.5,0.0,779.52,-315.15,371.24,206.78,257.48,852.79,833.05,1759.14,256.52,61.09,74.79,636.47,428.04,1064.52,3080.0,694.62,109.13,-200.31,413.2,42.77,-0.0525,2.21,1.53,-2.36,-75.12,0.0,-190.28,0.0,-204.72,-163.41,-161.23,1.34,0.94,3,2000,0.0,140.01271186440678,-330.43
2000-06-30,164.01999999999998,45.079999999999984,0.20063641142456623,0.0,9.450000000000001,-51.1099999999999,21.13999999999993,0.35,0.0,215.12,-53.31,177.48,152.97,243.16,599.16,797.65,1510.03,4.9,64.05,139.73,328.71,441.22,769.93,3080.0,739.69,11.100000000000009,-79.69999999999999,-125.26999999999998,72.25,0.44309006211180146,1.47,1.04,-1.27,11.94339582968284,-0.0,24.37969370947957,-0.0,33.466785351322926,-79.73,-77.34,1.82,1.08,6,2000,0.0,224.68503937007875,-285.35
2000-09-30,207.16000000000003,-32.60999999999996,-0.12614888665240895,0.0,40.85,-26.170000000000073,21.160000000000025,0.3,0.0,233.32000000000005,6.539999999999964,143.37,161.8,221.82,547.7,765.4,1447.12,2.02,47.4,76.94,210.8,435.24,646.03,3264.0,801.08,14.939999999999984,-64.13999999999999,16.439999999999998,47.33,-0.5850229990800375,1.22,0.81,-1.23,-9.012978991068048,0.0,-16.282436784501172,0.0,-21.631970059126903,-56.79,-55.19,2.6,1.55,9,2000,0.0,258.5040650406504,-317.96
2000-12-31,163.96000000000004,-225.45999999999998,-0.8256328438408597,0.0,1.3899999999999935,-221.27999999999997,-191.39,0.2,0.0,385.25,-164.12999999999994,105.08,148.64,123.68,390.3,668.96,1231.14,2.07,50.18,84.24,224.34,431.17,655.52,3264.0,575.63,-4.149999999999977,-32.629999999999995,-1.5199999999999818,29.890000000000015,-0.060256808303024934,1.13,1.14,-1.99,-73.25313311987045,0.0,-156.66279489161238,0.0,-143.9173471716168,-74.66,-73.43,1.74,1.19,12,2000,0.0,273.0753768844221,-543.42
2001-03-31,173.4,-22.5,-0.07,0.0,24.67,-13.88,29.14,0.16,0.0,187.29,-20.39,29.79,141.06,130.0,315.56,635.09,1164.55,0.0,74.87,82.9,260.94,350.47,611.41,3264.0,553.13,54.47,-52.96,-78.59,43.02,-0.56,0.93,1.11,-0.07,-7.72,-3.8000000000000003,-16.28,-14.44,-6.16,-13.84,-12.98,1.21,0.71,3,2001,0.0,321.4285714285714,-22.5
2001-06-30,155.79,-15.600000000000001,-0.04913385826771654,0.0,21.71,-11.13,30.57,0.12,0.0,166.9,-19.32,11.7,159.72,140.76,328.86,607.13,1175.2,0.0,107.29,90.26,302.0,335.67,637.67,3264.0,537.53,26.070000000000007,-37.62,-6.640000000000001,41.699999999999996,-0.6044711538461538,0.72,1.19,-0.12,-5.306456692913386,-3.0462992125984254,-11.611968503937007,-9.77763779527559,-4.684094488188976,-12.19,-11.57,1.09,0.62,6,2001,0.0,317.5,-38.1
2001-09-30,163.74,-9.579999999999998,-0.03013842281879194,0.0,47.300000000000004,-5.139999999999997,33.49999999999999,0.06,0.0,168.88000000000005,-5.789999999999999,13.32,160.4,162.56,353.8,578.38,1189.33,0.0,131.45,84.57,327.24,334.14,661.38,3264.0,527.95,48.980000000000004,-36.16,-11.920000000000002,38.64,-0.5101461377870564,0.38,1.25,-0.15,-3.222802013422818,-1.840453020134228,-7.2573322147651,-5.7705033557046965,-2.8129194630872476,-10.08,-9.67,1.08,0.58,9,2001,0.0,317.8666666666667,-47.68
2001-12-31,171.15000000000003,-172.92,-0.5330262919310971,0.0,10.83999999999999,-171.5,-137.7,0.07,0.0,342.65999999999997,-58.040000000000006,18.83,163.03,165.81,362.53,492.3,1073.53,0.0,181.68,86.06,385.73,332.77,718.5,3264.0,355.03,21.409999999999997,-16.17,4.8300000000000125,33.8,-0.03189336109183438,0.65,2.02,-0.68,-64.43347234814144,-54.87035358114234,-194.83678694469626,-148.65162647325474,-91.93135811423392,-34.77,-33.22,0.94,0.51,12,2001,0.0,324.4117647058823,-220.6
2002-03-31,139.84,-179.44,-0.55,0.0,-1.08,-175.15,-128.06,0.1,0.0,314.99,-68.95,7.36,128.91,165.89,316.24,475.72,913.25,0.0,173.51,384.07,703.67,34.0,737.66,3264.0,175.59,27.17,-39.75,1.12,47.09,-0.045,1.8,4.2,-0.55,-78.6,-67.44,-408.76,-197.0,-334.28,-135.64,-128.32,0.45,0.21,3,2002,0.0,326.25454545454545,-179.44
2002-06-30,120.54999999999998,-24.629999999999995,-0.07603714411721467,0.0,29.740000000000002,-20.349999999999994,15.230000000000004,0.14,0.0,140.89999999999998,-40.239999999999995,18.87,96.3,172.14,296.2,457.13,858.24,0.0,161.74,371.4,674.52,32.76,707.28,3264.0,150.96,31.409999999999997,-8.369999999999997,-11.530000000000001,35.58,-0.47641189606171347,3.09,4.69,-0.63,-11.480401822903904,-9.283773215073259,-65.2615945508894,-28.618932719164984,-51.372142892144836,-91.32,-78.37,0.44,0.18,6,2002,0.0,323.9206349206349,-204.07
2002-09-30,187.01,-37.73000000000002,-0.11546815550041362,0.0,43.08,-33.43000000000001,3.1599999999999966,0.1,0.0,220.44000000000005,-32.24000000000001,16.54,174.68,176.38,377.3,443.54,920.61,0.0,254.63,374.51,778.7,28.67,807.37,3264.0,113.23,21.510000000000005,-20.15,-3.6999999999999993,36.59,-0.20828253379273778,2.74,7.13,-0.74,-16.39647808105873,-13.544102564102568,-133.28770057899098,-47.0735583126551,-100.68823159636068,-59.36,-54.05,0.48,0.26,9,2002,0.0,326.7567567567568,-241.8
2002-12-31,210.57000000000005,6.930000000000007,0.018883637757057113,0.0,-23.109999999999992,8.939999999999998,45.89,0.07,0.0,201.64,-63.98999999999998,124.87,145.35,133.2,416.13,498.82,1032.93,0.0,129.44,80.8,337.82,239.88,577.7,6528.0,455.23,-89.18,-48.49000000000001,246.0,36.95,0.9320238095238086,1.0,1.27,-0.64,2.683837016221742,2.4654949546557696,6.088792949291103,6.841778004853755,3.7354195938178596,-43.63,-35.7,1.23,0.84,12,2002,0.0,366.984375,-234.87
2003-03-31,142.07,-41.44,-0.06,0.0,12.69,-38.18,-2.35,0.1,0.0,180.25,-43.15,6.9,124.23,174.98,335.1,497.85,996.99,0.0,175.01,315.12,581.21,1.99,583.2,6528.0,413.79,-34.48,-80.33,-3.16,35.83,-0.4175,1.58,1.41,-0.06,-16.64,-16.0,-40.04,-56.24,-36.72,-30.23,-29.17,0.58,0.28,3,2003,0.0,690.6666666666666,-41.44
2003-06-30,151.17000000000002,-42.0,-0.06543624161073826,0.0,-1.9699999999999989,-38.220000000000006,8.83,0.12,0.0,189.39,-60.49,2.24,148.48,207.92,381.92,498.45,1025.65,34.73,217.4,289.32,639.6,0.81,640.42,6528.0,385.23,-20.92,-12.310000000000002,28.580000000000002,47.05,-0.447,1.97,1.66,-0.13,-16.389261744966447,-16.328859060402685,-43.61073825503356,-62.65771812080537,-39.84563758389262,-31.53,-28.45,0.6,0.27,6,2003,0.0,641.8461538461538,-83.44
2003-09-30,97.94,-31.040000000000006,-0.04880503144654089,0.0,4.74,-26.099999999999994,-2.460000000000001,0.17,0.0,124.04000000000002,-35.019999999999996,0.94,110.86,216.37,354.17,515.33,1003.17,49.92,204.42,308.58,648.94,0.03,648.98,6528.0,354.19,-5.960000000000001,-29.810000000000002,34.46,23.64,-0.8759342783505153,3.14,1.83,-0.18,-12.374786862334034,-11.561369671558353,-35.05285814116004,-53.12156533892384,-31.387058001397627,-32.43,-29.27,0.55,0.21,9,2003,0.0,636.0,-114.48
2003-12-31,98.88,-46.540000000000006,-0.07225810458328158,0.0,7.390000000000001,-40.94,-16.049999999999997,0.12,0.0,139.82,-68.28,0.75,68.73,213.1,311.59,507.47,937.35,85.44,184.5,291.14,629.7,0.0,629.7,6528.0,307.65,-17.689999999999998,-7.279999999999987,24.779999999999994,24.89,-0.39787924366136657,2.44,2.05,-0.25,-19.862307787852444,-16.833248043721277,-60.511827102223336,-48.80023351136505,-53.898765370761396,-37.75,-32.86,0.49,0.16,12,2003,0.0,644.08,-161.02
2004-03-31,18.56,-56.84,-0.09,0.0,-9.6,-51.17,-30.66,0.09,0.0,69.73,-53.98,0.62,21.07,209.55,256.52,495.48,846.56,89.38,152.06,288.73,595.76,0.0,595.76,652.8,250.81,3.2,-3.37,0.03,20.51,-0.23749999999999996,0.22,2.38,-0.09,-26.84,-22.2,-90.64,-68.44,-81.6,-360.89,-306.25,0.43,0.08,3,2004,0.0,631.5555555555557,-56.84
2004-06-30,25.640000000000004,-73.47,-0.11276187552758807,0.0,-9.770000000000001,-67.67,-51.86,0.06,0.0,93.30999999999999,-16.580000000000005,0.45,2.69,165.1,189.64,483.9,740.79,89.4,109.68,288.47,563.45,0.0,563.45,652.8,177.34,-10.27,-0.8799999999999999,10.99,15.809999999999999,-0.13302368313597385,0.22,3.18,-0.2,-39.669627810605476,-30.355496892026707,-165.7148522753434,-104.48515386386308,-151.12346558207352,-321.04,-294.82,0.34,0.04,6,2004,0.0,651.55,-130.31
2004-09-30,43.08,-65.28999999999999,-0.09012423312883436,0.0,-4.149999999999999,-59.46000000000001,-46.17999999999999,0.05,0.0,102.53999999999999,-31.980000000000004,98.32,2.43,131.71,284.06,472.39,814.7,79.96,51.9,288.47,470.91,0.0,470.91,930.96,343.79,-87.32,-15.170000000000002,200.35999999999999,13.280000000000001,-0.1273242456731506,0.12,1.37,-0.27,-32.057523517382414,-26.19611042944785,-75.97139059304703,-74.83649284253578,-69.24211451942739,-258.94,-224.11,0.6,0.32,9,2004,0.0,724.4444444444443,-195.6
2004-12-31,55.28,-72.16999999999999,-0.09163759943234864,0.0,-22.69,-66.94999999999999,-54.56,0.03,0.0,122.23000000000002,-57.34999999999998,9.5,1.64,110.5,185.34,308.58,695.43,73.35,40.61,279.64,435.21,0.0,435.21,930.96,260.22,-67.11,-6.259999999999998,-15.439999999999998,12.39,-0.0834810170430927,0.11,1.67,-0.34,-41.50644209582851,-32.385805728797095,-110.93539978339619,-101.67461179370355,-101.60992642939836,-211.91,-187.83,0.43,0.17,12,2004,0.0,787.5588235294117,-267.77
2005-03-31,58.95,1.31,0.0,0.0,-1.28,1.79,15.38,0.06,-1.62,57.16,-56.77,9.45,44.22,108.62,476.74,448.3,1038.51,64.29,34.68,62.92,204.21,199.06,403.27,1861.92,635.61,-30.31,-315.39,345.66,13.59,0.0,0.18,0.63,0.0,0.52,0.76,0.84,1.2,0.84,2.38,2.22,2.33,1.8,3,2005,0.0,inf,1.31
2005-06-30,53.06,-82.24000000000001,-0.050809341406153466,0.0,-12.88,-82.73,-65.23,0.06,8.84,135.78,-57.63,62.0,46.37,101.49,371.9,438.56,936.71,60.0,40.16,64.17,207.16,184.3,391.46,1861.92,550.7,-54.739999999999995,125.64999999999998,-18.360000000000014,17.5,-0.28784077091439686,0.2,0.71,-0.05,-35.119416779933275,-39.22481156555048,-59.751785493636476,-90.35933275670332,-45.07804769553936,-77.93,-72.25,1.8,1.31,6,2005,0.0,1618.6000000000001,-80.93
2005-09-30,126.17999999999999,-170.13,-0.09487054887277942,0.0,-70.08,-172.65,-148.25,0.03,11.35,298.84,-131.04,13.96,55.93,64.24,439.5,160.15,893.01,77.01,38.54,67.92,271.83,164.26,436.09,1922.84,408.2,-98.24,48.91,1.2799999999999727,24.400000000000002,-0.09223094104508317,0.16,1.07,-0.14,-76.19460368039512,-80.50443718632995,-166.70110730502668,-180.9859013781566,-110.6461658567673,-131.72,-105.4,1.62,1.38,9,2005,0.0,1793.2857142857142,-251.06
2005-12-31,46.56,-82.80000000000001,-0.044641466482956936,0.0,-29.960000000000008,-76.92999999999998,-66.13000000000002,0.04,10.99,123.49000000000001,-78.51999999999998,10.84,63.99,209.23,348.17,287.11,773.08,88.24,44.21,76.91,303.67,144.78,448.44,1922.84,324.5,-44.45000000000002,28.090000000000018,13.240000000000009,10.800000000000004,-0.2016062801932367,0.21,1.38,-0.18,-42.84588749775355,-44.651386808842034,-102.06031270592464,-113.2802012819745,-69.84901455699995,-123.56,-117.25,1.15,0.46,12,2005,0.0,1854.7777777777778,-333.86
2006-03-31,55.84,-73.77,-0.04,0.0,-23.56,-67.38,-55.27,0.05,6.14,123.22,-77.0,18.02,54.71,39.26,213.05,105.42,575.53,84.88,33.4,39.71,203.6,0.0,203.6,2032.84,371.21,-54.19,138.2,-76.82,12.11,-0.2975,0.26,0.55,-0.04,-51.279999999999994,-33.4,-79.47999999999999,-58.6,-72.48,-154.01,-132.11,1.05,0.85,3,2006,0.0,1844.2499999999998,-73.77
2006-06-30,61.22,-267.47,-0.12541085453053571,0.0,-92.85,-262.08,-242.73999999999998,0.02,68.51,323.29999999999995,-134.65,16.86,90.87,14.98,165.33,159.46,537.67,89.06,42.9,39.72,312.08,0.0,312.08,2280.11,225.21,-33.370000000000005,-47.209999999999994,79.41,19.34,-0.047842748719482554,0.25,1.39,-0.16,-198.99567342632753,-140.115277224241,-475.05631696166927,-275.778469112648,-457.8750298909858,-2829.52,-291.51,0.53,0.48,6,2006,0.0,2132.75,-341.24
2006-09-30,211.52999999999997,2.6999999999999886,0.0011963135818514748,0.0,121.13,-19.569999999999993,10.21999999999997,0.02,84.2,231.10000000000002,49.129999999999995,33.98,101.97,13.51,193.99,175.03,656.66,102.29,48.11,39.72,442.88,0.0,442.88,2280.11,225.65,7.040000000000006,-54.589999999999996,64.67999999999999,29.790000000000003,4.3884814814815005,0.21,1.96,-0.15,1.6445324038518272,1.4371713829975716,4.78621137827138,3.4077391150233205,5.208589826903742,-135.92,-103.03,0.44,0.41,9,2006,0.0,2256.9333333333334,-338.54
2006-12-31,56.450000000000045,-33.48999999999995,-0.1458317877590515,0.0,38.93,-6.980000000000018,-18.909999999999968,0.16,0.0,63.42999999999995,13.400000000000006,253.94,67.66,0.79,356.38,285.35,706.11,89.82,30.03,39.72,273.7,0.0,273.7,446.96,430.82,7.929999999999993,48.26,163.76999999999998,-11.93,-0.2777172290235895,0.17,0.64,-1.62,-18.97253554820845,-17.33417842647096,-31.09277746418295,-35.471331881837436,-29.64526194124126,-124.89,-96.62,1.3,1.3,12,2006,0.0,229.64814814814812,-372.03
2007-03-31,56.17,-60.9,-0.13,0.0,20.02,-55.53,-44.12,0.17,1.6,111.7,-21.4,67.43,46.29,0.6,301.92,143.8,515.47,0.0,32.11,0.0,122.84,0.0,122.84,460.0,388.82,-34.64,-160.03,8.16,11.41,-0.335,0.21,0.32,-0.13,-47.24,-40.72,-62.64000000000001,-64.12,-56.56,-110.55,-108.42,2.46,2.45,3,2007,0.0,468.46153846153845,-60.9
2007-06-30,90.79,-2.789999999999999,-0.006132830899670276,0.0,4.359999999999999,-0.3999999999999986,7.669999999999995,0.5,0.0,91.18999999999998,-29.730000000000004,202.58,43.72,0.52,342.31,136.83,517.34,0.0,27.11,0.85,122.3,3.84,126.14,460.0,386.03,-25.89,161.25,-0.20999999999999996,8.07,-20.37395161290323,0.6,0.33,-0.14,-2.1570042392840314,-1.8573716439001409,-2.891191709844559,-3.651662741403673,-2.481168158266603,-61.66,-43.34,2.8,2.79,6,2007,0.0,454.9285714285714,-63.69
2007-09-30,107.03,23.409999999999997,0.052306355511420044,0.0,16.27,26.14,35.370000000000005,0.46,-1.08,80.88999999999999,-23.380000000000003,122.3,53.7,0.46,389.63,149.2,576.04,0.0,26.37,0.0,151.23,4.06,155.29,460.0,409.44,-32.760000000000005,-47.16,-0.3600000000000003,9.23,2.206710807347288,0.52,0.38,-0.09,16.249841112214497,11.228430983118171,22.875312810327703,29.477537239324718,16.296335650446867,-24.05,-15.86,2.58,2.57,9,2007,0.0,447.5555555555556,-40.28
2007-12-31,219.03999999999996,108.19,0.03186275953467826,0.0,28.610000000000007,111.75999999999999,120.5,2.06,17.26,107.28000000000003,-17.929999999999993,30.01,32.64,0.25,446.4,123.4,614.08,0.0,25.42,1.23,110.95,3.75,114.71,460.0,517.63,-27.809999999999988,-64.18,-0.2999999999999998,8.740000000000002,16.16306959977817,1.83,0.22,0.02,70.4804240907083,79.14709468414077,83.60788101899573,91.25494330731851,103.80887056398173,28.82,14.36,4.02,4.02,12,2007,0.0,3395.4999999999995,67.91
2008-03-31,146.57,55.23,0.01,0.0,17.17,67.7,75.65,3.42,0.01,78.86,-15.58,17.17,36.29,0.04,502.11,114.89,663.59,0.0,28.94,1.25,101.4,3.44,104.84,460.0,572.86,-10.98,-3.03,1.16,7.95,85.5,2.75,0.18,0.01,33.28,45.92,38.56,45.96,48.16,92.3,37.68,4.95,4.95,3,2008,0.0,5523.0,55.23
2008-06-30,350.14,184.43,0.038477426354001504,0.0,22.29,265.01,273.64,3.8,-1.05,85.14,-17.190000000000005,47.66,40.93,0.72,744.35,120.21,897.31,0.0,29.74,1.23,146.92,3.15,150.06,460.0,757.29,-22.01,54.81,-2.3,8.629999999999999,24.689801008512713,2.31,0.2,0.05,82.21856463323041,144.79825085537846,97.4248435283318,129.03789702077947,136.48712676291416,186.74,48.25,5.07,5.06,6,2008,0.0,4793.2,239.66
2008-09-30,129.79000000000002,7.02000000000001,0.0014228960596724524,0.0,11.880000000000003,23.03000000000003,32.25,4.96,0.0,106.75999999999999,-27.989999999999995,27.27,38.86,0.68,789.39,105.26,926.14,0.0,22.97,1.37,170.42,3.25,173.67,460.0,764.3,-33.37,16.25,-3.2600000000000007,9.220000000000002,871.4621082621071,2.99,0.23,0.05,3.0324760823739303,5.391068590886987,3.6744867844981406,4.784345711042653,5.358057402302586,121.21,39.37,4.63,4.63,9,2008,0.0,4933.599999999999,246.68
2008-12-31,-338.15,-499.44,-0.1185567336603893,0.0,22.25999999999999,-517.81,-509.8,0.36,0.02,179.66000000000003,-22.96,17.98,47.63,0.59,221.79,97.24,348.25,0.0,20.86,0.41,95.1,0.47,95.56,460.0,264.86,-21.909999999999997,15.14,-2.5299999999999994,8.010000000000002,-0.7591302258529553,0.63,0.36,-0.06,-573.6565152714037,-266.1993859787941,-754.2579395473969,-510.5843329640766,-506.0001392625415,-91.84,-87.66,2.33,2.33,12,2008,0.0,4212.666666666667,-252.76
2009-03-31,61.36,-42.99,-0.01,0.0,16.25,-39.23,-28.42,0.1,1.82,100.59,-16.52,34.91,41.75,0.53,179.08,0.0,299.6,0.0,18.48,0.46,89.49,0.62,90.11,460.0,221.88,-12.84,33.16,-3.39,10.81,-2.5,0.21,0.41,-0.01,-57.4,-32.6,-77.52,-43.28,-74.68,-70.81,-70.06,2.0,2.0,3,2009,0.0,4299.0,-42.99
2009-06-30,72.95,-12.719999999999999,-0.002283252557889068,0.0,25.29,-7.830000000000005,0.9400000000000013,0.13,0.0,80.78999999999999,-6.440000000000001,14.83,43.95,0.3,183.33,86.08,295.42,0.0,25.2,0.62,81.64,14.5,96.14,460.0,209.16,-0.2699999999999996,-19.169999999999995,-0.6400000000000001,8.769999999999998,-14.234080188679247,0.29,0.46,-0.01,-17.22485729671513,-7.205945072697899,-24.330339256865912,-10.530360796984382,-20.10175551965536,-43.08,-41.48,2.25,2.24,6,2009,0.0,5571.0,-55.71
2009-09-30,81.07999999999998,8.420000000000002,0.0017805032776485518,0.0,41.15,14.86,20.17,0.13,1.22,66.22,5.150000000000002,132.15,46.6,0.62,278.21,83.23,392.1,0.0,18.56,1.0,79.95,2.03,81.98,550.0,321.17,-15.8,32.97,100.15,5.310000000000002,18.253266033254153,0.22,0.26,-0.01,8.589147811376614,3.482664411080567,10.483603298794673,6.203273419327555,7.349917530133222,-22.5,-21.96,3.48,3.47,9,2009,0.0,4729.0,-47.29
2009-12-31,116.32,8.769999999999996,0.0022767393561786073,0.0,41.510000000000005,12.950000000000003,22.72,0.1,0.0,103.35999999999999,-0.7100000000000009,35.92,67.44,0.74,278.23,91.65,405.01,0.0,24.54,0.95,82.58,1.83,84.42,550.0,329.94,-1.6600000000000001,-93.49000000000001,-1.0799999999999983,9.769999999999996,10.980615735461807,0.17,0.26,-0.01,8.660716510903422,4.653655244029074,10.627819314641737,11.793509865005184,5.436853582554514,-12.12,-11.61,3.37,3.36,12,2009,0.0,3852.0000000000005,-38.52
2010-03-31,77.96,-82.54,-0.02,0.0,21.64,-78.4,-64.65,0.06,0.0,156.36,-12.95,42.22,66.79,3.19,176.09,99.04,313.92,0.0,18.25,0.99,76.36,2.07,78.44,550.0,247.4,7.15,1.69,-2.54,13.75,-0.75,0.13,0.32,-0.02,-105.16,-102.24,-133.44,-140.72,-132.0,-106.67,-105.87,2.31,2.26,3,2010,0.0,4127.0,-82.54
2010-06-30,90.59000000000002,-17.83999999999999,-0.003554492926877862,0.0,32.81,-14.280000000000001,-1.9099999999999966,0.06,0.45,104.87,-13.02,64.63,67.9,2.62,157.59,100.09,323.23,6.12,16.69,6.77,83.53,20.98,104.51,550.0,229.56,-8.66,1.48,29.59,12.370000000000001,-4.220011210762334,0.14,0.46,-0.02,-22.080510061765278,-21.29852161785215,-31.08759513847378,-32.53071926678619,-27.483339310619627,-60.51,-59.56,1.89,1.86,6,2010,0.0,5019.0,-100.38
2010-09-30,95.12,-21.710000000000008,-0.003556392824965191,0.0,26.549999999999997,-16.22999999999999,0.8599999999999994,0.23,1.29,111.35999999999996,-19.189999999999998,29.61,78.4,5.51,177.16,119.14,368.65,12.38,21.47,8.98,134.34,18.48,152.82,154.0,207.84,-74.91,17.58,22.31,17.09,-16.168067710732377,0.17,0.74,-0.02,-23.557546072569423,-20.36390531575068,-41.780502907691066,-32.83261856007864,-33.06022770087641,-47.38,-46.3,1.32,1.28,9,2010,0.0,6104.5,-122.09
2010-12-31,120.16999999999996,-32.359999999999985,-0.00838070573000971,0.0,16.599999999999994,-31.200000000000017,10.010000000000005,0.17,0.0,151.35000000000008,-25.810000000000002,22.27,94.81,5.88,176.93,122.35,372.58,0.0,16.71,9.81,176.02,15.94,191.97,154.0,175.49,-23.510000000000005,-9.14,25.310000000000002,41.21,-5.071171971569841,0.15,1.09,-0.04,-34.738025250890246,-30.20406345095499,-73.75859112981544,-51.22287342181934,-59.7376704435092,-41.51,-40.24,1.01,0.97,12,2010,0.0,3861.2499999999995,-154.45
2011-03-31,78.86,-73.02,-0.47,0.0,-24.29,-74.27,-39.25,0.16,0.0,153.12,-68.58,18.69,53.55,0.7,110.8,113.07,287.7,0.0,26.25,10.01,184.88,15.42,200.31,154.0,101.38,4.63,-7.35,-0.87,35.02,-0.085,0.24,1.98,-0.47,-101.52,-98.76,-288.12,-167.48,-288.92,-92.72,-92.59,0.6,0.6,3,2011,0.0,155.36170212765958,-73.02
2011-06-30,71.05999999999999,-51.46000000000001,-0.033071979434447306,0.0,-20.47,-55.209999999999994,-20.270000000000003,0.17,0.0,126.29000000000002,-58.32000000000001,5.01,53.7,0.64,80.8,108.34,251.12,0.0,25.2,10.18,206.85,16.22,223.07,154.0,49.92,-12.940000000000001,1.63,-2.37,34.93999999999999,-1.2880994947532063,0.52,4.47,-0.08,-81.96890102827764,-74.56077763496145,-412.34143958868907,-147.3025964010283,-483.64462724935737,-83.56,-83.03,0.39,0.39,6,2011,0.0,1556.0,-124.48
2011-09-30,74.26000000000002,-33.489999999999995,-0.021200227891371777,0.0,-5.550000000000004,-35.5,-12.910000000000004,0.16,0.0,109.75,-34.73999999999998,28.65,53.52,0.0,116.68,101.49,269.47,0.0,21.86,10.25,242.22,21.9,264.11,154.0,32.43,3.4000000000000004,-1.4100000000000001,21.65,22.590000000000003,-1.8867721707972533,0.76,8.14,-0.1,-49.71029435968854,-43.85055137051339,-413.07372032664426,-111.504718617459,-513.4101588909285,-71.08,-70.47,0.48,0.48,9,2011,0.0,1579.6999999999998,-157.97
2011-12-31,71.68,-21.430000000000007,-0.014334448160535121,0.0,-2.8699999999999974,-23.850000000000023,3.3600000000000136,0.1,0.0,95.52999999999997,-17.560000000000002,10.83,46.68,0.0,85.94,95.04,227.72,0.0,19.07,10.38,225.76,16.8,242.56,162.0,15.18,-18.13,-1.5900000000000007,1.8999999999999986,27.210000000000008,-1.7370741950536623,1.07,15.98,-0.12,-37.642260869565234,-30.059337792642147,-564.6912508361205,-89.91521516164997,-4603.355125975475,-61.23,-60.64,0.38,0.38,12,2011,0.0,1495.0,-179.4
2012-03-31,68.73,-21.84,-0.01,0.0,10.75,-22.56,-5.93,0.1,0.0,91.3,-6.47,44.76,37.98,0.0,97.56,84.38,214.81,0.0,19.97,0.81,197.77,11.24,209.01,210.78,37.94,4.56,-1.0,30.37,16.63,-2.5,0.56,5.51,-0.01,-40.68,-35.92,-230.24,-125.4,-529.56,-32.23,-31.78,0.49,0.49,3,2012,0.0,2184.0,-21.84
2012-06-30,64.39,-23.680000000000003,-0.010404217926186293,0.0,22.07,-23.31,-14.170000000000002,0.09,6.18,87.7,-13.260000000000002,122.41,54.78,0.0,178.53,75.82,275.69,0.0,132.94,0.78,178.84,17.77,196.61,210.78,87.36,-0.3299999999999992,1.8199999999999998,76.16,9.14,-2.162584459459459,0.22,2.25,-0.02,-34.354727592267146,-36.22748681898067,-108.43275922671354,-138.00154657293498,-98.54875219683655,-35.28,-34.19,1.0,1.0,6,2012,0.0,2276.0,-45.52
2012-09-30,74.78999999999999,17.720000000000002,0.006374100719424462,0.0,33.02,18.72,24.94,0.1,6.19,56.05000000000001,18.36,103.86,44.12,0.0,148.99,83.4,264.07,0.0,125.68,0.75,146.65,20.56,167.21,291.2,105.08,14.629999999999999,-16.5,-16.680000000000007,6.219999999999999,3.9221218961625275,0.28,1.59,-0.01,26.84771223021583,25.955338129496404,67.4634820143885,103.08195683453238,58.94768345323742,-13.79,-13.37,1.02,1.02,9,2012,0.0,2780.0,-27.8
2012-12-31,90.00000000000003,32.68,0.0,0.0,32.519999999999996,33.989999999999995,40.3,0.5,5.82,56.01999999999998,23.470000000000002,85.41,39.75,0.0,125.51,92.86,254.28,0.0,85.18,1.28,89.83,33.29,123.12,291.2,138.06,13.939999999999998,-15.649999999999999,-16.72999999999999,6.309999999999999,0.0,1.05,0.89,0.0,51.43081967213114,76.07475409836066,94.55770491803278,170.63245901639343,111.43344262295082,1.77,1.64,1.4,1.4,12,2012,0.0,inf,4.88
2013-03-31,74.53,10.53,0.0,0.0,28.85,12.0,20.16,0.87,0.0,62.54,10.4,163.59,34.23,0.0,203.1,88.74,337.3,0.0,78.79,1.23,89.23,31.25,120.48,291.37,222.88,16.18,-8.86,70.85,8.16,0.0,1.14,0.54,0.0,12.48,17.4,18.88,32.28,19.36,14.45,14.13,2.28,2.28,3,2013,0.0,inf,10.53
2013-06-30,76.02000000000001,15.28,0.005920185974428516,0.0,37.419999999999995,16.88,18.360000000000003,0.62,0.0,59.13,13.790000000000001,186.67,40.98,0.0,233.06,96.43,370.23,0.0,76.9,1.53,88.93,36.37,125.3,332.37,250.48,14.600000000000001,-3.200000000000001,11.690000000000012,1.4800000000000004,26.18160994764398,0.82,0.5,0.01,16.5054784967067,21.170585044556372,24.391166214645487,36.184176675707086,24.320123982952342,17.74,17.14,2.62,2.62,6,2013,0.0,2581.0,25.81
2013-09-30,80.06,11.390000000000004,0.0030618279569892483,0.0,38.39,12.52,21.019999999999996,0.4,0.0,67.55,16.87,234.7,54.09,0.0,298.04,97.12,608.33,0.0,98.34,1.66,109.69,36.43,146.12,353.98,467.58,-2.650000000000002,-74.92999999999999,125.61,8.5,32.66022827041263,0.3,0.31,0.01,7.49535483870968,11.622698924731186,9.748860215053766,15.909258064516134,10.165268817204305,16.49,16.13,2.72,2.72,9,2013,0.0,3720.0,37.2
2013-12-31,87.86000000000001,26.479999999999997,0.008316582914572863,0.0,32.56999999999999,17.759999999999998,25.449999999999996,0.33,0.0,70.09,18.25,226.81,56.92,0.0,333.64,91.26,652.86,0.0,70.36,1.82,83.6,31.81,115.41,432.52,542.45,8.09,-63.87000000000002,47.87999999999997,7.689999999999998,9.919939577039276,0.26,0.21,0.02,16.217336683417084,21.689648241206026,19.527336683417083,31.1372864321608,17.281859296482413,20.96,20.0,3.99,3.99,12,2013,0.0,3184.0,63.68
2014-03-31,74.3,-18.21,0.0,-0.0,14.64,-16.0,-9.14,0.31,16.46,90.3,-12.98,290.43,44.3,0.0,416.9,121.41,782.78,0.0,58.52,1.77,67.52,26.86,94.38,566.5,693.01,-10.98,-88.77,163.36,6.86,0.0,0.25,0.14,0.0,-9.32,-11.44,-10.52,-15.92,-8.96,-29.95,-24.51,6.17,6.17,3,2014,0.0,-inf,-18.21
2014-06-30,71.01,-6.129999999999999,0.0,-0.0,11.48,-5.890000000000001,2.16,0.31,19.02,76.89,-17.38,264.13,31.9,0.13,301.03,173.04,771.7,0.0,60.7,1.7,67.26,22.23,89.5,566.55,686.88,14.790000000000001,-41.730000000000004,-0.4900000000000091,8.05,0.0,0.26,0.13,0.0,-3.173294987674609,-3.858323746918652,-3.566179129005751,-5.228381265406738,-3.132999178307313,-20.67,-16.75,4.48,4.47,6,2014,0.0,-inf,-24.34
2014-09-30,70.02000000000001,-7.640000000000001,-0.0023889931207004378,0.0,14.66,-6.739999999999998,0.4400000000000004,0.29,20.33,76.77000000000001,-8.770000000000003,98.64,33.33,0.0,205.89,285.13,815.89,0.0,100.8,1.68,105.9,23.64,129.54,571.5,691.74,-23.18,-154.32,12.009999999999991,7.18,-30.347513089005233,0.24,0.19,-0.01,-3.7459412132582868,-3.841500938086304,-4.414859287054409,-5.274896810506567,-3.8510569105691066,-17.81,-14.85,1.94,1.94,9,2014,0.0,3198.0,-31.98
2014-12-31,76.06999999999996,-45.45,-0.005869817900038744,0.0,-21.080000000000002,-68.56,-25.07,0.33,4.68,144.64000000000001,-45.35,122.28,46.93,0.0,227.93,210.51,872.6,0.0,112.64,1.99,119.21,17.49,136.7,614.01,741.79,-3.5700000000000003,-65.47000000000003,93.82999999999998,43.489999999999995,-14.054950495049505,0.27,0.18,-0.01,-20.82611390933746,-29.912592018597444,-24.512359550561793,-28.316001549786904,-30.288260364199925,-31.67,-26.57,1.91,1.91,12,2014,0.0,7743.000000000001,-77.43
2015-03-31,74.26,-12.23,0.0,-0.0,-0.61,-8.01,15.14,0.39,0.0,82.28,-29.17,185.61,376.85,11.09,593.58,611.22,1474.91,10.0,231.81,66.66,344.58,203.36,547.94,614.01,730.76,21.69,43.57,-1.94,23.15,0.0,0.33,0.75,0.0,-3.32,-2.84,-6.68,-6.88,-2.84,-23.03,-16.47,1.72,1.69,3,2015,0.0,-inf,-12.23
2015-06-30,292.66,21.12,0.0,0.0,69.42999999999999,56.54,78.39,0.43,6.37,236.10999999999999,27.470000000000002,305.72,244.29,10.79,581.29,559.1,1382.42,0.0,121.5,67.71,230.88,183.06,413.94,614.41,755.4,121.07,21.550000000000004,-22.5,21.85,0.0,0.35,0.55,0.0,6.081799775028121,42.857682789651285,11.213318335208099,11.68845894263217,40.00683914510686,2.87,2.42,2.52,2.47,6,2015,0.0,inf,8.89
2015-09-30,199.32999999999998,18.82,0.0,0.0,23.540000000000006,33.349999999999994,56.41,0.79,6.37,165.98000000000002,-12.940000000000001,655.05,349.6,11.54,1043.06,542.06,1940.39,0.0,291.18,57.73,381.64,169.57,551.2,719.97,1182.49,86.66,-80.06,342.71999999999997,23.060000000000002,0.0,0.48,0.47,0.0,3.884893540238181,16.13725009022014,6.3570985203897505,8.041457957416096,14.262721039335979,5.99,4.89,2.73,2.7,9,2015,0.0,inf,27.71
2015-12-31,345.82000000000005,-9.260000000000002,-0.0,0.0,39.230000000000004,-31.849999999999994,7.390000000000015,0.61,7.31,377.66999999999996,-86.2,617.39,473.59,10.31,1155.19,568.17,2074.76,0.0,190.58,24.85,530.07,74.77,604.83,725.13,1227.34,55.49000000000004,21.34,-114.47999999999996,39.239999999999995,-0.0,0.36,0.49,0.0,-1.7867533875338757,-6.805723577235773,-3.0113821138211385,-3.7541897018970203,-6.50458536585366,2.45,2.02,2.18,2.16,12,2015,0.0,inf,18.45
2016-03-31,298.05,-5.88,0.0,-0.0,13.63,6.42,27.71,0.61,0.0,291.63,-28.51,570.63,572.11,11.31,1199.55,564.25,2114.19,0.0,542.33,26.34,614.32,82.5,696.83,755.32,1205.36,-34.61,-11.56,-0.59,21.29,0.0,0.38,0.58,0.0,-1.12,1.44,-1.96,-2.44,1.72,-2.23,-1.97,1.95,1.93,3,2016,0.0,-inf,-5.88
2016-06-30,319.39000000000004,-44.66,-0.008836565096952909,0.0,20.46,-47.03,-23.91,0.59,-27.2,366.41999999999996,-51.08999999999999,468.54,379.21,8.45,1007.85,554.09,1906.3,10.4,140.06,28.39,450.34,90.89,541.22,761.05,1164.84,27.53,-134.92,5.29,23.119999999999997,-16.69200626959248,0.39,0.46,-0.01,-9.366759002770081,-8.730526315789474,-15.340277008310247,-18.59213296398892,-9.861606648199446,-8.27,-8.19,2.24,2.22,6,2016,0.0,5054.0,-50.54
2016-09-30,343.93999999999994,-9.89,-0.0016366043355949033,0.0,41.25999999999999,-2.780000000000001,12.010000000000002,0.47,-27.2,346.72,-8.930000000000007,482.13,260.49,9.07,901.42,540.43,1788.33,14.17,120.22,28.9,337.37,82.98,420.36,771.97,1171.66,7.68,0.3699999999999761,5.55,14.790000000000006,-71.79499494438826,0.31,0.36,-0.01,-2.212689061724309,-1.52531524077445,-3.3779513486678803,-3.3583120966407414,-1.9573787853715046,-6.36,-6.29,2.67,2.65,9,2016,0.0,6043.0,-60.43
2016-12-31,-638.28,-274.27,-0.03277801015835076,0.0,-97.78,-303.64,-265.67,0.48,0.0,-334.64,-104.6,350.14,73.29,6.55,464.38,471.99,1141.3,0.0,81.09,28.46,114.95,73.92,188.87,803.36,941.62,-95.69999999999999,-35.28999999999999,-1.0,37.97,-3.6609909942757137,0.41,0.2,-0.04,-96.13790379444278,-70.73494592172094,-116.52582611293695,-101.15293934867044,-110.82245234538392,-116.43,-103.59,4.04,3.98,12,2016,0.0,8367.5,-334.7
2017-03-31,72.05,-24.73,0.0,-0.0,2.95,-27.34,-9.67,0.34,-5.6,99.39,-27.1,282.99,74.11,8.73,455.13,458.04,1112.44,11.8,78.77,28.8,130.52,57.8,188.32,803.36,916.89,-4.12,-67.87,4.84,17.67,0.0,0.3,0.21,0.0,-8.88,-6.76,-10.8,-9.32,-11.12,-35.54,-34.32,3.49,3.42,3,2017,0.0,-inf,-24.73
2017-06-30,167.06,-13.239999999999998,0.0,-0.0,6.47,-9.23,16.62,0.25,0.0,176.3,-24.61,477.54,167.13,8.61,836.14,447.6,1514.7,0.0,62.71,29.19,551.58,56.07,607.65,803.36,904.26,304.39,-88.94999999999999,-20.9,25.85,0.0,0.22,0.67,0.0,-3.5009112457203044,-2.984840663681854,-5.8580984988148534,-5.118862259678693,-5.300184356070581,-16.73,-15.88,1.52,1.5,6,2017,0.0,-inf,-37.97
2017-09-30,163.03999999999996,-7.960000000000001,-0.001733072066187677,0.0,2.8900000000000006,-25.9,-3.68,0.22,0.0,188.93,-24.949999999999996,234.63,126.17,12.75,924.99,439.24,1589.1,0.0,151.19,29.26,646.89,53.52,700.41,803.36,887.8,-237.94,0.19999999999998863,-5.16,22.21999999999999,-31.735552763819094,0.2,0.79,-0.01,-2.003431308512955,-2.564946657957762,-3.583993032876116,-3.091800566078816,-4.596107119529719,-11.91,-11.42,1.43,1.41,9,2017,0.0,4593.0,-45.93
