,revenue,net_profit,eps,dps,gross_profit,ebit,ebitda,close_price,allowance_doubtful_accounts,expense,operating_profit,cash,account_receivable,inventory,current_asset,property_plant_equipment,total_asset,short_term_loan,account_payable,current_portion_long_term_debt,current_liability,non_current_liability,total_liability,paid_in_capital,total_equity,cash_flow_operation,cash_flow_investment,cash_flow_financing,depreciation,P/E,P/BV,D/E,EPS,DPS,DPR%,ROA%,ROAA%,ROE%,ROAE%,ROCE%,NPM%,NPMA%,CurrentRatio,QuickRatio,month,year,dividend,number_of_shares,return_old
2014-03-31,261.0,16.98,0.07,0.0,180.83,26.13,30.81,,16.31,234.86,8.26,12.98,19.17,52.94,378.3,335.13,809.37,75.75,90.65,43.4,222.22,105.57,327.79,258.0,481.58,28.04,-6.77,-16.48,4.68,0.0,0.0,0.68,0.07,0.0,0.0,8.4,0.0,14.12,0.0,17.800000000000004,7.49,6.51,1.7,1.46,3,2014,0.0,242.57142857142856,16.98
2014-06-30,293.71000000000004,30.610000000000003,0.11577642361840723,0.0,261.87,37.620000000000005,42.69,4.94,32.42,256.09999999999997,89.00999999999999,125.11,342.52,53.53,585.2,372.58,1050.62,5.61,92.18,43.75,153.25,118.22,271.46,344.0,779.15,-4.599999999999998,-88.2,204.94,5.07,10.665383861483177,2.18,0.35,0.18,0.0,0.0,11.654826644252996,0.0,15.719865517965962,0.0,18.26694683757092,8.84,8.58,3.82,3.47,6,2014,0.0,264.3888888888889,47.59
2014-09-30,300.28999999999996,26.42,0.08924469666261316,0.05,241.52000000000004,33.14,38.92,7.9,56.09,267.15000000000003,30.63000000000001,10.33,369.84,64.51,489.37,374.88,1070.21,21.33,94.64,45.36,167.83,113.99,281.82,344.0,788.38,-15.14,-95.24000000000001,-4.400000000000006,5.779999999999999,22.130166540499623,3.45,0.36,0.25,0.05,0.2,9.881172814484529,0.0,13.408123226591004,0.0,15.335808674503445,8.92,8.66,2.92,2.53,9,2014,14.802000000000001,296.04,74.01
2014-12-31,305.55999999999995,19.709999999999994,0.06519526248399486,0.0010390524967989743,239.69999999999993,25.319999999999993,31.42,6.5,81.53,280.2399999999999,40.53,8.18,394.85,59.85,497.92,387.34,1083.05,21.26,79.62,46.74,160.22,114.74,274.96,344.0,808.1,-6.090000000000001,11.870000000000005,-7.930000000000007,6.1,24.92780821917809,2.77,0.34,0.31,0.05,0.16,7.276632522407168,0.0,9.758258642765682,0.0,11.137874519846347,8.33,8.08,3.11,2.73,12,2014,0.3141290322580641,302.3225806451613,93.72
2015-03-31,333.15,24.64,0.07,0.0,221.24,31.7,38.75,8.95,21.97,301.45,7.75,8.1,33.72,92.48,532.43,413.47,1167.71,49.96,96.03,49.53,215.76,119.21,334.97,344.0,832.73,-1.39,-15.06,16.37,7.05,31.965,3.7,0.4,0.07,0.0,0.0,8.44,12.84,11.84,15.0,13.32,8.58,7.4,2.47,2.04,3,2015,0.0,352.0,24.64
2015-06-30,377.24,27.14,0.07862108922363846,0.02,248.98000000000002,35.17999999999999,42.28,7.55,41.61,342.06,7.550000000000001,24.23,48.12,102.11,551.96,434.4,1232.67,66.8,110.04,53.62,260.59,118.35,378.94,401.33,853.0,-61.45,73.84,3.7300000000000004,7.1000000000000005,24.005963522476048,3.55,0.44,0.15,0.02,0.13,8.80556199304751,12.285855542680572,12.726133642332949,13.313171108536112,14.424349169563538,8.39,7.29,2.12,1.73,6,2015,6.904000000000001,345.20000000000005,51.78
2015-09-30,470.09000000000003,48.11,0.13004004404845332,0.10133867253979377,320.88,63.28999999999999,71.59,6.0,72.54,406.79999999999995,46.8,11.86,49.14,138.06,620.19,457.88,1468.05,266.34,134.3,54.72,485.79,115.14,600.93,401.33,860.97,-115.59,-48.99,152.22,8.299999999999999,11.533754936603618,2.8,0.7,0.27,0.12,0.44,13.10033036339974,19.766086695364898,22.347622384623087,23.330147161878063,25.526379016918607,9.61,8.46,1.28,0.99,9,2015,37.49155555555555,369.96296296296293,99.89
2015-12-31,465.27,46.05999999999999,0.11361151079136689,0.010494004796163055,316.36,62.56,71.72,7.35,118.46,402.71000000000004,55.529999999999994,33.63,46.06,152.84,742.14,462.1,1583.01,378.06,98.58,51.29,558.46,108.63,667.09,401.33,904.44,-91.38,25.89,87.26999999999998,9.16,16.176177811550158,3.26,0.74,0.36,0.12,0.33,11.638868105515586,18.253582733812948,20.374330935251795,21.510446043165462,23.744805755395678,10.05,8.87,1.33,1.06,12,2015,4.254444444444438,405.41666666666663,145.95
2016-03-31,457.24,31.94,0.07,0.0,302.87,46.01,56.26,7.15,51.82,411.24,42.88,37.88,25.7,172.91,912.82,467.52,1700.4,428.14,117.06,49.09,652.78,100.12,752.9,401.33,936.38,-33.9,1.7,36.45,10.25,25.535,3.06,0.8,0.07,0.0,0.0,7.52,12.84,13.64,14.44,17.56,7.94,6.99,1.4,1.13,3,2016,0.0,456.2857142857143,31.94
2016-06-30,466.16999999999996,11.429999999999996,0.026354623011298126,0.02,295.21000000000004,19.92000000000001,30.720000000000006,5.65,112.53,446.24,19.869999999999997,99.55,25.71,172.79,1139.33,478.29,1860.77,574.38,109.59,49.63,767.61,95.57,863.18,467.18,986.53,-92.91999999999999,-22.849999999999998,177.44,10.8,53.59590988626423,2.68,0.87,0.1,0.02,0.2,2.4562508646529855,4.4908277611252005,4.63841364998847,4.975752824533085,6.356735070325109,5.37,4.7,1.48,1.26,6,2016,8.674,433.69999999999993,43.37
2016-09-30,486.57000000000005,23.759999999999998,0.053091017428869354,0.0006182034857738731,309.0799999999999,36.77999999999999,48.58,5.0,166.26,449.78999999999996,19.0,101.41,20.83,170.53,1254.55,500.31,1910.05,596.32,114.39,50.59,784.73,103.98,888.71,467.18,1010.28,1.5699999999999932,-12.690000000000005,12.990000000000009,11.8,23.54211805555555,2.31,0.88,0.15,0.02,0.13,4.969319231342172,8.607823625800684,9.400649486071801,10.15100253239982,12.925893043348726,5.49,4.76,1.6,1.38,9,2016,0.2766666666666673,447.5333333333333,67.13
2016-12-31,454.5899999999999,13.460000000000008,0.03006328328576748,0.11000843777143568,290.38,22.290000000000006,34.599999999999994,5.05,235.29,432.29999999999995,21.590000000000003,101.4,24.45,161.02,1212.83,499.88,1862.44,596.92,102.83,50.06,784.67,95.46,880.12,467.18,972.35,86.37,-22.019999999999996,-64.37,12.309999999999995,42.001400445765206,2.43,0.91,0.18,0.13,0.72,2.8927559250527377,4.850209703437154,5.538324854200275,5.738746742772059,7.749646358108951,5.01,4.32,1.55,1.34,12,2016,49.253222222222234,447.7222222222223,80.59
2017-03-31,464.68,19.34,0.04,0.0,353.55,31.14,43.24,5.2,45.53,433.54,69.47,140.85,21.68,152.05,1173.62,494.04,1814.42,508.46,126.76,44.63,723.4,89.49,812.89,467.18,991.69,150.95,-7.43,-104.08,12.1,32.5,2.45,0.82,0.04,0.0,0.0,4.28,7.08,7.8,8.04,11.4,4.24,4.16,1.62,1.41,3,2017,0.0,483.5,19.34
2017-06-30,423.49999999999994,14.529999999999998,0.030029524653085327,0.0,310.84,22.43,35.38,4.66,94.12,401.07,60.72999999999999,121.51,23.36,146.9,1027.64,489.17,1667.84,309.65,104.26,42.99,479.68,82.8,562.48,516.73,1096.31,107.03000000000003,-7.83,-118.53000000000002,12.950000000000001,38.79432037164487,2.2,0.51,0.07,0.0,0.0,3.483424859757897,5.21655742545025,5.302356067316209,5.576911721287274,7.739037496309417,3.9,3.81,2.14,1.84,6,2017,0.0,483.8571428571428,33.87
2017-09-30,409.80000000000007,20.970000000000006,0.04206236323851205,0.06,137.14999999999998,29.380000000000003,42.89999999999999,4.12,126.84,380.40999999999997,-122.6,79.03,22.31,154.13,920.18,481.53,1551.05,197.0,114.33,42.9,377.79,78.71,456.5,516.73,1086.27,111.88999999999999,-3.5699999999999985,-150.8,13.52,24.484477825464946,1.96,0.42,0.11,0.06,0.55,5.414573304157551,7.326498905908098,7.724179431072211,7.999496717724292,10.813851203501098,5.0,4.23,2.44,2.03,9,2017,29.912727272727274,498.54545454545456,54.84
