,revenue,net_profit,eps,dps,gross_profit,ebit,ebitda,close_price,allowance_doubtful_accounts,expense,operating_profit,cash,account_receivable,inventory,current_asset,property_plant_equipment,total_asset,short_term_loan,account_payable,current_portion_long_term_debt,current_liability,non_current_liability,total_liability,paid_in_capital,total_equity,cash_flow_operation,cash_flow_investment,cash_flow_financing,depreciation,P/E,P/BV,D/E,EPS,DPS,DPR%,ROA%,ROAA%,ROE%,ROAE%,ROCE%,NPM%,NPMA%,CurrentRatio,QuickRatio,month,year,dividend,number_of_shares,return_old
2000-03-31,557.8,25.7,0.73,0.0,76.38,52.77,94.23,24.5,0.0,505.03,34.3,88.27,464.49,736.92,1379.3,1201.73,2660.2,63.74,205.44,757.47,1121.14,130.84,1251.97,350.0,1255.4,36.43,-172.51,50.64,41.46,8.39,6.83,1.0,0.73,0.0,0.0,3.8799999999999994,0.0,8.2,0.0,13.719999999999999,4.77,4.61,1.23,0.57,3,2000,0.0,35.205479452054796,25.7
2000-06-30,593.0800000000002,11.209999999999997,0.3188973178000542,1.0,96.93,27.68999999999999,70.96,24.5,0.0,565.3900000000001,51.71000000000001,61.08,489.73,817.41,1447.17,1274.23,2810.75,26.62,282.83,860.78,1234.74,149.85,1384.59,350.0,1268.29,-5.050000000000001,-114.98000000000002,92.83,43.27,19.20406556645852,6.76,1.09,1.05,1.0,0.95,1.591449471687889,0.0,3.535204551612029,0.0,6.207867786507721,3.29,3.21,1.17,0.51,6,2000,35.152380952380945,35.152380952380945,36.91
2000-09-30,704.9499999999998,35.96000000000001,1.0264416083436259,-0.0033889444346420186,132.27999999999997,66.67999999999999,114.31,25.0,0.0,638.26,84.15999999999998,132.05,543.03,920.86,1660.09,1353.92,3101.38,50.74,257.35,1023.59,1489.54,137.88,1627.42,350.0,1304.25,28.970000000000002,-118.21999999999997,160.23,47.63000000000001,6.089386818687429,6.71,1.25,2.08,1.0,0.48,4.638726499245232,0.0,11.034247289693976,0.0,18.021945931110203,4.02,3.93,1.11,0.5,9,2000,-0.11872710622709803,35.03365384615385,72.87
2000-12-31,692.9300000000003,50.78999999999999,1.4498520135856376,-7.11473145970613e-05,101.56,90.44000000000003,139.06,25.0,0.0,602.4999999999998,54.81,92.54,486.54,984.97,1623.31,1331.0,3047.83,908.38,245.35,60.04,1314.8,198.84,1513.63,350.0,1355.03,-2.270000000000003,-25.319999999999993,-11.920000000000016,48.619999999999976,4.309474305965741,6.46,1.12,3.53,1.0,0.28,6.6701407083939825,0.0,14.999602134885977,0.0,22.52404657933042,4.96,4.85,1.23,0.49,12,2000,-0.002492373066026232,35.03116147308782,123.66
2001-03-31,697.93,53.82,1.54,0.0,107.8,89.11,138.92,27.0,0.0,608.82,64.71,53.92,465.53,885.19,1449.13,1326.13,2862.44,736.47,167.32,64.92,1141.67,176.59,1318.26,350.0,1356.35,215.8,-39.82,-214.6,49.81,4.3825,6.97,0.97,1.54,0.0,0.0,7.519999999999999,12.92,15.880000000000003,16.48,20.72,7.9,7.71,1.27,0.49,3,2001,0.0,34.94805194805195,53.82
2001-06-30,675.39,38.57,1.1021192769780281,1.5,77.58999999999999,65.05999999999999,106.19000000000003,24.5,0.0,610.33,41.72000000000001,40.64,399.55,898.18,1365.09,1311.09,2760.58,653.66,240.4,70.3,1012.81,156.79,1169.61,350.0,1394.92,131.57,-28.82,-116.02000000000001,41.129999999999995,5.5572932330827065,6.15,0.84,2.64,1.5,0.57,5.594090269509687,9.234423638921962,11.0545903236281,11.588951185193205,14.728321246888191,6.97,6.73,1.35,0.46,6,2001,52.49431818181817,34.99621212121212,92.39
2001-09-30,625.6300000000001,-5.400000000000006,-0.15456949074606297,-0.002596301560263118,43.98000000000002,5.240000000000009,51.02999999999997,23.5,0.0,620.3899999999999,2.6799999999999926,69.74,393.22,922.51,1430.34,1508.71,3020.41,943.73,169.87,70.3,1299.07,137.14,1436.21,350.0,1389.52,-14.449999999999989,-242.82,286.36,45.78999999999999,-38.01785185185181,5.92,1.03,2.49,1.5,0.6,-0.7151166800781708,-1.293665938613635,-1.5543855615588016,-1.6040464421197855,-2.299298769973563,4.44,4.35,1.1,0.39,9,2001,-0.09070372398686288,34.93574297188754,86.99
2001-12-31,618.8799999999999,8.760000000000005,0.2506778067885119,0.000408317342477256,70.57999999999998,27.039999999999992,72.78000000000003,23.0,0.0,591.8400000000001,32.05,76.21,394.54,910.72,1406.61,1523.99,3009.65,688.42,148.09,70.3,1062.04,356.66,1418.69,350.0,1398.28,81.97999999999996,-60.60000000000002,-14.920000000000002,45.74000000000001,22.926441210045652,5.76,1.01,2.74,1.5,0.55,1.1637305483028728,2.2542704960835525,2.506778067885119,2.547032898172325,3.5021702349869477,3.72,3.66,1.32,0.47,12,2001,0.014268753847517246,34.94525547445255,95.75
2002-03-31,627.4,-46.33,-1.32,0.0,2.71,-39.76,18.18,25.0,0.0,667.16,-46.6,103.79,398.85,820.04,1345.78,1394.2,2908.01,693.05,244.82,63.13,1113.79,304.48,1418.26,350.0,1299.45,164.75,-22.59,-114.59,57.94,-4.735,6.73,1.09,-1.32,0.0,0.0,-6.36,-5.52,-14.28,-13.959999999999999,-8.88,-7.55,-7.38,1.21,0.47,3,2002,0.0,35.098484848484844,-46.33
2002-06-30,739.6899999999999,-4.469999999999999,-0.12758858267716533,1.5,48.99,9.569999999999997,58.61000000000001,22.0,0.0,730.12,3.190000000000005,38.19,479.62,845.14,1390.19,1372.79,2930.35,648.72,245.42,64.21,1175.03,267.03,1442.06,350.0,1294.98,-122.53,-25.529999999999998,82.48,49.040000000000006,-43.100447427293076,5.95,1.11,-1.45,1.5,-1.03,-0.6089055118110236,-0.3730866141732283,-1.3797165354330705,-1.3304409448818892,-0.6053858267716534,-3.81,-3.72,1.18,0.46,6,2002,52.55172413793103,35.03448275862069,-50.8
2002-09-30,793.8100000000002,30.08,0.8129729729729731,0.07968313140726904,75.97,45.07,94.39999999999999,25.25,0.0,748.74,35.31999999999999,86.77,440.99,860.46,1417.48,1327.92,2910.13,504.15,238.6,65.32,859.84,229.27,1089.11,500.0,1700.06,114.71000000000001,-69.28999999999999,3.1499999999999986,49.33,7.764833776595745,7.43,0.64,-0.56,1.5,-2.68,4.122934362934362,-2.9034749034749034,7.084478764478764,7.781312741312742,-4.239073359073359,-0.99,-0.96,1.65,0.65,9,2002,2.9482758620689538,36.99999999999999,-20.72
2002-12-31,803.7199999999998,21.939999999999998,0.5395081967213115,0.1352459016393446,126.42,46.66,95.54000000000002,24.0,0.0,757.0700000000002,84.83,114.4,481.7,924.72,1553.96,1322.04,3040.64,602.51,202.36,68.53,991.1,203.61,1194.72,500.0,1722.0,-8.240000000000009,-42.53,78.4,48.879999999999995,11.121239744758434,6.97,0.69,0.03,1.5,50.0,2.877377049180328,146.0268852459016,5.035409836065574,5.754754098360656,215.80327868852459,0.04,0.04,1.57,0.63,12,2002,5.500000000000014,40.666666666666664,1.22
2003-03-31,728.52,49.1,0.9799999999999999,0.0,93.4,64.51,107.65,23.0,0.0,664.01,44.14,79.54,458.57,957.03,1530.53,1395.68,3007.39,641.78,167.79,59.36,928.53,179.33,1107.86,500.0,1771.1,50.42,-27.29,-58.0,43.14,5.8675,6.49,0.63,0.98,0.0,0.0,6.5200000000000005,8.72,11.08,12.800000000000002,12.4,6.94,6.74,1.65,0.62,3,2003,0.0,50.102040816326536,49.1
2003-06-30,795.6700000000001,71.82,1.43735031425736,1.5,97.82,86.93999999999998,130.69,24.1,0.0,708.73,55.94,114.87,492.59,929.88,1571.83,1403.68,3059.65,698.54,236.25,51.07,1039.66,153.93,1193.59,500.0,1767.92,167.44,-76.44999999999999,-55.650000000000006,43.75,4.192297410192149,6.82,0.68,2.42,1.5,0.62,9.384353291432351,12.021475355607011,16.25037380086007,18.768706582864702,17.818392325504462,8.24,7.93,1.51,0.62,6,2003,74.9504132231405,49.96694214876033,120.92
2003-09-30,803.0700000000002,11.779999999999987,0.23524491333835695,0.003250979341956759,53.860000000000014,24.80000000000001,69.99999999999997,30.5,-0.01,778.2700000000002,10.019999999999996,85.29,506.6,913.88,1549.35,1525.65,3161.41,808.12,236.39,34.35,1143.96,136.73,1280.7,500.0,1779.7,67.22999999999996,-168.73000000000002,71.93,45.2,32.414622241086626,8.57,0.72,2.65,1.5,0.57,1.4913639788997726,2.063053504144685,2.64894649585531,2.7093112283345864,3.103457422758098,5.89,5.7,1.35,0.56,9,2003,0.16279432402930638,50.075471698113205,132.7
2003-12-31,888.75,69.02000000000001,1.3788945072377556,-0.0006257506201386042,92.46000000000001,60.75,107.39000000000004,26.5,0.0,828.0,39.640000000000015,59.63,532.45,1040.22,1689.62,1534.15,3417.08,1001.77,249.58,15.2,1344.38,118.21,1462.6,500.0,1848.73,-41.569999999999965,-137.22999999999996,153.13,46.639999999999986,4.807728194726166,7.17,0.79,4.03,1.5,0.37,8.074915724767006,10.045742613523698,14.931750941899665,15.465516557604605,15.643438429506247,6.46,6.27,1.26,0.48,12,2003,-0.03132169109041172,50.0545905707196,201.72
2004-03-31,868.37,64.42,1.29,0.0,142.1,99.05,143.35,26.5,0.0,769.32,88.8,76.0,537.66,993.19,1671.76,1529.35,3374.87,945.02,225.01,8.2,1259.32,97.19,1356.51,500.0,1913.14,138.8,-37.44,-85.0,44.3,5.135,6.93,0.71,1.29,0.0,0.0,7.64,12.4,13.48,14.0,18.72,7.51,7.42,1.33,0.54,3,2004,0.0,49.93798449612403,64.42
2004-06-30,880.0500000000001,65.39999999999999,1.3098135880449853,1.5000000000000002,126.21000000000001,95.95,145.62000000000003,25.75,0.0,784.1,83.39,118.66,538.49,1011.02,1741.2,1513.72,3426.47,976.99,218.97,0.0,1329.92,85.46,1415.38,500.0,1903.55,116.07,-32.64,-40.769999999999996,49.67,4.912912844036698,6.76,0.74,2.6,1.5,0.58,7.637220767216145,12.11073794484671,13.742967185333537,14.246741642273916,18.7404097981821,7.53,7.42,1.31,0.55,6,2004,74.89615384615385,49.93076923076923,129.82
2004-09-30,936.77,40.22,0.8042107739355446,0.002429292655121739,107.19,62.45999999999998,113.39999999999998,26.5,0.0,874.2999999999997,53.629999999999995,80.56,533.83,895.13,1583.88,1619.32,3280.96,794.6,265.87,0.0,1153.81,74.14,1227.94,500.0,1943.77,240.65999999999997,-61.91000000000001,-216.84000000000003,50.94,8.233538040775734,6.82,0.63,3.4,1.5,0.44,4.900955069395437,7.559581274994119,8.278640319924724,8.638169842390027,11.448176899553046,6.41,6.33,1.37,0.6,9,2004,0.12149321266967661,50.01176470588235,170.04
2004-12-31,1028.65,54.80000000000001,1.096779932396371,-0.0014206180604245135,142.09000000000003,81.81,134.09000000000003,25.5,0.0,946.8500000000004,80.53000000000003,83.23,602.36,912.72,1674.15,1629.45,3383.54,827.04,257.23,0.0,1210.98,62.81,1273.79,500.0,1998.56,40.690000000000055,-60.889999999999986,22.860000000000014,52.28,5.815888686131385,6.38,0.64,4.5,1.5,0.33,6.4831880448318815,9.729656644725141,10.96779932396371,11.396762141967624,15.228180039138946,6.11,6.05,1.38,0.63,12,2004,-0.07098039215685503,49.964444444444446,224.84
2005-03-31,873.05,53.9,1.08,0.0,125.33,81.44,134.07,27.75,0.0,791.61,66.18,68.1,535.18,1065.86,1761.16,1696.11,3534.98,900.66,292.83,0.0,1317.64,51.49,1369.13,500.0,2052.46,39.69,-119.06,64.24,52.63,6.4225,6.76,0.67,1.08,0.0,0.0,6.08,9.44,10.52,10.88,14.68,6.28,6.17,1.34,0.53,3,2005,0.0,49.907407407407405,53.9
2005-06-30,1006.6300000000001,78.44999999999999,1.5707782395164334,2.25,157.04000000000002,117.28999999999999,169.01,27.0,0.0,889.34,100.22,170.36,613.0,1164.31,1994.99,2181.08,4253.76,1635.97,317.82,0.0,2084.55,40.16,2124.71,500.0,2018.41,28.17,-534.48,608.58,51.71999999999999,4.297789993626513,6.69,1.05,2.65,2.25,0.85,7.373766528145069,12.281707593502075,15.553668303740082,16.004155647903286,21.718231960710234,7.17,7.04,0.96,0.4,6,2005,112.37264150943396,49.943396226415096,132.35
2005-09-30,952.3500000000001,43.77000000000001,0.8748035430388372,0.004078479938635647,131.26,74.41,126.15000000000003,30.75,0.0,877.9399999999998,67.97,81.85,556.14,1166.02,1858.39,2251.02,4186.72,1111.6,238.84,157.32,1667.75,344.02,2011.77,500.0,2062.18,41.93000000000001,-120.06000000000006,-10.379999999999995,51.74000000000001,8.791916838016904,7.46,0.98,3.52,2.25,0.64,4.18513967749262,7.276774926186693,8.489570747217806,8.738094481035658,10.775989098342041,6.31,6.22,1.11,0.42,9,2005,0.2040630360205995,50.034090909090914,176.12
2005-12-31,1089.27,39.29999999999998,0.7862918949029799,-0.0023702376330384236,145.87,77.55000000000001,136.79999999999995,32.5,0.0,1011.73,63.40999999999997,108.73,539.01,1083.28,1761.2,2324.7,4162.49,1030.96,189.56,147.95,1603.34,342.07,1945.4,500.0,2101.48,211.46999999999997,-128.92999999999995,-55.66000000000008,59.25,10.332486005089063,7.73,0.93,4.31,2.25,0.52,3.780038993593908,6.779259121715715,7.4798068888682545,7.669538575805401,9.99740042707269,5.57,5.49,1.1,0.42,12,2005,-0.11846788652184159,49.98143851508121,215.42
2006-03-31,1060.19,61.42,1.23,0.0,127.92,107.78,176.68,33.0,0.0,952.41,64.66,162.46,546.47,1069.03,1827.66,2526.81,4430.23,987.26,234.87,243.38,1747.25,401.38,2148.63,500.0,2162.91,135.48,-236.76,155.02,68.9,6.7075,7.63,0.99,1.23,0.0,0.0,5.56,10.84,11.36,11.64,16.08,6.06,5.79,1.05,0.43,3,2006,0.0,49.9349593495935,61.42
2006-06-30,1096.9899999999998,81.33999999999999,1.62953488372093,2.5,99.32000000000001,139.16,214.31,32.5,0.0,957.83,35.730000000000004,156.43,556.05,1184.13,1939.26,2466.69,4480.85,1065.65,258.91,380.2,1880.32,365.78,2246.1,500.0,2119.24,-18.519999999999996,88.66,-76.17000000000002,75.15,4.984489795918368,7.67,1.06,2.86,2.5,0.87,7.270232558139535,12.876744186046512,15.36093023255814,15.725581395348836,21.651162790697676,7.13,6.62,1.03,0.4,6,2006,124.79020979020979,49.91608391608391,142.76
2006-09-30,1034.5500000000002,31.460000000000008,0.6284054643554128,0.007347433877109131,89.27999999999997,52.05000000000001,132.49,34.25,0.0,982.4999999999998,21.689999999999998,117.32,531.23,1198.47,1896.3,2363.66,4382.25,1114.26,202.73,234.0,1823.38,280.36,2103.74,500.0,2161.21,-26.379999999999995,3.219999999999999,-15.949999999999996,80.44,13.623051493960581,7.92,0.97,3.48,2.5,0.72,2.874774423143153,5.041689817472164,5.821779359430607,5.959017334404778,8.436523935254279,5.8,5.46,1.04,0.38,9,2006,0.3678361868017106,50.0632183908046,174.22
2006-12-31,1128.7199999999998,35.110000000000014,0.7027702670424691,-0.0051937736763877215,139.17000000000002,73.95999999999998,153.86,33.5,0.0,1054.7700000000004,63.11,93.33,628.91,1265.74,2024.16,2321.63,4469.46,1178.13,208.18,234.0,1908.49,244.94,2153.43,500.0,2196.32,-20.200000000000003,-32.140000000000015,28.35,79.89999999999998,11.924238108800907,7.63,0.98,4.19,2.5,0.6,3.1398232455930835,5.796596761094924,6.393699899679932,6.53458940428988,9.768338986289596,5.08,4.85,1.06,0.4,12,2006,-0.25947795791843475,49.959427207637226,209.33
2007-03-31,985.94,-26.12,-0.52,0.0,66.87,6.88,86.62,35.5,0.0,979.06,0.84,93.72,596.21,1328.62,2058.64,2281.72,4467.69,1231.83,252.23,234.0,2019.43,164.73,2184.16,500.0,2170.2,46.2,-42.11,-3.7,79.74,-17.0675,8.18,1.01,-0.52,0.0,0.0,-2.32,0.6,-4.8,-4.84,1.12,-2.67,-2.65,1.02,0.36,3,2007,0.0,50.23076923076923,-26.12
2007-06-30,1077.7599999999998,-25.900000000000002,-0.5178008458285275,2.5,58.81999999999999,-2.0999999999999996,79.10999999999999,28.25,0.0,1079.8600000000001,-12.64,94.73,600.1,1231.01,1959.92,2233.37,4319.44,1257.35,263.17,234.0,2056.99,128.93,2185.92,500.0,2019.3,158.26999999999998,-30.47,-126.79,81.21,-13.637675675675675,6.99,1.08,-1.04,2.5,-2.4,-2.389850057670127,0.21906958861976167,-5.1381776239907735,-4.998769703960015,0.4182237600922722,-2.55,-2.52,0.95,0.35,6,2007,125.04807692307693,50.019230769230774,-52.02
2007-09-30,995.23,2.3400000000000034,0.04663043478260877,0.008099916387959623,86.35,26.189999999999998,107.53999999999999,28.0,0.0,969.04,15.55,56.93,677.86,1256.73,2022.41,2171.65,4320.2,1321.14,268.71,184.0,2089.88,93.13,2183.01,500.0,2021.64,-6.469999999999999,-18.480000000000004,-12.859999999999985,81.35000000000002,150.10153846153824,6.93,1.08,-0.99,2.5,-2.53,0.21666666666666698,-0.13376811594202917,0.4634782608695659,0.4484057971014499,-0.2618840579710149,-1.64,-1.62,0.97,0.37,9,2007,0.40646853146851925,50.18181818181818,-49.68
2007-12-31,1022.4500000000003,18.35,0.3689913820619215,-0.02270551025737751,96.66999999999999,36.150000000000006,116.88,25.0,0.0,986.3000000000002,23.55,81.57,632.61,1164.43,1904.97,2120.89,4151.54,1252.48,184.37,184.0,1938.26,57.33,1995.58,500.0,2039.99,156.39,-29.629999999999995,-102.11000000000001,80.72999999999996,16.936980926430515,6.13,0.98,-0.63,2.5,-3.97,1.7571018193424834,-3.6547717842323655,3.607915735716566,3.467347590169167,-7.098691350143633,-0.78,-0.77,0.98,0.38,12,2007,-1.1291486291486308,49.73015873015873,-31.33
2008-03-31,917.62,-7.96,-0.16,0.0,73.59,15.78,97.81,25.0,0.0,901.85,5.06,91.83,646.49,1219.03,1981.57,2051.14,4161.09,1222.08,292.51,133.5,1993.11,22.03,2015.14,500.0,2032.04,153.48,-10.81,-132.41,82.03,-39.0625,6.15,0.99,-0.16,0.0,0.0,-0.76,1.48,-1.56,-1.52,2.92,-0.88,-0.87,0.99,0.38,3,2008,0.0,49.75,-7.96
2008-06-30,879.1,22.43,0.44953006219765024,0.5,62.389999999999986,40.28,122.02000000000001,23.0,0.0,838.8100000000001,-2.0599999999999996,136.32,518.84,1255.47,1935.27,1987.47,4049.76,1322.54,165.92,100.0,1885.91,19.72,1905.63,500.0,2029.46,6.740000000000009,2.99,34.75,81.74000000000001,12.791080026749889,5.67,0.94,0.29,0.5,1.72,2.2321492743607463,8.30855563234278,4.402294402211472,4.402294402211472,16.059073946095367,0.83,0.81,1.03,0.36,6,2008,24.948275862068968,49.896551724137936,14.47
2008-09-30,940.8999999999999,10.429999999999998,0.20943775100401604,-0.000969394820662036,79.87,30.00999999999999,111.30999999999997,24.0,0.0,910.8900000000001,14.530000000000001,55.43,612.11,1280.13,1982.0,1933.49,4040.68,1175.92,266.95,66.5,1870.36,14.52,1884.88,500.0,2039.89,92.57,-25.119999999999997,-148.34,81.29999999999998,28.64813039309684,5.88,0.92,0.5,0.5,1.0,1.0388112449799196,3.4515341365461842,2.0441124497991967,2.060867469879518,6.65174297188755,0.93,0.91,1.06,0.38,9,2008,-0.04827586206896939,49.8,24.9
2008-12-31,887.2200000000003,-0.4599999999999973,-0.009222585924713528,0.0007774140752865095,69.76000000000002,16.5,97.55000000000001,20.0,0.0,870.7199999999998,22.03,43.38,473.07,1300.06,1829.53,1900.75,3858.72,1164.61,130.85,17.4,1690.68,12.6,1703.28,500.0,2039.43,71.52000000000001,-52.16,-31.410000000000025,81.05000000000001,-542.1960869565249,4.9,0.84,0.49,0.5,1.02,-0.04743044189852672,-0.19273322422258476,-0.09034369885433662,-0.09034369885433662,-0.3561047463175102,0.69,0.67,1.08,0.31,12,2008,0.038775510204086316,49.87755102040817,24.44
2009-03-31,741.26,-29.1,-0.58,0.0,27.4,-23.93,57.42,21.5,0.0,765.2,-28.3,75.25,451.5,1297.76,1860.65,1833.34,3833.14,1196.17,183.63,0.0,1700.72,10.68,1711.41,500.0,2010.34,82.3,-29.59,-20.84,81.35,-9.2675,5.35,0.85,-0.58,0.0,0.0,-3.04,-2.4,-5.8,-5.76,-4.48,-3.99,-3.93,1.09,0.33,3,2009,0.0,50.17241379310345,-29.1
2009-06-30,850.22,-48.24,-0.9667959658650116,0.5,5.200000000000003,-51.27,29.739999999999995,15.1,0.0,901.48,-54.290000000000006,93.74,527.39,1201.96,1842.28,1756.84,3753.94,1069.09,134.51,6.29,1686.27,21.48,1707.75,500.0,1937.1,-19.799999999999997,14.1,24.18,81.01000000000002,-3.9038743781094527,3.9,0.88,-1.55,0.5,-0.32,-5.139612102404965,-4.815267649340574,-9.95487975174554,-9.73033359193173,-9.081644685802948,-4.92,-4.86,1.09,0.38,6,2009,24.948387096774194,49.89677419354839,-77.34
2009-09-30,918.44,-42.97999999999999,-0.8608859707446808,0.00028579701441309416,14.43,-37.879999999999995,42.610000000000014,15.2,0.0,956.3300000000002,-42.59,49.81,543.02,1177.72,1797.71,1685.04,3647.26,1008.19,142.89,6.38,1625.54,18.09,1643.63,500.0,1894.11,46.870000000000005,-8.33,-82.46000000000001,80.48999999999998,-4.4161191251745,4.01,0.87,-2.41,0.5,-0.21,-4.715226063829786,-4.200837765957446,-9.073238031914892,-8.744601063829785,-7.987307180851062,-4.85,-4.79,1.11,0.38,9,2009,0.014268504885553313,49.925311203319495,-120.32
2009-12-31,1058.87,-9.840000000000003,-0.19655808236017216,0.0013605980000357706,56.010000000000005,3.950000000000003,84.44,12.5,0.0,1054.9099999999999,-0.8099999999999881,91.3,553.55,1150.02,1809.37,1611.21,3589.82,971.12,143.6,6.48,1579.01,14.67,1593.68,500.0,1884.27,94.88,-4.759999999999998,-48.61999999999999,80.48999999999998,-15.906239837398367,3.32,0.85,-2.6,0.5,-0.19,-1.0977012907191153,-0.8860233558696993,-2.0895636140135228,-2.004892440073756,-1.6420159803318997,-3.69,-3.65,1.15,0.42,12,2009,0.06811362910948304,50.06153846153846,-130.16
2010-03-31,1082.05,-13.27,-0.27,0.0,61.5,1.4,80.76,16.5,0.0,1080.66,0.44,84.64,533.83,1135.68,1776.44,1561.26,3516.75,858.28,199.59,6.58,1523.4,11.24,1534.63,500.0,1871.01,121.84,-28.08,-100.42,79.36,-15.277499999999998,4.41,0.82,-0.27,0.0,0.0,-1.52,0.16,-2.84,-2.72,0.28,-1.24,-1.23,1.17,0.42,3,2010,0.0,49.148148148148145,-13.27
2010-06-30,1042.43,9.1,0.17458033573141485,0.5,81.66,29.19,108.92999999999999,17.0,0.0,1013.2299999999998,21.82,76.79,525.43,1161.03,1789.71,1497.54,3465.52,792.33,163.1,6.68,1488.66,8.01,1496.66,500.0,1855.1,52.16999999999999,-8.800000000000004,-51.219999999999985,79.74,24.34409340659341,4.58,0.81,-0.08,0.5,-6.25,1.047482014388489,-7.419664268585132,1.9203836930455633,1.9203836930455633,-13.529976019184652,-0.2,-0.2,1.2,0.42,6,2010,26.0625,52.125,-4.17
2010-09-30,1143.0500000000002,6.9,0.1263736263736264,0.022664835164835116,86.75,29.88,103.14999999999998,18.6,0.0,1113.17,26.889999999999997,58.11,517.32,1194.82,1803.77,1460.05,3448.34,675.43,200.96,6.78,1462.79,5.83,1468.61,500.0,1862.0,66.18,-7.279999999999994,-77.59,73.27000000000001,36.79565217391304,4.99,0.79,0.05,0.5,10.0,0.8087912087912088,17.186813186813186,1.5164835164835166,1.5164835164835166,30.835164835164836,0.08,0.08,1.23,0.42,9,2010,1.2374999999999972,54.599999999999994,2.73
2010-12-31,1217.48,37.92,0.7556014760147602,-0.04398523985239849,65.35,66.47,136.58000000000004,23.0,0.0,1151.0099999999998,0.730000000000004,101.34,574.3,1376.63,2098.27,1482.81,3754.14,906.72,184.56,6.88,1730.73,3.84,1734.57,500.0,1899.93,-166.45999999999998,-60.72,270.40999999999997,70.11000000000001,7.611155063291138,6.05,0.91,0.81,0.5,0.62,4.029874538745387,12.910523985239854,7.985121771217713,8.022435424354244,23.395660516605165,0.93,0.91,1.21,0.42,12,2010,-2.2074074074074055,50.18518518518518,40.65
2011-03-31,1165.35,64.14,1.28,1.0,148.15,102.69,173.48,21.0,0.0,1062.66,89.75,111.72,651.97,1796.6,2603.99,1506.75,4317.81,1204.87,214.27,6.99,2209.18,72.37,2281.55,500.0,1917.89,-301.64,-63.73,375.75,70.79,4.1025,5.47,1.19,1.28,1.0,0.78,5.96,10.48,13.36,13.56,19.48,5.6,5.5,1.18,0.37,3,2011,50.109375,50.109375,64.14
2011-06-30,1255.88,69.79,1.3965295303516763,-0.002711304412752922,114.97,123.43,192.47,24.9,0.0,1132.4399999999998,63.28,91.97,733.06,1819.11,2667.9,1576.99,4430.65,1354.35,142.29,16.09,2259.36,112.74,2372.1,500.0,1937.68,-85.92000000000002,-105.48000000000002,171.64999999999998,69.04,4.456977002435878,6.43,1.22,2.68,1.0,0.37,6.294804748749347,11.943454043156875,14.403013514522511,14.715669379526618,21.698317031285,5.74,5.53,1.18,0.38,6,2011,-0.1354944029850742,49.973880597014926,133.93
2011-09-30,967.0900000000001,-12.740000000000009,-0.25440052809637775,0.0020893551879188075,51.170000000000016,-4.530000000000001,65.59000000000003,27.0,0.0,971.6199999999999,-15.300000000000011,113.47,534.66,1592.3,2255.45,1666.65,4102.9,839.95,101.29,76.71,1794.02,267.58,2061.61,500.0,1924.95,441.29,-156.04999999999998,-263.73999999999995,70.11999999999998,-26.540039246467796,7.01,1.07,2.42,1.0,0.41,-1.2404653849327514,-2.468315867645847,-2.64912946612757,-2.6911791401930873,-4.036768710289631,3.69,3.58,1.26,0.37,9,2011,0.10463179967928937,50.078512396694215,121.19
2011-12-31,1052.23,-93.71,-1.8755640465793304,-0.0022991928013762625,-41.31999999999999,-96.96000000000001,-27.54000000000002,25.0,0.0,1149.2100000000005,-97.36999999999999,74.85,525.97,1393.93,2010.51,1674.02,3854.48,593.81,127.06,108.86,1636.64,279.39,1916.02,500.0,1831.24,186.23000000000002,-38.48000000000002,-186.38000000000002,69.42000000000002,-3.331997652331662,6.83,1.05,0.55,1.0,1.82,-9.684730713245996,-44.74072780203784,-20.46069868995633,-20.051484716157205,-76.65941775836973,0.63,0.62,1.23,0.38,12,2011,-0.11487603305785399,49.96363636363636,27.48
2012-03-31,1016.12,-18.84,-0.38,0.5,24.18,-9.45,52.03,26.0,0.0,1025.57,-32.03,86.83,596.8,1411.61,2102.76,1692.49,3972.33,743.09,219.38,124.27,1811.79,244.96,2056.76,500.0,1812.4,-73.8,-105.71,191.49,61.48,-17.105,7.17,1.13,-0.38,0.5,-1.32,-1.88,-0.92,-4.16,-4.04,-1.76,-1.9,-1.85,1.16,0.38,3,2012,24.789473684210527,49.578947368421055,-18.84
2012-06-30,967.9799999999999,-26.8,-0.5343558282208589,0.00573135292218273,29.39,-15.25,46.25,25.5,0.0,983.23,-33.33,105.07,545.98,1345.49,2017.43,1804.75,4006.52,722.68,220.56,170.14,1773.9,370.11,2144.01,500.0,1760.6,127.5,-163.44,54.19,61.50000000000001,-11.929410447761192,7.24,1.22,-0.91,0.5,-0.55,-2.6776511831726553,-1.3858019281332163,-6.083435582822086,-5.8015775635407545,-2.6071866783523228,-2.35,-2.3,1.14,0.38,6,2012,0.2874493927125492,50.15384615384615,-45.64
2012-09-30,988.9300000000003,-20.61,-0.4137554716981132,-0.0034310595065312017,37.949999999999996,-5.5,55.25999999999999,23.0,0.0,994.4300000000001,-25.040000000000006,178.95,515.1,1295.17,2010.1,1768.69,3968.73,631.91,323.3,190.14,1802.64,323.24,2125.88,500.0,1739.99,207.38,-11.550000000000011,-121.95,60.760000000000005,-13.89449902959728,6.61,1.22,-1.33,0.5,-0.38,-2.078110188679245,-0.9332830188679244,-4.741077735849056,-4.504646037735849,-1.7296845283018867,-2.27,-2.23,1.12,0.4,9,2012,-0.17090803932909182,49.81203007518797,-66.25
2012-12-31,986.06,-27.709999999999994,-0.5544359301830565,0.0016676429259611409,39.019999999999996,-11.959999999999997,51.379999999999995,23.1,0.0,998.02,-27.429999999999993,89.97,489.23,1230.31,1820.8,1748.3,3762.43,657.65,254.84,203.47,1664.84,280.22,1945.06,500.0,1712.28,73.87,-41.43000000000001,-121.42,63.34,-10.418336340671239,6.75,1.14,-1.88,0.5,-0.27,-2.9491272882077473,-1.30941251596424,-6.476283524904214,-6.252149851000425,-2.371098339719029,-2.42,-2.37,1.09,0.35,12,2012,0.0833466645336749,49.97872340425532,-93.96
2013-03-31,966.73,-36.24,-0.72,0.0,28.0,-22.53,41.33,25.75,0.0,989.27,-37.34,148.32,466.43,1159.49,1782.81,1713.39,3697.17,667.68,266.96,203.47,1685.71,223.08,1908.79,500.0,1683.68,127.6,-21.68,-47.57,63.86,-8.94,7.65,1.13,-0.72,0.0,0.0,-3.92,-2.3600000000000003,-8.6,-8.28,-4.48,-3.81,-3.75,1.06,0.37,3,2013,0.0,50.333333333333336,-36.24
2013-06-30,971.3699999999999,-12.219999999999999,-0.24460173338836153,0.5,53.769999999999996,3.25,67.07000000000001,21.6,0.0,968.1100000000001,-7.269999999999996,136.17,476.36,1176.55,1811.47,1719.55,3758.55,773.04,246.4,226.87,1786.85,219.19,2006.05,500.0,1646.47,-24.709999999999994,-82.19,94.75999999999999,63.82000000000001,-22.07864566284779,6.56,1.22,-0.97,0.5,-0.52,-1.3011803549319025,-0.5043334709038382,-2.9654808089145686,-2.8646141147338007,-0.9884936029715228,-2.53,-2.5,1.01,0.36,6,2013,24.97938144329897,49.95876288659794,-48.46
2013-09-30,1106.77,27.41,0.546897862232779,0.0015990400861963536,81.38000000000001,54.53,118.09,21.6,0.0,1052.2399999999998,11.93,124.89,540.28,1212.45,1889.67,1842.32,3934.05,710.4,379.57,207.42,1967.63,184.05,2151.68,500.0,1673.87,60.55,-72.57,0.730000000000004,63.56,9.874147209047793,6.45,1.29,-0.42,0.5,-1.19,2.81261757719715,-4.635610451306413,6.562774346793349,6.406517814726841,-9.323306413301662,-0.71,-0.69,0.96,0.34,9,2013,0.08014236622484106,50.11904761904762,-21.05
2013-12-31,1079.9099999999999,46.81,0.9449223602484472,-0.00585995267672286,110.14000000000001,72.11,136.77999999999997,21.6,0.0,1007.81,34.17,98.47,547.79,1229.1,1969.68,2085.38,4242.31,899.89,364.48,197.99,2176.14,269.91,2446.05,500.0,1692.26,125.32,-429.77000000000004,278.03,64.66999999999999,5.714966887417218,6.38,1.45,0.52,0.5,0.96,4.433866459627329,19.47993788819876,11.04832298136646,10.975636645962734,37.79689440993789,0.64,0.62,0.91,0.34,12,2013,-0.29029304029304015,49.53846153846154,25.76
2014-03-31,1025.0,-30.37,-0.61,0.5,42.52,6.12,72.78,21.7,0.0,1018.88,-36.74,79.12,530.63,1179.3,1812.49,2320.14,4307.15,739.27,308.6,177.12,1978.82,565.45,2544.27,500.0,1661.88,27.15,-194.04,147.54,66.66,-8.8925,6.53,1.53,-0.61,0.5,-0.82,-2.84,0.6,-7.32,-7.28,1.04,-3.09,-2.96,0.92,0.32,3,2014,24.893442622950822,49.786885245901644,-30.37
2014-06-30,1048.2199999999998,7.300000000000001,0.1455570004334634,0.003641802923390619,38.18,28.929999999999996,89.88,22.5,0.0,1019.2900000000001,-31.130000000000003,117.17,532.86,1453.42,2128.07,2324.65,4621.72,1086.94,332.91,149.59,2339.63,536.98,2876.61,500.0,1644.19,-217.01000000000002,-26.82000000000002,281.88,60.95,38.64224999999999,6.84,1.75,-0.46,0.5,-1.09,0.6328565236237539,-1.0631989596879063,1.7719982661465106,1.7719982661465106,-1.9491980927611618,-1.17,-1.11,0.91,0.29,6,2014,0.18264433357091647,50.15217391304348,-23.07
2014-09-30,1027.77,-9.5,-0.18959164875652443,-0.00044386004725610113,50.05999999999999,8.870000000000005,70.78999999999999,23.5,0.0,1018.9000000000001,-22.69999999999999,99.47,516.0,1345.3,1975.13,2339.36,4487.13,1023.95,269.85,116.72,2230.12,521.92,2752.04,500.0,1634.68,109.93,-70.65999999999997,-56.97000000000003,61.92,-30.984355263157898,7.19,1.68,-0.65,0.5,-0.77,-0.8517040221062326,1.2133865520417564,-2.3217684986183604,-2.2984341418483267,2.2750997850782926,-1.1,-1.05,0.89,0.28,9,2014,-0.02224080267558648,50.107692307692304,-32.57
2014-12-31,988.9100000000003,-27.07,-0.5401291079812207,9.9313831708233e-05,27.640000000000015,-13.720000000000002,59.09000000000003,30.0,0.0,1002.6299999999997,-37.43000000000001,124.05,471.63,1244.66,1849.23,2287.2,4306.91,927.02,279.01,216.72,2235.71,366.29,2602.0,500.0,1607.62,170.63,2.7899999999999636,-148.82999999999998,72.80999999999997,-13.885522718876986,9.33,1.62,-1.19,0.5,-0.42,-2.5054728370221326,1.289047619047619,-6.735727699530516,-6.554171696847753,2.6507176391683434,-1.52,-1.46,0.83,0.27,12,2014,0.004977375565612618,50.11764705882353,-59.64
2015-03-31,915.83,-25.48,-0.51,1.0,27.87,-12.59,60.33,27.5,0.0,928.42,-32.18,79.87,443.53,1238.82,1767.73,2238.32,4181.52,897.8,250.88,196.72,2186.06,317.84,2503.9,500.0,1582.14,42.8,-20.52,-66.47,72.92,-13.480000000000002,8.69,1.58,-0.51,1.0,-1.96,-2.44,-1.2,-6.4399999999999995,-6.28,-2.52,-2.84,-2.78,0.81,0.24,3,2015,49.96078431372549,49.96078431372549,-25.48
2015-06-30,978.5600000000001,1.3200000000000003,0.02622516556291391,0.0074016361511492455,85.86,26.619999999999997,99.50000000000001,26.0,0.0,951.9399999999999,19.48,86.92,520.79,1276.6,1900.1,2193.02,4269.91,1027.72,310.95,181.25,2363.05,277.21,2640.26,500.0,1533.46,-3.9399999999999977,-10.11,21.1,72.88000000000001,247.86878787878783,8.48,1.72,-0.48,1.0,-2.08,0.12456953642384108,-0.0699337748344371,0.3452980132450332,0.33218543046357624,-0.1617218543046358,-1.29,-1.28,0.8,0.26,6,2015,0.37254901960784537,50.333333333333336,-24.16
2015-09-30,998.55,-4.440000000000001,-0.08848951048951051,-0.003146853146853094,97.46,13.87,86.75999999999999,26.0,0.0,984.6800000000001,4.25,76.94,520.36,1316.33,1929.36,2147.92,4253.65,1053.9,325.75,175.4,2391.65,237.67,2629.33,500.0,1529.02,55.0,-33.72,-31.259999999999998,72.88999999999999,-73.44853603603602,8.5,1.72,-0.57,1.0,-1.75,-0.4160559440559442,0.39742657342657356,-1.1612307692307697,-1.1239720279720282,0.9314685314685317,-1.0,-0.99,0.81,0.26,9,2015,-0.15789473684210265,50.17543859649123,-28.6
2015-12-31,1099.06,35.25,0.6890977443609022,0.019126764279118743,123.64999999999998,69.74000000000001,138.08,26.0,0.0,1029.3200000000002,60.099999999999994,96.67,583.43,1238.97,1919.07,2128.58,4218.53,978.09,312.37,169.56,2352.91,205.72,2558.63,500.0,1562.3,128.42000000000002,-54.89,-53.80000000000001,68.33999999999997,9.432624113475176,8.32,1.64,0.13,1.0,7.69,3.3924812030075184,48.55488721804511,9.117293233082705,8.905263157894735,110.89172932330827,0.17,0.17,0.82,0.29,12,2015,0.9784075573549202,51.15384615384615,6.65
2016-03-31,904.24,-18.61,-0.37,0.5,47.14,-1.03,59.13,26.0,0.0,905.27,-13.92,115.68,438.85,1212.33,1766.86,2097.82,4044.23,881.47,281.92,153.71,2224.5,177.48,2401.98,500.0,1543.7,170.63,-23.6,-128.02,60.16,-17.5675,8.42,1.56,-0.37,0.5,-1.35,-1.84,-0.12,-4.84,-4.760000000000001,-0.24,-2.09,-2.06,0.79,0.25,3,2016,25.14864864864865,50.2972972972973,-18.61
2016-06-30,900.9000000000001,-9.61,-0.19070163004961022,0.0009481487156894172,62.84,9.229999999999999,67.75999999999999,26.0,0.0,891.6700000000001,-2.869999999999999,111.44,443.44,1160.82,1715.7,2072.31,3972.48,911.39,277.57,140.01,2214.41,149.64,2364.05,500.0,1509.08,89.04000000000002,-32.61,-60.66999999999999,58.53,-34.085707596253904,8.61,1.57,-0.56,0.5,-0.89,-0.9671296952515945,0.27243090007087173,-2.5472289156626506,-2.533607370659107,0.6402126151665485,-1.59,-1.56,0.77,0.25,6,2016,0.04777992277992027,50.39285714285714,-28.22
2016-09-30,1040.7099999999998,1.8299999999999983,0.036752557787040514,-0.006029069452714729,75.08,23.55,81.27999999999999,27.0,0.0,1017.1599999999999,12.759999999999998,137.24,486.44,1117.85,1741.53,2025.0,3954.0,901.64,283.42,120.01,2210.51,131.69,2342.19,500.0,1510.91,69.0,-13.419999999999995,-29.77000000000001,57.72999999999999,183.64844262295097,8.94,1.55,-0.53,0.5,-0.94,0.18584312239484635,-0.21358090185676373,0.4854111405835539,0.4826373626373622,-0.504827586206896,-0.94,-0.93,0.79,0.28,9,2016,-0.30020215633422964,49.79245283018868,-26.39
2016-12-31,978.94,2.330000000000002,0.04648379052369081,0.003317178751235117,68.44,22.29,79.55000000000004,26.0,0.0,956.6500000000001,6.68,136.25,421.56,1121.42,1679.23,2046.21,3915.55,896.66,348.29,80.0,2167.74,131.78,2299.52,500.0,1513.25,163.20999999999998,-54.2,-110.01000000000002,57.26000000000002,139.84229613733893,8.59,1.52,-0.48,0.5,-1.04,0.23629260182876163,-0.5151953449709066,0.6159102244389033,0.6042892768079805,-1.1969576059850382,-0.64,-0.63,0.77,0.26,12,2016,0.16627358490566024,50.125,-24.06
2017-03-31,943.2,6.06,0.12,0.5,89.21,46.7,104.86,30.0,0.0,896.49,28.75,114.87,433.13,1255.14,1803.14,2063.12,4050.13,1012.78,297.26,50.0,2293.95,133.25,2427.21,500.0,1519.31,-119.45,-67.59,165.12,58.16,62.50000000000001,9.87,1.6,0.12,0.5,4.17,0.6,4.6,1.6,1.6,10.64,0.65,0.64,0.79,0.24,3,2017,25.25,50.5,6.06
2017-06-30,868.94,2.1500000000000012,0.04190012180267968,0.00791717417783198,69.47000000000001,26.61999999999999,84.64999999999999,31.0,0.0,842.3299999999999,10.409999999999997,101.6,403.34,1390.94,1895.89,2177.14,4264.69,1081.57,320.21,20.0,2526.18,135.09,2661.28,500.0,1496.45,-42.07000000000001,-151.41,180.75,58.03,184.96366279069758,10.36,1.78,0.16,0.5,3.13,0.19902557856272846,1.8645554202192458,0.5761266747868456,0.5761266747868456,4.420462850182706,0.46,0.45,0.75,0.2,6,2017,0.40625000000000355,51.31250000000001,8.21
2017-09-30,888.9599999999998,-1.9400000000000013,-0.04022328548644341,-0.03194776714513569,21.419999999999987,23.290000000000006,81.60000000000002,32.0,0.0,865.6600000000001,-31.709999999999997,97.19,400.91,1268.77,1766.87,2342.97,4312.21,1232.18,239.01,0.0,2569.09,137.07,2706.16,500.0,1494.51,73.57000000000001,-206.47000000000003,128.49,58.31,-198.8866623711339,10.71,1.81,0.13,0.5,3.85,-0.1856459330143542,-2.8960765550239254,-0.5198086124401917,-0.5198086124401917,-6.856523125996815,0.24,0.23,0.69,0.19,9,2017,-1.5408653846153904,48.230769230769226,6.27
