,revenue,net_profit,eps,dps,gross_profit,ebit,ebitda,close_price,expense,operating_profit,cash,account_receivable,inventory,current_asset,property_plant_equipment,total_asset,short_term_loan,account_payable,current_portion_long_term_debt,current_liability,non_current_liability,total_liability,paid_in_capital,total_equity,cash_flow_operation,cash_flow_investment,cash_flow_financing,depreciation,P/E,P/BV,D/E,EPS,DPS,DPR%,ROA%,ROAA%,ROE%,ROAE%,ROCE%,NPM%,NPMA%,CurrentRatio,QuickRatio,month,year,dividend,number_of_shares,return_old
2000-03-31,1809.72,95.86,4.79,6.999999999999999,175.87,160.25,188.92,3.32,1649.47,108.89,198.63,319.39,1412.99,1948.17,1263.57,3317.19,1291.52,71.52,37.8,1745.51,92.88,1838.39,200.0,1391.72,298.07,-68.03,-296.49,28.67,0.1725,0.48,1.32,4.79,7.0,1.46,11.56,0.0,27.56,0.0,40.8,5.46,5.3,1.12,0.31,3,2000,140.0876826722338,20.0125260960334,95.86
2000-06-30,2180.0199999999995,105.64,5.284621339950372,-0.00786025476981041,179.06,172.66000000000003,201.91,3.38,2007.36,125.89999999999999,219.21,430.25,1118.93,1780.43,1324.5,3207.0,1417.81,62.81,38.86,1759.88,0.6,1760.48,200.0,1357.19,218.45,-87.83000000000001,-110.03999999999996,29.25,0.1621308216584627,0.5,1.3,10.08,7.0,0.69,13.169611910669976,0.0,31.141518610421834,0.0,48.253625806451616,5.18,5.05,1.01,0.38,6,2000,-0.15712711667825374,19.990079365079364,201.5
2000-09-30,2121.16,70.70999999999998,3.535370118658388,5.003729249068326,187.86999999999995,127.63,159.26000000000005,3.28,1993.5299999999997,104.85,160.58,428.56,1353.26,1953.1,1384.23,3437.05,1669.78,79.47,33.65,1997.88,0.0,1997.88,200.0,1333.91,-127.62,-95.69999999999999,144.5,31.629999999999995,0.2309800593975393,0.49,1.5,13.61,12.0,0.88,8.22928180448918,0.0,21.207025458285877,0.0,33.24962345248153,4.55,4.45,0.98,0.3,9,2000,100.07826149073395,20.000734753857458,272.21
2000-12-31,2375.1800000000003,133.41000000000003,6.6701710960998,0.00015085622318550046,234.45000000000005,205.44,232.43999999999994,3.48,2169.7400000000007,145.52000000000004,233.41,503.71,1906.35,2700.08,1421.24,4220.16,2307.83,59.6,0.0,2628.38,0.0,2628.38,200.0,1471.6,-472.78,-137.57999999999998,604.8299999999999,27.0,0.12921707518177047,0.47,1.79,20.28,12.0,0.59,12.643065923771019,0.0,36.25836595828609,0.0,55.04535673783345,4.89,4.78,1.03,0.3,12,2000,0.0030172732371056554,20.000986193293883,405.62
2001-03-31,2231.76,118.62,5.93,8.5,282.9,193.17,226.8,3.28,2038.59,169.44,314.07,434.36,1117.57,1879.72,1427.63,3407.56,1228.46,154.82,0.0,1685.69,0.0,1685.69,200.0,1596.78,1191.55,-39.35,-1078.71,33.63,0.1375,0.41,1.06,5.93,8.5,1.43,13.92,23.0,29.72,31.76,44.88,5.38,5.32,1.12,0.45,3,2001,170.0286677908938,20.003372681281622,118.62
2001-06-30,2415.87,107.79999999999998,5.38952389364897,-0.0006824458657264472,180.8,174.94000000000003,210.86,3.98,2240.9300000000003,100.16000000000003,168.18,522.38,1579.48,2304.49,1408.55,3812.61,1787.43,80.1,0.0,2149.68,0.0,2149.68,200.0,1535.1,-530.1099999999999,59.33,398.77,35.919999999999995,0.18378246753246752,0.52,1.4,11.32,8.5,0.75,11.31228690045049,19.9774224891794,28.090274710714596,29.82330182846038,42.163978447133644,4.98,4.87,1.07,0.34,6,2001,-0.013650123049274043,20.001766784452297,226.42
2001-09-30,2220.6899999999996,103.06000000000003,0.516113269394197,14.1485832853225,231.47999999999996,171.97000000000003,206.62999999999994,4.9,2048.7199999999993,147.82,52.72,500.39,1834.04,2481.62,1387.35,3966.35,2047.51,53.84,0.0,2336.74,0.0,2336.74,200.0,1503.16,-143.3900000000001,-15.38,112.07000000000005,34.66,2.3737521831942554,0.65,1.55,1.65,15.0,9.09,10.397336408886733,18.254769940512325,27.42594633968679,29.064996964914418,41.46422726720895,4.89,4.8,1.06,0.28,9,2001,2825.2577096048835,199.68484848484852,329.48
2001-12-31,2235.550000000001,25.909999999999968,0.12904330453867566,0.08221185944250528,119.22000000000003,52.539999999999964,76.91000000000008,5.08,2183.0,52.93000000000001,63.09,458.08,1827.41,2369.56,1431.33,3898.77,1991.39,51.67,0.0,2211.22,0.0,2211.22,204.38,1560.15,60.41000000000008,-70.11999999999999,-47.14999999999998,24.37000000000002,9.84146372057122,0.67,1.42,1.77,15.0,8.47,2.659604378288637,4.257699991558564,6.643178479979734,6.835649849461147,10.241809842707998,3.96,3.9,1.07,0.25,12,2001,16.506933744221442,200.78531073446328,355.39
2002-03-31,2077.14,55.85,0.27,0.0,152.35,91.84,123.82,5.52,1985.3,74.78,57.26,478.17,1528.61,2072.83,1469.94,3643.14,1550.71,131.8,6.27,2016.56,7.03,2023.59,204.38,1492.99,496.71,-70.59,-427.41,31.98,5.11,0.76,1.36,0.27,0.0,0.0,6.12,10.44,14.96,14.48,22.6,2.71,2.69,1.03,0.27,3,2002,0.0,206.85185185185185,55.85
2002-06-30,2047.1799999999998,98.34,0.4783384136455023,0.6,213.08,146.02,177.82,4.92,1901.16,146.3,141.76,471.53,1764.28,2411.86,1466.74,3981.4,1943.44,51.85,6.84,2182.35,58.45,2240.8,208.5,1615.17,-232.15999999999997,-28.379999999999995,356.91,31.8,2.571401260931462,0.64,1.39,0.75,0.6,0.8,9.872904857643167,15.561943057267008,24.363369868344254,24.975643037810496,33.72604708476555,3.78,3.74,1.11,0.3,6,2002,123.352,205.58666666666667,154.19
2002-09-30,2190.16,113.75999999999999,0.5519238663929837,0.5015390931143872,250.08999999999997,177.11,210.96000000000004,4.56,2013.0500000000002,165.49999999999997,241.94,487.72,1484.68,2255.51,1675.46,4031.67,1773.11,49.19,56.84,2113.26,156.74,2270.0,208.5,1629.04,454.62999999999994,-243.96,-121.5,33.849999999999994,2.066861155063291,0.58,1.39,1.3,1.1,0.85,11.293211420041054,17.627599178951296,27.93583877589102,29.05666878148908,36.73265609255458,4.29,4.24,1.07,0.36,9,2002,103.3749230769231,206.1153846153846,267.95
2002-12-31,2388.49,164.12,0.7900793852847919,0.008528710625592928,289.06000000000006,256.94999999999993,290.94999999999993,5.0,2131.54,219.47999999999996,76.88,659.47,2382.44,3207.07,1867.16,5176.89,2594.79,46.19,106.84,2979.85,205.03,3184.88,215.78,1846.0,-844.4399999999999,-275.26000000000005,954.72,34.0,1.5795881062637092,0.58,1.73,2.08,1.1,0.53,12.686851667553869,22.50206864628417,35.56876617214804,38.546757701298404,46.462745388478716,5.03,4.96,1.08,0.28,12,2002,1.7716346153845848,207.72596153846152,432.07
2003-03-31,2639.47,185.3,0.86,0.0,321.56,268.39,310.29,6.08,2371.08,238.62,39.74,750.22,1364.68,2222.42,1948.64,4293.32,1211.18,79.09,156.84,1968.0,353.32,2321.32,215.78,1815.98,1291.04,-140.85,-1185.42,41.9,1.7675,0.72,1.28,0.86,0.0,0.0,17.28,27.04,40.8,44.8,46.16,7.11,7.02,1.13,0.44,3,2003,0.0,215.46511627906978,185.3
2003-06-30,3190.86,175.12,0.8016980189778591,1.0,338.54,265.86,317.96999999999997,10.0,2925.01,237.08999999999997,210.66,784.07,2662.36,3726.4,1938.1,5778.33,2653.19,71.1,266.84,3318.11,241.61,3559.72,226.99,2066.96,-1152.9099999999999,15.409999999999997,1315.0500000000002,52.11000000000001,3.118069323892188,1.1,1.72,1.65,1.0,0.61,12.127504577992344,21.28143832195771,33.89482048720937,38.05393263414904,42.213044781088726,6.25,6.18,1.12,0.32,6,2003,218.43636363636367,218.43636363636367,360.42
2003-09-30,3347.66,67.51999999999998,0.1530457540776744,1.6148762145925297,174.76,114.89999999999998,161.49,14.96,3232.75,87.27000000000004,125.64,1041.25,1949.33,3199.37,1892.28,5206.6,2439.99,76.86,66.74,2803.23,382.99,3186.22,453.97,1874.63,467.52,-0.8599999999999994,-538.38,46.58999999999999,24.432889514218015,3.62,1.7,0.97,2.11,2.18,5.187777725849417,8.867186988830209,14.40838996120951,15.418176379866331,17.04645697995046,4.71,4.66,1.14,0.45,9,2003,712.4434301780692,441.17525773195877,427.94
2003-12-31,3495.09,213.7,0.4729349791160152,0.04988949065442491,413.59000000000003,346.30000000000007,383.3399999999999,12.4,3148.789999999999,303.97,75.94,766.79,3622.24,4673.77,1951.21,6715.2,3649.13,55.19,113.03,4115.96,205.99,4321.95,490.47,2218.75,-1152.75,-95.81000000000002,1204.8,37.03999999999999,6.553014974262986,2.74,1.95,1.42,2.11,1.49,12.735939155912973,22.301215634935474,38.52754815784552,42.05790786110592,51.02368929617854,5.12,5.06,1.14,0.26,12,2003,22.543023086975495,451.85915492957747,641.64
2004-03-31,3084.48,189.92,0.39,0.5,313.09,277.99,326.01,9.36,2806.49,233.12,263.02,601.55,1910.93,2848.93,2025.21,4942.56,1556.36,62.76,118.49,2353.18,244.81,2597.98,490.47,2158.45,2337.95,-99.71,-2049.61,48.02,6.0,2.13,1.2,0.39,0.5,1.28,15.36,24.079999999999995,35.2,38.24,42.96,6.25,6.16,1.21,0.4,3,2004,243.48717948717947,486.97435897435895,189.92
2004-06-30,3878.72,210.09,0.43067373315667107,0.0008637604572706406,403.46999999999997,320.03999999999996,371.29999999999995,9.92,3558.6800000000003,292.70000000000005,966.38,796.85,2572.0,4460.3,2044.54,6573.99,3217.32,95.15,119.86,3783.2,210.72,3993.91,490.63,2379.4,-631.7199999999998,-59.40000000000002,1379.7200000000003,51.26,5.759580417916132,2.05,1.68,0.82,0.5,0.61,12.77315267118322,20.336203594910128,35.31524611884703,37.7942461438464,45.02116147096323,5.81,5.74,1.18,0.5,6,2004,0.4213570981863768,487.8170731707317,400.01
2004-09-30,4312.69,-26.19999999999999,-0.053267702843690624,0.504105059241652,45.42000000000007,-20.16999999999996,35.48000000000002,9.76,4332.870000000001,-61.82000000000005,282.71,738.87,3025.38,4267.75,2030.86,6368.78,3287.76,97.28,267.31,3974.09,59.66,4033.75,490.63,2110.91,-484.51,-40.64999999999998,-164.88,55.650000000000006,-45.79885877862598,2.27,1.91,0.76,1.0,1.32,-1.6456916615392838,-2.7979561809475393,-4.965110617693479,-5.259484764987559,-6.764998261148709,3.35,3.32,1.07,0.31,9,2004,247.9467265725289,491.85526315789474,373.81
2004-12-31,4144.620000000001,19.350000000000023,0.03937328314172352,-0.0008246274451007248,141.04999999999995,55.27999999999997,115.56000000000006,8.24,4089.33,22.610000000000014,156.75,820.92,2394.47,3515.26,2006.21,5592.09,2709.02,78.44,218.32,3185.47,54.58,3240.04,496.58,2133.76,581.8599999999999,-35.150000000000006,-644.5799999999999,60.28,52.31974160206713,1.92,1.52,0.8,1.0,1.25,1.3839709024315816,2.0257554176416748,3.628248041509822,3.5573761318547197,5.179555397293727,2.58,2.55,1.1,0.35,12,2004,-0.4052631578947512,491.45,393.16
2005-03-31,3591.82,188.47,0.38,0.0,319.05,269.82,323.23,8.24,3322.0,217.07,204.38,710.02,1966.52,2953.43,2020.07,5040.35,1933.33,81.75,223.3,2518.3,57.49,2575.79,496.58,2248.76,872.75,-56.57,-769.02,53.41,5.42,1.82,1.15,0.38,0.0,0.0,14.959999999999999,21.64,33.52,34.2,42.8,5.33,5.25,1.17,0.39,3,2005,0.0,495.9736842105263,188.47
2005-06-30,3547.52,224.21,0.4509409227488611,0.15,421.05,341.76000000000005,399.53,8.72,3205.76,300.35999999999996,199.08,668.22,2834.72,3846.99,2068.14,5967.67,2578.34,117.82,175.8,3205.32,50.9,3256.22,497.56,2491.29,-443.53,-101.38,514.41,57.77000000000001,4.83616564827617,1.74,1.31,0.83,0.15,0.18,15.038608122516237,21.18879034603082,35.9883454492585,36.835897063099736,48.11485315498692,5.86,5.78,1.2,0.32,6,2005,74.58072289156627,497.20481927710847,412.68
2005-09-30,3465.2999999999993,85.57,0.1717410938283994,0.5003146555111565,242.88,157.66999999999996,213.22000000000003,9.6,3307.629999999999,112.49000000000001,125.09,764.82,3042.04,4081.95,2130.45,6265.79,3208.85,120.79,26.34,3657.01,44.32,3701.33,497.56,2335.24,-199.26000000000002,-113.68,230.98000000000002,55.54999999999998,13.974523781699194,2.05,1.58,1.0,0.65,0.65,5.461366783743101,8.367226091319619,14.659819769192172,15.39487165077772,20.25857942799799,4.76,4.7,1.12,0.28,9,2005,249.28177710843374,498.25,498.25
2005-12-31,3825.5,8.639999999999986,0.01738602063564084,-0.0016990865868334913,145.6199999999999,61.85000000000002,118.04999999999995,9.04,3763.6500000000015,9.270000000000095,101.55,745.51,3328.63,4316.95,2141.35,6512.31,3520.09,96.36,26.34,3903.06,37.74,3940.8,497.76,2346.3,-260.63,-62.70999999999998,297.85,56.20000000000002,129.94923032407428,1.92,1.68,1.02,0.65,0.64,0.5304440805697481,0.9361178954013677,1.4726982185484008,1.5429241058217735,2.171548067628082,3.56,3.51,1.11,0.25,12,2005,-0.8443627450980671,496.95098039215685,506.89
2006-03-31,3654.26,31.84,0.060000000000000005,0.0,156.93,81.27,139.11,7.88,3572.99,40.39,165.34,849.09,2696.02,3800.52,2103.15,5971.22,2953.52,123.73,26.34,3352.4,31.15,3383.55,497.76,2367.26,678.31,-40.55,-574.16,57.84,32.8325,1.66,1.43,0.06,0.0,0.0,2.12,5.92,5.4,5.52,12.4,0.88,0.87,1.13,0.33,3,2006,0.0,530.6666666666666,31.84
2006-06-30,3825.46,157.85,0.3162159312562602,0.2,338.09999999999997,247.52000000000004,315.7,5.68,3577.95,202.63,148.99,861.02,2506.38,3620.93,2062.4,5745.65,2646.73,119.89,26.34,3088.38,24.56,3112.94,499.61,2423.84,426.1700000000001,-19.28,-413.46000000000004,68.17999999999999,4.491392936331961,1.17,1.28,0.38,0.2,0.53,10.98434287521746,18.673382887869682,26.062849913015974,25.696705150508723,41.17464283831514,2.57,2.54,1.17,0.36,6,2006,99.83684210526316,499.1842105263158,189.69
2006-09-30,3831.8,183.53000000000003,0.3688106210813997,-0.0006259889045264365,426.0400000000001,310.60999999999996,369.34,6.0,3521.180000000001,272.36,268.24,850.28,2172.56,3382.61,2014.82,5460.35,2175.3,136.35,25.32,2749.55,19.0,2768.55,499.61,2481.63,609.1700000000001,-13.430000000000007,-478.06000000000006,58.730000000000004,4.067127989974391,1.21,1.12,0.75,0.2,0.27,13.45421145704946,21.459860671989716,29.58352928567601,30.488344676062376,46.401293606987835,3.34,3.3,1.23,0.44,9,2006,-0.31150877192980886,497.6266666666667,373.22
2006-12-31,4034.1499999999996,98.13999999999999,0.19571367956551253,0.25152364788413667,541.88,244.55000000000007,314.92999999999995,6.56,3789.5999999999985,376.72,637.25,884.22,3208.2,4801.17,1939.97,6822.9,3365.4,124.76,21.74,4015.79,16.0,4031.79,499.61,2568.86,-656.6200000000001,-27.47,1055.8600000000001,70.38,8.381120847768496,1.28,1.57,0.94,0.45,0.48,5.754815003394432,11.04324847250509,15.282323489477255,15.973567549219277,26.225633061778677,3.11,3.07,1.2,0.4,12,2006,126.12573049645391,501.44680851063833,471.36
2007-03-31,3679.45,159.24,0.32,0.0,452.62,291.52,354.39,6.84,3387.93,339.44,231.59,828.72,2360.77,3447.25,1907.31,5438.23,1743.46,123.5,22.15,2442.41,33.0,2475.41,499.61,2724.68,1237.84,-35.51,-1604.56,62.87,5.345,1.25,0.91,0.32,0.0,0.0,11.72,20.440000000000005,23.36,25.0,38.92,4.39,4.33,1.41,0.44,3,2007,0.0,497.625,159.24
2007-06-30,4121.66,251.12,0.5017993956525977,0.45,396.40999999999997,345.97,405.28,8.4,3775.69,236.69,213.57,976.42,2767.61,4139.39,1868.06,6087.75,2492.11,169.17,21.76,3076.61,26.8,3103.41,499.61,2748.89,-506.65999999999997,-9.590000000000003,501.1199999999999,59.31000000000001,4.183345014335776,1.53,1.13,0.82,0.45,0.55,16.498185008285407,26.362826786236475,36.54568281508919,38.8466166293011,51.81996685836826,5.34,5.26,1.35,0.45,6,2007,225.19756097560978,500.43902439024396,410.36
2007-09-30,4830.250000000001,297.87,0.47525959081089475,0.09069123885963734,544.31,470.0,529.4900000000001,12.08,4360.259999999999,391.04999999999995,251.4,1080.09,3953.14,5408.02,1870.17,7350.99,3397.44,149.54,27.24,4015.01,43.76,4058.77,499.61,3045.82,-832.0899999999999,-49.440000000000005,922.0,59.48999999999998,6.35426419243294,1.98,1.33,1.13,0.45,0.4,16.200884458438644,29.087569292461488,39.114284907445324,43.11824181409994,55.853516512997196,5.68,5.61,1.35,0.36,9,2007,56.84093459961147,626.7522123893806,708.23
2007-12-31,5824.239999999998,548.1600000000001,0.8769582693271992,0.498788691324991,915.4600000000003,848.76,908.3700000000001,13.5,4975.469999999999,790.0000000000001,444.3,1380.53,3549.28,5471.54,1874.62,7424.74,2776.27,125.94,30.06,3720.64,64.44,3785.08,624.51,3346.38,1133.6200000000001,-58.55999999999999,-875.76,59.610000000000014,3.8505823117338,2.52,1.13,2.01,0.95,0.47,29.52862471048003,47.92293348402964,65.5144545881454,74.13569608163071,92.16351483217791,6.89,6.81,1.47,0.52,12,2007,311.77767357900774,625.0696517412937,1256.39
2008-03-31,5857.63,584.55,0.94,0.0,972.9,930.52,985.44,18.1,4927.11,833.87,340.65,1139.31,4178.35,5714.74,1881.49,7676.34,2359.07,124.48,36.98,3371.91,76.12,3448.02,624.51,3918.86,397.78,-71.26,-421.73,54.92,4.815,2.88,0.88,0.94,0.0,0.0,30.44,56.76,59.68,70.4,86.48,10.15,9.98,1.69,0.46,3,2008,0.0,621.8617021276596,584.55
2008-06-30,6548.669999999999,608.73,0.974351619066774,0.8,1040.2600000000002,930.0,990.73,24.8,5618.670000000001,852.5600000000001,348.18,1263.18,4877.16,6613.88,1924.43,8617.85,3054.94,150.47,41.8,4140.08,74.37,4214.45,624.51,4062.27,-138.97999999999996,-62.86999999999999,191.36,60.730000000000004,6.36110196638904,3.81,1.04,1.91,0.8,0.42,28.26129827031376,51.62533185840708,59.930276548672566,71.50006436041835,84.78389481094128,9.76,9.62,1.6,0.42,6,2008,499.80314136125656,624.7539267015707,1193.28
2008-09-30,6678.98,476.6100000000001,0.7620554048470259,1.3008609025537283,842.1099999999999,684.9499999999998,736.1999999999998,17.8,5994.030000000001,709.5899999999999,197.94,1349.75,5596.87,7259.22,2144.6,9491.91,3811.71,124.61,38.8,5387.84,79.92,5467.76,624.51,3732.58,-650.12,-259.86,753.29,51.25,5.842390161767482,2.98,1.46,2.67,2.1,0.79,20.08172969477032,34.51226200528179,51.07769110540217,56.24939295402693,70.80550742863305,8.87,8.75,1.35,0.31,9,2008,813.5934878522269,625.4269662921349,1669.89
2008-12-31,4821.18,-920.2600000000001,-1.4731427504235424,-0.0024718261758200208,-564.0999999999999,-1061.5599999999997,-1007.6099999999999,8.65,5882.73,-600.69,358.43,919.73,3873.76,5310.1,2231.28,7624.23,3861.01,100.09,68.21,4499.39,39.56,4538.94,624.51,2815.25,1062.44,-128.55999999999995,-772.53,53.94999999999999,-1.468289477973616,1.92,1.61,1.2,2.1,1.75,-48.26997745554474,-96.83458346117418,-130.7659714792631,-119.47187705934928,-233.1984973920468,3.18,3.14,1.18,0.32,12,2008,-1.544129213483302,624.6916666666667,749.63
2009-03-31,5914.92,321.05,0.51,0.0,-235.11,371.67,426.99,8.85,5543.25,-338.25,248.61,1034.86,2949.46,4309.64,2297.16,6689.07,2682.0,89.89,67.92,3225.64,28.9,3254.54,624.51,3143.06,1191.82,-113.89,-1190.02,55.32,4.3375,1.76,1.04,0.51,0.0,0.0,19.2,20.68,40.84,36.36,42.92,6.17,5.43,1.34,0.42,3,2009,0.0,629.5098039215686,321.05
2009-06-30,5579.1,545.21,0.8748434650105049,0.0,764.67,662.6099999999999,718.8199999999999,13.9,4916.49,595.4,461.31,1056.7,3154.81,4837.61,2430.16,7352.28,1917.52,157.76,29.4,3333.89,58.47,3392.36,624.51,3675.43,436.58000000000015,-202.86,-14.900000000000091,56.21,3.9721391757304523,2.36,0.92,1.39,0.0,0.0,29.65656408006834,32.6020802068663,59.33830351164778,56.36761203333872,64.8013547895551,8.09,7.54,1.45,0.5,6,2009,0.0,623.2086330935252,866.26
2009-09-30,5023.25,456.49,0.7316263844263845,0.9499999999999998,674.1200000000001,687.01,744.4000000000001,16.9,4336.24,539.5400000000001,304.78,922.26,5551.42,6941.68,2682.45,9710.82,2341.07,1026.01,26.8,5823.28,53.12,5876.4,624.51,3534.65,-673.6200000000001,-307.4,827.8900000000001,57.389999999999986,5.773575269994961,2.99,1.66,2.12,0.95,0.45,18.80141765261765,24.75105862785863,51.65558359478359,50.24754791154791,61.125313778113785,8.15,8.01,1.19,0.24,9,2009,592.7417452830188,623.938679245283,1322.75
2009-12-31,6343.130000000001,301.77,0.47368668899120964,0.01957658233096684,530.9199999999998,430.59000000000015,488.25,17.8,5912.529999999999,436.44000000000005,209.24,1146.14,4741.78,6164.66,2930.1,9179.71,1227.57,1126.06,21.58,3963.38,51.89,4015.27,692.5,4857.12,1190.51,-307.08000000000004,-978.21,57.660000000000025,9.393867514994865,2.54,0.83,2.55,0.95,0.37,13.151771600226528,19.029201733435105,24.854619210597594,31.467656907886635,30.65031517001945,7.22,7.11,1.56,0.36,12,2009,12.471588050314608,637.0666666666667,1624.52
2010-03-31,5020.75,271.41,0.38999999999999996,0.7999999999999999,444.51,399.57,456.79,17.7,4621.19,321.09,468.81,1025.02,2889.09,4438.21,3070.32,7593.64,314.21,991.19,26.38,2042.28,69.14,2111.43,697.09,5188.8,2203.13,-207.24,-1732.11,57.22,11.345,2.38,0.41,0.39,0.8,2.05,14.28,22.4,20.92,26.04,28.8,5.51,5.41,2.17,0.76,3,2010,556.7384615384616,695.923076923077,271.41
2010-06-30,5294.469999999999,353.23999999999995,0.5032956055391019,0.006760216490465395,503.32000000000005,490.00000000000006,564.97,19.9,4804.46,358.89000000000004,422.65,1002.07,4014.37,5469.21,3144.35,8697.82,709.41,140.5,28.06,3023.64,82.42,3106.06,704.91,5292.35,-1669.9700000000003,-136.93,1759.9099999999999,74.97,9.885045578077229,2.65,0.59,0.89,0.8,0.9,16.2411795405427,25.06299015448651,26.691632113983832,31.509697910830063,35.46820267349715,6.21,6.06,1.81,0.48,6,2010,4.744684528954167,701.8539325842696,624.65
2010-09-30,5169.640000000001,329.62,0.4628572626195941,0.6115570899951405,460.87,431.7299999999999,517.79,23.8,4737.91,306.6,377.51,1244.42,2646.42,4301.12,3109.51,7498.13,194.0,152.14,30.38,1825.97,110.42,1936.39,739.39,5272.62,1456.77,-63.870000000000005,-1429.6699999999998,86.06,12.854070748134216,3.34,0.37,1.34,1.4,1.04,17.588575979544576,21.22235090697601,25.00810881616314,29.94064740587046,32.178942228090584,6.33,6.16,2.36,0.91,9,2010,435.5153613952706,712.141791044776,954.27
2010-12-31,5788.07,570.6700000000001,0.7896138208716409,0.020492051656938595,898.6400000000001,723.0800000000002,810.8999999999999,32.5,5064.99,718.9399999999999,302.9,1367.2,5629.53,7336.66,2982.1,10405.71,0.0,1269.37,38.14,4072.01,110.12,4182.13,751.57,5967.6,-1135.13,-84.34999999999997,1144.4399999999998,87.82,10.287940491001804,4.09,0.7,2.11,1.4,0.66,21.929559195771642,31.255235222369407,38.24574999672119,42.18259236428975,48.31987514262857,7.36,7.17,1.8,0.42,12,2010,14.810023343000921,722.7203791469195,1524.94
2011-03-31,5371.02,391.78,0.51,0.9,558.39,580.55,663.19,26.75,4790.46,383.26,882.95,1285.58,5138.66,7352.5,2783.07,10212.04,1780.44,169.84,38.88,3623.74,131.21,3754.95,765.4,6326.55,10.82,97.19,468.4,82.64,13.1125,3.24,0.59,0.51,0.9,1.76,15.36,26.08,24.76,27.2,35.24,7.61,7.29,2.03,0.61,3,2011,691.3764705882353,768.1960784313725,391.78
2011-06-30,6436.4,232.45000000000005,0.3016268042228026,0.00287083098141611,517.9699999999999,289.69000000000005,368.49,24.9,6146.72,347.76,420.56,1437.38,5500.16,7394.01,2735.28,10207.91,1142.86,184.27,45.52,4015.73,141.64,4157.38,768.75,5925.14,-375.84,-20.89,-65.65999999999997,78.8,20.63758894385889,3.23,0.7,0.81,0.9,1.11,9.115832305400255,13.718433910577835,15.699488970411547,16.57830286913478,20.92768691027346,5.35,5.29,1.84,0.47,6,2011,2.212418300653553,770.6543209876543,624.23
2011-09-30,6419.1799999999985,50.319999999999936,0.0656461344600103,0.5951623716222337,164.46000000000004,61.210000000000036,141.79999999999995,17.5,6357.970000000001,47.24000000000001,598.65,1294.6,4155.56,6106.38,2758.1,8940.6,500.0,1303.5,47.71,3157.07,131.63,3288.7,774.93,5526.2,2562.48,-91.42,-2292.98,80.59,66.65739020270279,2.45,0.6,0.88,1.5,1.7,2.2498720628567166,3.3807759246905302,3.6433604625305716,3.726910088206948,4.80708739159439,3.73,3.7,1.93,0.62,9,2011,456.2122474747474,766.5340909090909,674.55
2011-12-31,5431.200000000001,50.75,0.06577278367572038,0.009839972174523622,290.25,98.22000000000003,178.71000000000004,17.3,5332.98,132.73000000000002,169.08,1510.31,5718.97,7408.72,2736.22,10296.7,1664.81,1407.34,53.04,4362.41,146.19,4508.61,776.79,5654.36,-1786.95,-57.42000000000001,1414.81,80.48999999999998,65.7414778325123,2.38,0.8,0.94,1.5,1.6,1.9703846684130708,2.7848476492485865,3.5909141045084794,3.492954639459534,4.855990624569145,3.09,3.07,1.7,0.39,12,2011,7.592480657640408,771.5957446808511,725.3
2012-03-31,5741.3,301.22,0.38,0.3,465.55,352.9,434.04,20.0,5388.39,326.76,135.35,1467.36,4187.09,5806.83,2766.42,8725.6,0.0,1516.91,54.48,2427.09,134.24,2561.33,785.34,6017.64,2073.2,-109.86,-1997.06,81.14,13.1575,2.61,0.43,0.38,0.3,0.79,13.800000000000002,14.92,20.040000000000003,19.52,22.4,5.27,5.25,2.39,0.67,3,2012,237.80526315789473,792.6842105263158,301.22
2012-06-30,7160.19,551.0,0.6982703996620591,-0.0013654739510059913,838.71,661.46,742.47,21.8,6498.739999999999,612.2,119.08,1656.23,5661.45,7449.51,2766.37,10369.14,0.0,1698.72,56.36,3581.22,156.74,3737.96,808.61,6482.44,-790.4199999999998,-66.48,840.6099999999999,81.01,7.8068610707804,2.72,0.58,1.08,0.3,0.28,21.258454389711577,25.499800520992228,34.00835465020769,35.53420478280256,38.637628781300606,6.64,6.61,2.08,0.5,6,2012,-1.0774853801169684,789.0925925925926,852.22
2012-09-30,7200.780000000001,687.3199999999999,0.8616389311092923,0.803233036419248,926.6499999999999,830.64,913.97,24.1,6370.140000000001,764.6399999999999,120.77,1896.12,6623.68,8687.05,2750.63,11593.71,0.0,1875.44,53.38,4771.92,146.8,4918.72,808.61,6525.55,-176.82999999999993,-91.53999999999999,270.07000000000005,83.32999999999998,6.994141957166968,2.99,0.75,1.93,1.1,0.57,23.715160632396685,32.09046962079582,42.12655416552996,45.626683295010196,48.30535354716344,7.71,7.66,1.82,0.43,9,2012,640.7302533103052,797.6891191709844,1539.54
2012-12-31,7369.27,235.76999999999998,0.29482704429085627,0.0027511651398661277,707.1100000000001,308.3800000000001,394.1700000000001,24.1,7060.880000000001,515.4900000000002,115.18,1622.22,7275.57,9033.47,2760.04,12029.86,0.0,394.84,72.39,4990.63,114.86,5105.49,808.61,6762.85,-1605.98,-54.51999999999998,1654.9099999999999,85.78999999999999,20.443511260974677,2.88,0.75,2.22,1.1,0.5,7.840805718437907,10.247231863730839,13.944522365108066,15.187576930226268,16.2500167294726,6.49,6.46,1.81,0.35,12,2012,2.2000770200251054,799.689189189189,1775.31
2013-03-31,6736.28,65.56,0.08,1.0,121.62,112.67,198.3,23.8,6623.6,-22.42,107.54,1782.35,5025.64,7296.46,2725.06,10257.29,0.0,2634.6,64.01,3089.93,109.31,3199.24,808.61,6885.52,4570.67,-392.18,-4186.13,85.63,74.375,2.79,0.46,0.08,1.0,12.5,2.56,4.76,3.8,4.08,6.28,0.97,0.97,2.36,0.73,3,2013,819.5,819.5,65.56
2013-06-30,5948.340000000001,228.12,0.27963497684554617,-0.004562789430672779,613.67,232.21999999999997,309.28999999999996,18.4,5716.129999999999,475.66,170.24,1415.89,5073.38,6701.26,2681.08,9630.12,405.21,382.29,128.8,3082.61,104.31,3186.92,808.61,6303.82,-1719.0100000000002,330.48,1451.2200000000003,77.07,16.449658951429072,2.36,0.51,0.36,1.0,2.78,9.47651865976573,10.71934077907927,14.478877690002724,14.261383819122853,16.374181421955868,2.36,2.32,2.17,0.53,6,2013,-3.7222222222221717,815.7777777777778,293.68
2013-09-30,6166.949999999999,219.42000000000002,0.2694106412005457,0.2983628922237381,488.85000000000014,276.18000000000006,355.26000000000005,18.1,5890.77,358.03999999999996,77.52,1662.92,5028.14,6806.86,2636.9,9667.5,30.0,1720.19,60.08,3088.7,156.62,3245.31,808.61,6278.44,1353.58,-24.659999999999997,-1421.63,79.08000000000001,16.79582877586364,2.33,0.52,0.63,1.3,2.06,9.08298733190411,9.98957552134087,13.975142467355292,13.70145546677061,16.1475330344962,2.76,2.72,2.2,0.58,9,2013,243.0,814.4444444444445,513.1
2013-12-31,7190.689999999999,446.02,0.5533862290432896,-0.013647463878926024,632.7199999999998,514.34,599.0300000000001,18.5,6676.3499999999985,446.68000000000006,112.45,1773.87,6109.18,8116.45,2562.77,10911.46,25.0,528.85,57.28,3893.99,143.73,4037.72,808.61,6723.61,-1944.5899999999997,-33.64,2013.1599999999999,84.69000000000003,8.35966772790458,2.22,0.6,1.19,1.3,1.09,16.350470431228622,18.415205605138045,26.52533655851197,26.4509316873801,30.096770372841767,3.72,3.68,2.08,0.52,12,2013,-10.999626517273555,805.983193277311,959.12
2014-03-31,6707.61,519.07,0.64,0.7,874.48,599.9,688.86,22.7,6107.71,647.18,102.44,1826.14,5860.37,8058.89,2506.1,10799.47,25.0,1638.99,49.47,3272.17,126.25,3398.43,808.61,7241.76,2122.73,-240.09,-1892.65,88.96,8.8675,2.53,0.47,0.64,0.7,1.09,19.24,22.8,28.68,29.4,31.88,7.75,7.74,2.46,0.67,3,2014,567.7328125,811.0468750000001,519.07
2014-06-30,6340.96,490.31999999999994,0.6071984069586581,-0.0030642423889676996,768.8799999999999,570.9,657.5400000000001,22.5,5770.05,550.07,634.28,1499.68,6013.58,8196.7,2445.27,10857.46,40.0,1665.6,41.07,3410.25,121.75,3532.0,808.61,7167.54,708.1999999999998,218.1,-394.46000000000004,86.64,9.263858296622615,2.54,0.49,1.25,0.7,0.56,18.070224591089666,22.20888893291988,27.3579314239293,29.12609318499291,30.54450866364834,7.75,7.74,2.4,0.64,6,2014,-2.474412500000085,807.512,1009.39
2014-09-30,6538.010000000002,255.2700000000001,0.3148840004428069,0.902735040247972,483.6500000000003,299.29999999999995,386.0999999999999,22.9,6238.730000000001,277.56999999999994,708.95,1338.64,5236.6,7388.72,2388.93,9982.74,0.0,1518.86,33.74,2826.87,117.96,2944.83,808.61,6725.1,1015.2800000000002,-57.05000000000001,-883.56,86.79999999999998,18.181933638892147,2.75,0.44,1.56,1.6,1.03,10.229693040026572,12.0786272990369,15.187097559818454,15.703830278493829,16.583890689987825,6.47,6.46,2.61,0.76,9,2014,731.8287794871796,810.6794871794872,1264.66
2014-12-31,6144.4699999999975,414.79999999999995,0.5137270313076822,-0.006433814043402989,798.9499999999998,483.18000000000006,569.8299999999999,21.3,5661.279999999999,491.74,252.5,1258.59,6185.5,7748.98,2341.43,10303.15,0.0,415.65,26.57,2722.68,113.26,2835.94,808.61,7139.74,-1381.71,25.31000000000001,899.9500000000003,86.65000000000003,10.365037608486018,2.41,0.4,2.08,1.6,0.77,16.1033665582985,18.18791278148929,23.23626880068593,23.937703785740652,25.459126147690327,6.54,6.53,2.85,0.57,12,2014,-5.194871794871915,807.4326923076923,1679.46
2015-03-31,6973.45,497.51,0.62,0.85,803.66,599.44,684.6,21.6,6374.02,548.9,240.16,1390.34,4571.32,6951.45,2300.2,9449.25,0.0,420.58,24.4,1358.43,108.48,1466.91,808.61,7636.81,2144.64,-727.64,-1429.34,85.16,8.71,2.29,0.19,0.62,0.85,1.37,21.08,23.68,26.04,26.76,29.64,7.19,7.13,5.12,1.75,3,2015,682.0701612903225,802.4354838709677,497.51
2015-06-30,6361.410000000001,549.54,0.6770513347022588,0.009667152414386997,851.13,646.1199999999999,732.12,22.5,5715.279999999999,573.2700000000001,268.47,1339.72,5214.04,7242.74,2244.71,9663.92,0.0,1366.06,23.56,1721.81,105.38,1827.19,808.61,7496.54,923.2600000000002,347.77,-1242.7300000000002,86.0,8.307198748043819,2.43,0.24,1.29,0.85,0.66,22.736328542094455,25.48652156057495,29.328394250513348,29.97920328542094,32.918340862422994,7.93,7.85,4.21,1.18,6,2015,7.846505376344112,811.6666666666666,1047.05
2015-09-30,6654.43,659.1500000000001,0.8151485757824406,0.9968033251279649,823.04,785.97,871.7699999999998,28.5,5868.459999999999,516.75,239.1,1319.02,6177.91,8171.71,2187.79,10529.04,0.0,2498.83,0.0,2768.51,80.3,2848.8,808.61,7344.87,864.21,58.670000000000016,-952.25,85.79999999999998,8.742608662671621,3.14,0.39,2.11,1.85,0.88,25.03394678232329,30.61249912085336,35.89744344156606,37.47365490563826,40.45609424451999,8.71,8.54,2.95,0.72,9,2015,806.0406793048975,808.6255924170616,1706.2
2015-12-31,6668.379999999997,196.38999999999987,0.24257275608512593,0.0022557340082856605,655.3200000000002,229.73000000000025,315.6300000000001,22.4,6438.6500000000015,266.78,252.23,1489.21,5324.04,8053.33,2188.76,10411.53,0.0,2181.34,0.0,2444.29,76.89,2521.18,808.61,7539.63,758.19,-703.94,-41.10999999999967,85.90000000000003,23.08121938489741,2.4,0.33,2.35,1.85,0.79,7.543496602000426,9.013384281426891,10.417209593238685,10.70210355357696,11.71781245565255,7.23,7.14,3.29,1.12,12,2015,1.8262710497124317,809.6127659574468,1902.59
2016-03-31,7013.96,468.62,0.58,0.9,855.84,558.18,641.08,23.4,6455.77,510.98,230.26,1640.3,4864.08,8654.99,2160.58,10974.69,0.0,2236.24,0.0,2520.28,77.78,2598.06,808.61,8010.6,935.85,-957.78,-0.04,82.9,10.085,2.36,0.32,0.58,0.9,1.55,17.08,21.88,23.4,23.96,26.4,6.73,6.68,3.43,1.5,3,2016,727.1689655172415,807.9655172413794,468.62
2016-06-30,6693.509999999999,799.88,0.9899973196689003,-4.1591344652504665e-06,1251.71,950.42,1032.5,32.0,5743.1,937.19,207.97,1410.15,4624.52,8081.37,2131.54,10369.19,0.0,1517.18,0.0,1851.9,80.56,1932.46,808.61,8082.34,676.15,54.610000000000014,-753.0500000000001,82.07999999999998,8.079971370705605,3.2,0.24,1.57,0.9,0.57,30.847559795033504,37.985629641308634,39.574669925108395,41.0628187623177,44.669687977926685,9.29,9.25,4.36,1.87,6,2016,-0.003360421700108418,807.9617834394904,1268.5
2016-09-30,7536.230000000001,1055.83,1.3037013246828117,1.2521217784805925,1518.6499999999996,1256.92,1340.0300000000002,30.5,6279.319999999998,1239.0699999999997,228.54,1424.82,6078.74,10167.09,2132.18,12446.05,0.0,3507.44,0.0,3878.99,83.18,3962.18,808.61,8128.52,1686.52,-641.2400000000001,-1024.71,83.11000000000001,5.8502855336559865,3.03,0.49,2.87,2.15,0.75,33.94165957501732,43.735318306780876,51.948182400949946,54.58284013027409,58.65293207074727,10.98,10.94,2.62,1.05,9,2016,1014.05721720411,809.8710801393728,2324.33
2016-12-31,7103.209999999999,430.28999999999996,0.532664723264915,-0.005495067937433166,891.3100000000004,521.2400000000002,605.98,40.5,6581.970000000001,495.98,296.34,1464.2,5785.22,8450.35,2491.94,11083.06,0.0,1704.84,0.0,2061.95,105.36,2167.31,808.61,8542.63,-1031.81,1099.98,-0.37000000000011823,84.73999999999998,19.01327337377118,3.83,0.25,3.41,2.15,0.63,15.5269423731767,19.107199105502755,20.150659619112616,21.406561195373587,22.762435036411553,9.75,9.72,4.1,1.29,12,2016,-4.4389513319097205,807.8064516129032,2754.62
2017-03-31,6106.39,263.23,0.33,1.5,622.97,322.82,407.76,33.5,5783.58,318.16,323.74,1398.86,7041.06,11162.58,2452.98,13760.75,0.0,3566.93,0.0,4459.46,106.7,4566.16,808.61,8807.09,1103.33,-1519.5,443.58,84.94,25.38,3.08,0.52,0.33,1.5,4.55,7.64,10.44,11.96,12.52,13.88,4.32,4.31,2.5,0.92,3,2017,1196.5,797.6666666666666,263.23
2017-06-30,6287.679999999999,207.89,0.25593521820343007,0.02697826456104613,500.72,249.82,330.31000000000006,30.25,6037.84,174.07999999999998,288.37,1287.57,6562.51,8822.35,2456.95,11416.07,0.0,1577.91,0.0,3136.09,110.41,3246.5,808.61,7801.67,-1414.8899999999999,1654.78,-275.26,80.49000000000001,29.551228053297415,3.14,0.42,0.58,1.5,2.59,7.289741042621837,9.284270674138224,10.66102564102564,10.466867889285107,12.214287654949906,3.83,3.8,2.81,0.72,6,2017,21.91379310344837,812.2758620689656,471.12
2017-09-30,6182.3499999999985,342.66999999999996,0.4252899396650241,0.5678188094785105,626.1099999999999,401.87,481.7499999999999,28.75,5780.49,324.21000000000004,267.07,1213.39,6278.83,9069.32,2517.26,11724.95,0.0,2495.28,0.0,3574.4,112.3,3686.7,808.61,7675.35,1668.24,-747.5899999999999,-941.96,79.88,16.90299800099221,3.03,0.48,1.01,2.08,2.06,11.689157153565416,13.575591737426116,17.85375588296735,17.34846090514752,20.144426449083916,4.42,4.38,2.54,0.78,9,2017,457.5101672925912,805.7326732673267,813.79
