,revenue,net_profit,eps,dps,gross_profit,ebit,ebitda,close_price,expense,operating_profit,cash,account_receivable,inventory,current_asset,property_plant_equipment,total_asset,short_term_loan,account_payable,current_portion_long_term_debt,current_liability,non_current_liability,total_liability,paid_in_capital,total_equity,cash_flow_operation,cash_flow_investment,cash_flow_financing,depreciation,P/E,P/BV,D/E,EPS,DPS,DPR%,ROA%,ROAA%,ROE%,ROAE%,ROCE%,NPM%,NPMA%,CurrentRatio,QuickRatio,month,year,dividend,number_of_shares,return_old
2005-09-30,,,,,,,,,,,19.47,257.31,322.38,628.42,17.44,765.55,285.38,141.33,0.0,485.93,0.0,485.93,180.0,279.62,,,,,,0.0,1.74,0.43,0.0,0.0,,,,,,3.59,3.5,1.29,0.63,9,2005,,181.34883720930233,77.98
2005-12-31,680.77,25.47999999999999,0.13545331529093366,0.0,59.5,37.650000000000006,39.94999999999999,0.39,643.1199999999999,22.279999999999987,121.23,275.85,435.48,867.58,20.96,1022.78,332.43,109.74,0.0,497.42,0.0,497.42,240.0,525.36,-145.21,-20.380000000000003,267.34000000000003,2.3,0.7105769230769233,0.18,0.95,0.55,0.0,0.0,9.969364005412716,0.0,19.3969147496617,0.0,30.321840324763187,3.65,3.55,1.74,0.87,12,2005,0.0,188.1090909090909,103.46
2006-03-31,726.4,28.72,0.12,0.25,59.7,44.37,46.6,0.57,682.03,19.25,60.66,343.16,473.51,927.39,25.4,1086.67,406.16,74.02,0.0,592.6,0.0,592.6,240.0,494.07,-128.64,-5.69,73.76,2.23,1.1875,0.28,1.2,0.12,0.25,2.08,10.56,0.0,23.24,0.0,35.92,4.1,3.95,1.56,0.77,3,2006,59.833333333333336,239.33333333333334,28.72
2006-06-30,800.37,28.86,0.12029176797499132,0.0006078499478985561,71.77,46.38,48.99,1.1,753.99,26.340000000000003,50.97,347.25,490.09,937.5,27.07,1145.7,435.2,138.41,0.0,622.76,0.0,622.76,240.0,522.94,72.22999999999999,-50.93,-30.990000000000002,2.61,2.2844455994455997,0.5,1.19,0.24,0.25,1.04,10.08445988190344,0.0,22.073539423410907,0.0,34.78436957276833,3.89,3.77,1.51,0.72,6,2006,0.1458333333333286,239.91666666666666,57.58
2006-09-30,943.44,30.53,0.1282045170809216,-0.0018702947073733548,69.77000000000001,48.69999999999999,51.81999999999999,1.05,894.7400000000002,29.53,38.24,380.41,509.88,964.77,26.36,1190.06,527.84,67.38,0.0,636.6,0.0,636.6,240.0,553.46,-85.81,-19.56000000000001,92.63999999999999,3.12,2.04906976744186,0.46,1.15,0.37,0.25,0.68,10.256361366473728,19.764285552150724,22.06503688571104,29.31378958120531,34.9270684371808,3.67,3.57,1.52,0.71,9,2006,-0.44538288288288186,238.13513513513513,88.11
2006-12-31,1014.3299999999999,36.3,0.15172413793103448,0.0011649580615097617,75.44999999999999,57.01000000000002,60.58000000000001,1.78,957.31,33.17999999999999,98.95,295.82,538.53,971.71,27.58,1213.22,541.4,49.02,0.34,622.37,1.08,623.45,240.0,589.77,65.36,-18.099999999999994,14.200000000000017,3.5699999999999994,2.930318181818182,0.72,1.06,0.52,0.25,0.48,11.96286472148541,20.506100795755966,24.614323607427053,26.038196286472147,38.80636604774536,3.67,3.57,1.56,0.7,12,2006,0.27871621621621046,239.24999999999997,124.41
2007-03-31,1631.39,75.26,0.31,0.3,124.59,123.37,127.05,1.66,1508.01,68.84,162.1,451.29,1147.93,1811.93,31.81,2226.46,1259.82,234.01,0.35,1560.44,0.99,1561.43,240.0,665.03,-478.17,-177.01,718.33,3.68,1.3375,0.6,2.35,0.31,0.3,0.97,13.52,29.8,45.279999999999994,51.96,74.08,4.78,4.61,1.16,0.43,3,2007,72.83225806451613,242.7741935483871,75.26
2007-06-30,1273.82,51.97,0.2164906075611098,-0.0033961862311840474,140.85,108.38999999999999,112.31000000000002,1.65,1165.45,70.19,133.55,508.14,1248.62,1928.31,32.04,2386.79,1608.04,48.83,0.35,1740.88,0.9,1741.78,240.0,645.0,-256.71,-47.93000000000001,276.0899999999999,3.9199999999999995,1.903431306522994,0.61,2.7,0.53,0.3,0.57,8.708641043778982,21.436654876994417,32.23667688438261,35.602493122691186,58.624022636170714,4.53,4.38,1.11,0.39,6,2007,-0.8152769324406535,240.0566037735849,127.23
2007-09-30,888.0700000000002,-9.38000000000001,-0.039000424268137504,0.0005657975840731072,40.629999999999995,1.170000000000016,4.819999999999993,1.35,886.8800000000001,-29.14,38.33,468.34,917.93,1448.72,30.97,1776.31,1058.35,36.98,0.43,1139.81,0.88,1140.69,240.0,635.62,327.18,127.21,-549.6099999999999,3.6500000000000004,-8.66913646055436,0.51,1.79,0.49,0.3,0.61,-2.1107984726347073,-4.998421722528644,-5.9025948239287285,-6.310109461179472,-11.65237165888843,3.21,3.11,1.27,0.47,9,2007,0.13608009241431773,240.51020408163265,117.85
2007-12-31,773.2899999999995,-23.019999999999996,-0.09710007381630284,-0.004346983969165039,17.220000000000027,-14.080000000000013,-10.560000000000002,1.42,787.3800000000001,-39.28,52.7,418.16,971.67,1464.53,29.9,1812.4,1035.11,137.81,0.45,1199.04,0.77,1199.8,240.0,612.6,61.829999999999984,-23.53,-23.930000000000007,3.5199999999999996,-3.6560219374457,0.56,1.96,0.4,0.3,0.75,-5.07833386059264,-14.050380681219021,-15.03109142676368,-15.312681640830958,-34.645306337656855,2.15,2.08,1.22,0.41,12,2007,-1.0305612244898015,237.075,94.83
2008-03-31,920.03,4.64,0.02,0.0,32.21,26.34,30.02,1.13,893.7,-1.51,57.69,527.2,697.54,1327.51,31.4,1764.16,1091.59,17.68,35.31,1144.58,2.34,1146.92,240.0,617.24,39.0,-90.17,56.16,3.68,14.125,0.44,1.86,0.02,0.0,0.0,1.04,5.28,3.0,2.88,17.0,0.52,0.5,1.16,0.55,3,2008,0.0,231.99999999999997,4.64
2008-06-30,858.1200000000001,21.5,0.008224942616679418,0.15,76.15,48.25,52.790000000000006,1.49,809.8599999999999,28.51,67.54,500.9,725.29,1398.12,29.26,1769.75,1128.03,7.13,29.77,1164.93,2.07,1167.0,240.0,602.74,-48.83,60.400000000000006,-1.7199999999999989,4.540000000000001,45.28906976744186,0.59,1.94,0.01,0.15,15.0,4.869166029074216,11.811017597551643,14.27850038255547,13.785003825554705,40.56541698546289,1.51,1.47,1.2,0.58,6,2008,392.09999999999997,2614.0,26.14
2008-09-30,825.1700000000001,24.299999999999997,0.009635210150674067,-0.005471847739888959,88.82000000000001,50.36999999999999,56.25999999999999,1.35,774.8000000000002,33.78,60.48,566.33,777.25,1525.77,27.85,1930.28,1206.27,30.91,28.0,1290.65,12.58,1303.23,240.0,627.04,-85.67,-37.35000000000001,115.96000000000001,5.889999999999999,35.02777777777778,0.52,2.08,0.02,0.15,7.5,5.029579698651863,12.988263283108642,15.493417922283898,15.397065820777161,37.654401268834256,1.99,1.94,1.18,0.58,9,2008,-13.799999999999955,2522.0,50.44
2008-12-31,730.5699999999997,-35.42,-0.023581890812250334,-0.10186418109187752,23.169999999999987,-20.559999999999988,-15.289999999999992,1.31,751.1299999999997,-34.92,57.73,592.48,717.22,1522.3,28.68,1939.48,1263.04,35.92,27.99,1342.27,5.59,1347.87,240.0,591.62,-36.78999999999999,-17.25,51.29999999999998,5.27,-13.88777526821005,0.53,2.28,0.01,0.15,15.0,-7.263222370173104,-52.54045272969375,-23.95920106524634,-23.487563249001337,-164.88458055925435,0.46,0.45,1.13,0.6,12,2008,-153.00000000000003,1502.0,15.02
2009-03-31,814.12,28.32,0.01,0.0,106.71,60.06,65.34,1.21,754.06,51.13,55.42,511.01,754.43,1385.36,29.17,1778.43,1067.19,35.75,25.23,1157.14,1.35,1158.49,240.0,619.94,180.61,19.96,-202.88,5.28,30.250000000000004,0.47,1.87,0.01,0.0,0.0,6.36,13.56,18.28,18.32,38.68,3.52,3.48,1.2,0.55,3,2009,0.0,2832.0,28.32
2009-06-30,844.8100000000001,27.42,0.009838536060279872,0.01,104.54,56.06999999999999,61.50999999999999,1.15,788.74,53.88999999999999,69.68,464.92,774.04,1424.44,30.31,1823.34,1121.85,22.02,18.47,1198.88,1.1,1199.98,240.0,623.36,1.089999999999975,-10.430000000000001,23.590000000000003,5.44,29.221827133479213,0.44,1.93,0.02,0.01,0.5,6.021184068891281,12.711388589881594,17.591302475780406,17.886458557588806,36.599354144241126,3.4,3.36,1.19,0.54,6,2009,27.87,2787.0,55.74
2009-09-30,925.4799999999998,64.96000000000001,0.02690969345484673,-0.0015451532725766365,96.95999999999998,100.43,106.03,1.44,825.05,47.16000000000001,42.57,524.2,750.55,1436.27,31.57,1828.1,1041.63,15.76,28.39,1126.81,12.98,1139.79,240.0,688.31,29.29000000000002,3.84,-60.23000000000002,5.6,13.37807881773399,0.5,1.66,0.05,0.01,0.2,14.208318144159072,24.799973487986744,37.75968185584093,39.503429991715,66.47770671085335,4.81,4.67,1.27,0.61,9,2009,-3.7300000000000004,2414.0,120.7
2009-12-31,1062.5900000000001,22.35000000000001,0.0093743446347431,-0.00012513107305138005,97.64000000000004,49.06999999999999,54.45999999999998,1.21,1013.5100000000002,43.76999999999998,93.55,596.15,884.54,1810.56,30.71,2278.06,1453.84,37.62,28.57,1560.83,6.56,1567.39,240.0,710.67,-275.08000000000004,-79.01,405.06,5.390000000000001,32.27425615212527,0.41,2.21,0.06,0.01,0.17,3.924725620412444,7.874449493184204,12.58037049982524,13.730290108353726,23.148381684725628,4.01,3.92,1.16,0.59,12,2009,-0.298333333333332,2384.166666666667,143.05
2010-03-31,962.11,22.01,0.01,0.03,90.75,51.49,56.99,1.1,910.62,45.38,69.62,574.03,886.94,1736.72,29.8,2235.54,1399.73,28.73,25.87,1500.16,2.7,1502.87,240.0,732.68,73.1,-35.48,-61.54,5.5,27.500000000000004,0.36,2.05,0.01,0.03,2.5,3.92,10.28,12.0,13.000000000000002,28.0,2.31,2.29,1.16,0.57,3,2010,66.03,2201.0,22.01
2010-06-30,969.83,34.44,0.01220194862710363,0.006605845881310893,101.12,63.63,69.15,0.89,906.1899999999999,58.18999999999999,65.81,557.43,896.72,1746.53,26.79,2251.11,1445.63,29.45,19.03,1538.21,5.79,1544.0,240.0,707.12,28.090000000000003,-10.540000000000006,-21.369999999999997,5.52,18.234792392566785,0.3,2.18,0.02,0.03,1.25,6.125378210806022,13.788201948627103,19.474310008857394,20.71890876882196,39.41229406554473,2.95,2.92,1.14,0.55,6,2010,18.644999999999996,2822.5,56.45
2010-09-30,960.0099999999998,29.929999999999993,0.01385968974299606,-0.009210465385505904,88.99000000000001,60.22999999999999,65.01,0.69,899.79,47.400000000000006,98.42,583.48,898.45,1797.07,23.95,2223.02,1377.68,26.12,28.02,1465.28,20.69,1485.97,240.0,737.05,4.460000000000008,74.26,-46.099999999999994,4.780000000000001,12.446166054126296,0.22,2.02,0.04,0.03,0.63,5.391419310025468,12.00249131743459,16.243556378791386,16.797943968511227,32.07132206529288,3.02,2.99,1.23,0.61,9,2010,-19.89,2159.5,86.38
2010-12-31,1025.19,15.010000000000005,0.0059216885294407755,0.004441266397080583,78.41999999999996,42.420000000000016,47.75,0.49,982.77,34.19999999999999,102.74,594.36,920.3,1857.09,21.21,2344.87,1474.76,39.27,27.8,1573.0,19.82,1592.81,240.0,752.06,-19.230000000000004,-66.32,89.85999999999999,5.329999999999998,20.68666722185209,0.16,2.12,0.04,0.03,0.63,2.5581694447184153,5.578230594733211,7.9824361376861654,8.207460301804915,16.705083341552427,2.62,2.59,1.18,0.6,12,2010,11.257500000000007,2534.75,101.39
2011-03-31,947.95,10.31,0.0,,69.76,36.27,40.87,0.38,911.68,25.36,109.79,558.18,860.41,1723.04,18.83,2312.05,1400.59,29.01,28.25,1487.5,63.69,1551.19,240.0,760.86,146.73,-59.02,-80.6,4.6,0.0,0.12,2.04,0.0,0.02,0.0,1.8,6.400000000000001,5.44,5.52,17.6,1.1,1.09,1.16,0.58,3,2011,inf,inf,10.31
2011-06-30,1067.1599999999999,4.75,0.0031540504648074367,-inf,63.769999999999996,26.25,54.830000000000005,0.38,1040.9099999999999,16.89,116.48,554.73,840.24,1727.88,16.64,2285.31,1424.02,28.7,23.15,1513.44,48.21,1561.65,240.0,723.66,-20.059999999999988,52.82,-26.13000000000001,28.58,30.119999999999997,0.13,2.16,0.01,0.02,1.75,0.8326693227091634,3.48207171314741,2.6241699867197874,2.6620185922974766,10.219123505976095,0.75,0.75,1.14,0.59,6,2011,-inf,1506.0,15.06
2011-09-30,969.6400000000001,2.6599999999999984,0.001501128668171557,0.003002257336343114,49.389999999999986,26.059999999999995,32.33999999999999,0.27,943.5800000000002,8.880000000000003,130.2,580.95,825.34,1752.77,16.12,2305.14,1449.57,31.67,16.13,1533.17,45.51,1578.68,240.0,726.46,-10.790000000000006,5.53,18.840000000000003,6.280000000000001,44.96616541353386,0.09,2.17,0.01,0.02,1.75,0.4623476297968395,2.347765237020315,1.4651015801354392,1.4530925507900667,6.887178329571102,0.6,0.59,1.14,0.6,9,2011,5.319999999999997,1771.9999999999998,17.72
2011-12-31,924.7199999999998,4.84,0.002145390070921986,0.004290780141843972,57.96000000000001,28.820000000000007,6.240000000000009,0.28,895.9000000000001,32.24,92.43,531.84,863.8,1699.78,14.19,2241.51,1413.03,14.32,9.73,1464.77,45.33,1510.11,240.0,731.4,-5.099999999999994,9.69,-42.459999999999994,-22.580000000000002,32.628099173553714,0.09,2.06,0.01,0.02,1.75,0.8667375886524823,4.393758865248227,2.6431205673758864,2.6087943262411346,12.966737588652482,0.58,0.58,1.16,0.57,12,2011,9.68,2256.0,22.56
2012-03-31,924.71,4.93,0.0,,56.34,27.73,31.4,0.37,896.98,17.72,82.11,578.64,828.48,1702.84,13.15,2237.97,1414.16,21.52,0.86,1456.71,45.24,1501.95,240.0,736.03,-7.7,5.4,-7.71,3.67,0.0,0.12,2.04,0.0,0.01,0.0,0.8799999999999999,4.88,2.68,2.6400000000000006,14.2,0.54,0.53,1.17,0.6,3,2012,inf,inf,4.93
2012-06-30,956.22,2.99,0.0,,60.75,28.12,31.050000000000004,0.34,928.0999999999999,19.86,91.25,598.8,887.99,1786.69,12.43,2279.38,1459.76,23.18,4.04,1506.98,45.14,1552.11,240.0,727.27,-66.41,43.42,31.880000000000003,2.9299999999999997,0.0,0.11,2.13,0.0,0.01,0.0,0.5285353535353535,3.6997474747474755,1.6460101010101011,1.6460101010101011,10.918030303030305,0.43,0.42,1.19,0.6,6,2012,,inf,7.92
2012-09-30,914.8700000000001,11.389999999999999,0.005898498187467634,-inf,66.87,34.27,38.08,0.32,880.5900000000001,24.68,48.66,597.45,916.04,1796.5,12.21,2293.26,1465.46,20.81,4.75,1512.19,42.55,1554.74,240.0,738.53,-45.14,-4.810000000000002,7.5,3.8100000000000005,13.562774363476734,0.1,2.11,0.01,0.01,0.5,1.9818953909891246,9.248845157949248,6.158032107716209,6.228814085965821,27.227467633350592,0.7,0.69,1.19,0.58,9,2012,-inf,1930.9999999999998,19.31
2012-12-31,928.9899999999998,-13.889999999999999,-0.0,,43.889999999999986,12.459999999999994,15.86,0.41,916.54,2.259999999999998,44.87,617.83,933.25,1873.86,10.74,2397.23,1554.99,43.46,0.54,1629.46,44.05,1673.5,240.0,723.72,-61.56999999999999,-30.879999999999995,88.67999999999999,3.4000000000000004,-0.0,0.14,2.31,0.0,0.01,0.0,-2.3577121771217713,-45.309077490774904,-7.6881918819188195,-7.5856826568265685,-136.95232472324722,0.15,0.15,1.15,0.58,12,2012,inf,inf,5.42
2013-03-31,906.13,5.89,0.0,,70.01,36.88,39.5,0.5,869.25,22.91,38.11,412.9,998.34,1752.04,10.96,2307.78,1478.95,22.09,4.42,1532.62,45.22,1577.85,240.0,729.93,99.54,-30.49,-75.59,2.62,0.0,0.16,2.16,0.0,0.0,0.0,1.04,6.48,3.24,3.1999999999999997,19.04,0.66,0.65,1.14,0.49,3,2013,,inf,5.89
2013-06-30,962.4699999999999,4.420000000000001,0.0,,62.10000000000001,25.909999999999997,28.519999999999996,0.43,936.56,16.26,79.66,547.45,957.87,1791.83,10.04,2350.88,1506.11,17.62,4.25,1569.21,46.99,1616.2,240.0,734.68,13.799999999999997,3.2099999999999973,24.200000000000003,2.6100000000000003,0.0,0.14,2.2,0.0,0.0,0.0,0.754529582929195,4.64721629485936,2.4007759456838023,2.4179243452958294,13.770164888457808,0.56,0.55,1.14,0.53,6,2013,,inf,10.31
2013-09-30,1087.3000000000002,64.71,0.025877099440149293,,130.99,106.5,108.92,0.38,980.79,91.08999999999999,54.53,653.31,973.93,1953.59,11.15,2473.69,1558.64,28.52,2.5,1620.7,53.54,1674.25,240.0,799.44,-143.94,64.53,54.24,2.42,3.6721658167207543,0.11,2.09,0.03,0.0,0.0,10.454348173820314,24.496987470007998,32.36362569981338,33.674732071447615,68.4880565182618,2.57,2.54,1.21,0.6,9,2013,,2500.6666666666665,75.02
2013-12-31,1073.42,4.670000000000002,0.0017580624921571092,0.0,72.44,36.120000000000005,40.81,0.32,1037.31,21.0,221.84,690.31,997.8,2327.65,13.34,3076.2,1884.46,60.16,5.58,2010.68,261.16,2271.84,240.0,804.36,40.42,-196.95,323.59,4.6899999999999995,45.518859743040665,0.1,2.82,0.03,0.0,0.0,0.6071175806249217,1.7604065754799856,2.322986572970261,2.44487890575982,4.51939264650521,2.0,1.98,1.16,0.66,12,2013,0.0,2656.3333333333335,79.69
2014-03-31,963.78,4.46,0.0,,46.83,34.44,38.96,0.35,929.34,-3.3,92.98,663.87,1098.97,2150.88,15.77,2865.94,1724.81,26.8,5.17,1830.53,226.65,2057.18,240.0,808.75,34.26,-5.61,-157.45,4.52,0.0,0.1,2.54,0.0,0.02,0.0,0.64,5.32,2.2,2.32,13.32,0.48,0.46,1.18,0.57,3,2014,inf,inf,4.46
2014-06-30,1041.32,27.630000000000003,0.008610158928014958,-inf,117.17999999999999,59.980000000000004,64.41999999999999,0.63,981.34,63.89,165.24,673.11,1127.36,2250.13,16.99,2961.54,1524.09,42.39,5.15,1644.15,237.01,1881.16,320.0,1080.39,24.79,-3.4400000000000004,50.89999999999999,4.440000000000001,18.292345276872965,0.19,1.74,0.01,0.02,1.5,3.7195886569024625,12.226425677781238,10.22886880648177,12.19198504206918,24.6939358055469,1.63,1.6,1.37,0.68,6,2014,-inf,3209.0000000000005,32.09
2014-09-30,1088.67,27.669999999999995,0.009260374832663988,-0.0014792503346720243,86.73000000000002,54.33999999999999,58.72,0.55,1034.3300000000002,31.47999999999999,472.78,804.89,1194.36,2798.87,18.68,3512.89,944.61,40.2,35.59,1137.8,198.59,1336.39,623.37,2176.5,-209.08999999999997,-5.979999999999999,522.63,4.379999999999999,14.848211058908566,0.16,0.61,0.02,0.02,0.75,3.1485274431057557,9.204812583668003,5.093206157965193,7.445341365461845,11.593989290495312,1.97,1.93,2.46,1.41,9,2014,-4.420000000000009,2988.0,59.76
2014-12-31,1143.85,58.809999999999995,0.014879817829130471,0.0048798178291304724,93.03999999999996,81.05000000000001,85.38,0.5,1062.7999999999997,31.560000000000002,498.0,699.15,1374.41,2885.72,19.58,3558.24,1009.34,85.54,0.0,1194.15,128.08,1322.23,623.37,2236.01,150.94,-20.769999999999996,-105.05000000000001,4.330000000000002,8.40232060874001,0.14,0.59,0.03,0.02,0.71,6.6066391161339295,13.748951674116554,10.515071265918865,15.47501054229569,19.284243906553094,2.87,2.8,2.42,1.27,12,2014,19.28666666666667,3952.333333333333,118.57
2015-03-31,1033.61,15.15,0.0,,28.43,43.9,47.86,0.37,989.72,-34.27,444.37,696.79,1393.91,2855.55,21.49,3536.88,1018.38,42.14,5.05,1151.64,133.7,1285.34,623.57,2251.55,-50.26,-15.45,12.16,3.96,0.0,0.1,0.57,0.0,0.0,0.0,1.72,5.48,2.68,3.9600000000000004,7.36,1.59,1.47,2.48,1.27,3,2015,,inf,15.15
2015-06-30,970.0200000000002,13.639999999999999,0.0,,106.59,27.110000000000007,30.689999999999998,0.36,942.8999999999999,46.730000000000004,316.84,708.67,1405.53,2729.57,26.73,3619.69,1156.15,12.14,0.0,1232.74,157.23,1389.96,623.57,2229.73,-10.86,-218.4,101.51,3.58,0.0,0.1,0.62,0.0,0.01,0.0,1.5160819729072594,4.093421326849601,2.4446821813129556,3.297478291073289,5.628454324418201,1.48,1.44,2.21,1.07,6,2015,,inf,28.79
2015-09-30,948.3699999999999,0.8900000000000006,0.0,,63.25,22.25,25.63000000000001,0.3,926.1199999999999,1.9099999999999984,263.46,707.17,1489.22,2748.71,28.33,3697.0,1199.25,63.06,0.0,1306.9,159.03,1465.93,623.57,2231.06,-36.46,-62.02000000000001,44.64,3.38,0.0,0.08,0.66,0.0,0.01,0.0,0.09595687331536394,0.3106603773584907,0.15952830188679257,0.16192722371967666,0.4677897574123992,1.03,1.01,2.1,0.96,9,2015,,inf,29.68
2015-12-31,1013.6399999999999,-3.6900000000000013,-0.0,,59.609999999999985,16.289999999999992,20.669999999999987,0.24,997.3600000000001,-8.649999999999999,342.26,833.89,1756.7,3258.67,32.33,3965.02,1489.65,30.13,0.0,1576.57,160.29,1736.87,623.57,2228.15,-453.38000000000005,240.16,292.07,4.380000000000001,-0.0,0.07,0.78,0.0,0.01,0.0,-0.37482108503270506,-1.6526202385532904,-0.6644555598307044,-0.658776452481724,-2.606710273181994,0.67,0.66,2.07,0.95,12,2015,,inf,25.99
2016-03-31,1161.06,75.47,0.01,0.0,138.95,112.23,116.7,0.26,1048.83,68.34,304.97,881.04,1864.26,3337.1,36.48,4067.53,1453.64,84.95,0.0,1607.2,156.86,1764.06,623.57,2303.47,22.77,-26.61,-33.31,4.47,6.5,0.07,0.77,0.01,0.0,0.0,7.4399999999999995,11.8,13.120000000000001,13.24,18.24,6.76,6.5,2.08,0.92,3,2016,0.0,7547.0,75.47
2016-06-30,894.8299999999999,28.799999999999997,0.0055241200728876946,0.0,147.68,62.05,66.3,0.34,832.78,72.68,226.42,858.8,1979.66,3366.17,37.52,4074.32,1444.88,28.41,15.96,1575.38,174.97,1750.35,623.57,2323.97,-104.85,16.46,9.860000000000003,4.250000000000001,15.387065972222222,0.09,0.75,0.02,0.0,0.07,2.8283494773185,5.004852786036252,4.96065982545315,5.060093986765129,7.700623381605447,5.16,5.07,2.14,0.88,6,2016,0.0,5213.5,104.27
2016-09-30,1077.7200000000003,0.7000000000000028,0.00013337143945889356,0.0,46.120000000000005,27.289999999999992,33.110000000000014,0.33,1050.4200000000003,-34.47000000000001,346.8,891.42,1962.16,3526.59,44.41,4338.08,1671.38,32.12,16.01,1788.49,207.59,1996.08,623.57,2324.59,-55.32000000000001,-47.97,223.75,5.8199999999999985,618.5732142857117,0.09,0.86,0.02,0.0,0.07,0.06455177669810448,0.13390492521672911,0.12056778127083977,0.12296846718109987,0.21099361722396962,3.45,3.35,1.97,0.87,9,2016,0.0,5248.5,104.97
2016-12-31,1114.7400000000002,-4.989999999999995,-0.0009981996399279845,0.0,28.310000000000002,20.840000000000003,25.549999999999983,0.3,1093.9099999999999,-46.989999999999995,542.31,930.12,2007.4,3843.72,225.48,4836.2,2047.16,65.4,16.01,2250.27,189.51,2439.78,623.57,2319.79,-83.98999999999998,-138.38,417.7,4.710000000000001,-75.13527054108225,0.08,1.05,0.02,0.0,0.07,-0.41325465093018554,-1.0081816363272642,-0.8604480896179225,-0.8784156831366264,-1.7169033806761331,2.45,2.35,1.71,0.82,12,2016,0.0,4999.0,99.98
2017-03-31,1073.74,5.86,0.0,,40.02,41.32,49.05,0.28,1032.42,-36.88,405.32,1473.17,1981.53,3886.6,230.69,4889.56,1883.79,150.63,28.05,2077.55,406.59,2484.14,623.57,2325.41,-203.36,-10.04,76.65,7.73,0.0,0.08,1.07,0.0,0.0,0.0,0.48000000000000004,3.68,1.0,1.0,5.879999999999999,0.59,0.55,1.87,0.92,3,2017,,inf,5.86
2017-06-30,918.8299999999999,0.8399999999999999,0.0,,84.81,34.49,42.41,0.29,884.3399999999999,10.390000000000004,465.05,1368.66,1975.98,3837.65,226.37,4802.88,1845.51,139.16,28.62,2026.86,416.84,2443.7,623.57,2277.5,109.76000000000002,25.08,-75.0,7.92,0.0,0.08,1.07,0.0,0.01,0.0,0.07020895522388058,0.8575522388059699,0.14543283582089547,0.14543283582089547,1.3690746268656713,0.35,0.34,1.89,0.92,6,2017,,inf,6.7
2017-09-30,810.6400000000001,-0.0600000000000005,-0.0,,73.17999999999999,29.64,37.36,0.24,781.0000000000002,-1.2900000000000027,468.34,1351.82,1982.07,3831.53,222.73,4847.5,1880.63,139.01,26.94,2057.11,423.76,2480.87,625.91,2282.94,-6.230000000000004,-36.33,45.940000000000005,7.720000000000001,-0.0,0.07,1.09,0.0,0.01,0.0,-0.005060240963855464,-0.0831325301204826,-0.01048192771084346,-0.01048192771084346,-0.1366265060240975,0.25,0.24,1.86,0.9,9,2017,,inf,6.64
