,revenue,net_profit,eps,dps,gross_profit,ebit,ebitda,close_price,expense,operating_profit,cash,account_receivable,inventory,current_asset,property_plant_equipment,total_asset,short_term_loan,account_payable,current_portion_long_term_debt,current_liability,non_current_liability,total_liability,paid_in_capital,total_equity,cash_flow_operation,cash_flow_investment,cash_flow_financing,depreciation,P/E,P/BV,D/E,EPS,DPS,DPR%,ROA%,ROAA%,ROE%,ROAE%,ROCE%,NPM%,NPMA%,TIE,CurrentRatio,QuickRatio,month,year,dividend,number_of_shares,return_old
2004-03-31,178.83,21.7,0.43,0.0,56.65,33.23,34.96,,145.6,32.52,23.07,90.9,78.74,201.98,28.43,288.42,105.72,0.0,11.08,154.16,55.36,209.51,50.0,78.9,-19.34,-17.36,26.3,1.73,0.0,0.0,2.66,0.43,0.0,0.0,30.079999999999995,0.0,109.99999999999999,0.0,99.0,12.18,12.13,0.0,1.31,0.8,3,2004,0.0,50.46511627906977,21.7
2004-06-30,169.35,28.05,0.563819095477387,0.0,65.5,42.36000000000001,44.49,,127.00000000000003,41.35,31.0,79.2,35.25,150.42,26.68,256.02,47.65,0.0,12.13,97.3,51.76,149.06,50.0,106.96,89.14,-21.18,-60.040000000000006,2.13,0.0,0.0,1.39,1.0,0.0,0.0,43.82002010050252,0.0,104.89290452261307,0.0,107.39626130653265,14.36,14.29,0.0,1.55,1.18,6,2004,0.0,49.75,49.75
2004-09-30,320.12999999999994,42.06999999999999,0.7514136353735569,0.0,86.03,59.99000000000001,62.13000000000001,7.35,260.13,56.49000000000001,43.1,217.8,64.7,331.04,42.81,429.7,40.13,0.0,20.96,91.71,34.74,126.45,70.0,303.25,-131.44,4.869999999999997,138.68,2.14,2.4444592346089857,1.7,0.42,1.64,0.0,0.0,39.16514484861686,0.0,55.494646046612935,0.0,73.51024613373991,13.85,13.74,0.0,3.61,2.9,9,2004,0.0,55.98780487804878,91.82
2004-12-31,302.2700000000001,42.72,0.7176096328229523,0.0,105.0,62.97999999999999,65.92999999999998,6.45,239.27999999999997,60.339999999999975,118.79,141.79,54.36,334.57,41.76,426.79,0.0,0.0,9.87,56.81,24.0,80.81,70.0,345.98,133.95999999999998,3.1000000000000014,-61.37,2.9499999999999993,2.2439080056179774,1.3,0.23,2.26,0.0,0.0,40.033726772707,0.0,49.39440463802587,0.0,68.16656459045637,13.98,13.86,0.0,5.89,4.93,12,2004,0.0,59.530973451327434,134.54
2005-03-31,311.79,53.95,0.77,1.5,96.93,68.95,71.94,7.5,242.84,66.21,178.86,150.64,157.98,494.05,42.3,590.78,90.17,0.0,9.95,274.38,21.48,295.86,70.0,294.92,-20.43,-7.23,87.74,2.99,2.435,1.78,1.0,0.77,1.5,1.95,36.52,62.71999999999999,73.16,115.44,87.16,17.46,17.3,0.0,1.8,1.22,3,2005,105.0974025974026,70.06493506493507,53.95
2005-06-30,271.05,36.879999999999995,0.5278432236045358,-0.004201512458696364,75.56,48.17999999999999,51.21000000000001,8.25,222.85999999999999,44.86,21.53,158.7,211.31,403.16,109.51,565.77,163.96,0.0,10.03,215.02,18.94,233.96,70.0,331.81,-55.059999999999995,-68.57,-33.709999999999994,3.0299999999999994,3.9097783351409983,1.74,0.71,1.3,1.5,1.15,26.067334581085543,46.304031707585594,44.452520092480455,67.23910602223934,54.22980072663217,15.75,15.58,0.0,1.87,0.89,6,2005,-0.2935564435564544,69.86923076923077,90.83
2005-09-30,282.39,40.58999999999999,0.5806513468269668,0.0007515540311155449,83.94999999999999,53.110000000000014,56.389999999999986,8.1,229.29000000000002,50.599999999999994,26.41,152.21,260.12,448.61,120.35,596.73,165.93,0.0,10.08,207.92,16.41,224.33,70.0,372.39,-5.840000000000003,10.89,-0.1700000000000017,3.280000000000001,3.4886683912293672,1.52,0.6,1.88,1.5,0.8,27.20413331304215,40.979159945213816,43.59826814792268,48.058164662912795,54.087055242733214,15.34,15.19,0.0,2.16,0.91,9,2005,0.052536824877236654,69.90425531914893,131.42
2005-12-31,270.53999999999996,33.08000000000001,0.47257142857142875,0.002051671732523021,92.55000000000001,44.5,48.07000000000002,7.45,226.04999999999995,43.0,85.23,152.38,340.05,585.92,130.77,725.6,244.26,0.0,10.24,305.98,14.13,320.12,70.0,405.48,-22.11,5.109999999999999,75.83,3.5699999999999985,3.9409386336154766,1.29,0.79,2.35,1.5,0.64,18.23522431610943,29.97912705167175,32.63357082066871,35.21562066869302,41.15996595744683,14.61,14.48,0.0,1.91,0.8,12,2005,0.14361702127661147,70.0,164.5
2006-03-31,245.18,31.41,0.45,1.0,78.24,42.76,46.5,6.9,202.41,40.56,51.87,146.18,400.01,607.31,144.82,766.56,252.14,0.0,10.27,318.06,11.61,329.67,70.0,436.88,-15.66,-22.98,5.28,3.74,3.8325,1.11,0.75,0.45,1.0,2.22,16.4,25.2,28.76,34.32,38.12,12.93,12.81,0.0,1.91,0.65,3,2006,69.8,69.8,31.41
2006-06-30,326.8,37.72,0.5401822652972661,0.0004050339939244609,94.50000000000001,51.24,55.14,5.4,275.57000000000005,49.78,23.41,177.48,451.84,659.26,146.25,818.94,347.89,0.0,9.71,406.01,8.32,414.32,70.0,404.61,-46.480000000000004,-4.550000000000001,22.56,3.8999999999999995,2.497073833510074,0.93,1.02,0.99,1.0,1.01,18.420760885288587,29.63909156661363,37.299858238102125,40.96654997830176,49.67494286127586,12.16,12.09,0.0,1.62,0.51,6,2006,0.028282828282826245,69.82828282828282,69.13
2006-09-30,477.28,62.879999999999995,0.9002590712824785,0.0002616881641198927,139.83999999999997,84.0,87.49,6.5,393.28,83.07,54.77,250.77,413.94,722.47,148.87,884.72,348.74,0.0,9.8,411.36,5.86,417.22,70.0,467.49,38.56,-5.68,-1.5,3.490000000000001,1.805480279898219,0.97,0.89,1.89,1.0,0.53,28.427228240284826,45.78460419665177,53.80596015453374,59.90295280660556,71.63966366184381,12.64,12.58,0.0,1.76,0.75,9,2006,0.018278018278024888,69.84656084656085,132.01
2006-12-31,330.18000000000006,41.69,0.5952285549798504,1.0027664312062698,107.09000000000003,57.44,61.28999999999999,7.9,272.73,55.599999999999994,50.61,180.13,454.53,691.35,158.47,858.15,344.65,26.36,9.92,415.63,3.34,418.97,70.0,439.18,83.47,-10.530000000000001,-77.11,3.8499999999999996,3.322757255936675,1.26,0.95,2.48,2.0,0.81,19.431332181922855,28.54216925734024,37.969821531375935,39.48669430051814,51.07445020149684,12.65,12.59,0.0,1.66,0.57,12,2006,70.23408431472946,70.04032258064515,173.7
2007-03-31,520.84,57.66,0.82,0.5,137.9,79.36,83.38,9.2,441.49,73.72,36.06,341.55,438.99,825.01,168.39,1002.83,401.46,0.0,9.53,539.08,1.91,540.99,70.0,461.84,-20.23,-15.25,20.93,4.02,2.805,1.39,1.17,0.82,0.5,0.61,23.0,35.88,49.92,51.32,68.44,11.19,11.07,0.0,1.53,0.72,3,2007,35.15853658536585,70.3170731707317,57.66
2007-06-30,531.9399999999999,61.60000000000001,0.4390407512996814,0.2494150922559033,139.15,82.22000000000001,86.36000000000001,16.4,449.71000000000004,76.81,57.71,367.29,432.08,862.41,198.7,1073.05,434.83,15.39,8.98,549.49,0.12,549.61,70.0,523.44,21.310000000000002,-32.81,33.15,4.140000000000001,9.336547889610388,2.19,1.05,0.85,0.5,0.59,22.954083515009224,35.28854603387556,47.065168539325846,53.09810498071441,63.75904745933256,11.45,11.33,0.0,1.57,0.78,6,2007,34.99440459110474,140.30588235294118,119.26
2007-09-30,621.81,101.62999999999998,0.7269473493594096,0.49820432315259383,209.45999999999998,133.68999999999997,138.37,25.25,488.1199999999999,136.09,70.98,298.97,386.76,772.67,234.45,1019.51,345.85,23.68,9.34,458.61,5.83,464.43,70.0,555.08,210.35999999999999,-34.34,-162.74,4.68,8.683022237528291,3.18,0.84,1.58,1.0,0.63,39.88088369776812,57.06996785730454,73.2284431164833,79.50411517044682,96.87723663361854,13.26,13.19,0.0,1.68,0.84,9,2007,69.65085629188383,139.80379746835442,220.89
2007-12-31,807.3500000000001,143.09000000000003,1.0221275894279909,0.001346575587335868,267.18000000000006,184.96000000000004,190.19,27.75,622.3900000000001,180.39999999999998,140.61,400.12,415.1,966.22,479.02,1459.5,539.63,13.73,11.62,742.47,18.86,761.34,70.0,698.16,69.28000000000003,-235.32000000000002,235.66,5.23,6.785356419036968,2.78,1.09,2.6,1.0,0.38,39.21824935436014,65.16456508599374,81.97463267212486,100.65597999890107,105.31059179075775,14.74,14.67,0.0,1.3,0.74,12,2007,0.18851022395327277,139.9923076923077,363.98
2008-03-31,864.79,138.04,0.95,1.5,252.78,182.01,188.35,28.75,682.78,165.31,162.89,374.22,598.01,1192.77,570.68,1776.07,800.62,19.69,9.62,1097.35,17.32,1114.67,72.51,661.4,65.34,-96.8,53.74,6.34,7.565,3.15,1.69,0.95,1.5,1.58,31.08,52.4,83.48,98.32,107.28,16.28,15.96,0.0,1.09,0.54,3,2008,217.9578947368421,145.30526315789473,138.04
2008-06-30,697.6200000000001,102.02000000000001,0.7012121969507623,0.0019139951854143442,215.54999999999998,130.43,137.52,27.75,567.19,133.87,183.44,331.93,555.32,1152.75,779.37,1947.2,914.92,8.06,10.11,1151.55,23.58,1175.13,73.01,772.08,130.85999999999999,-212.76999999999998,102.44999999999999,7.09,9.894651048813957,2.62,1.52,1.65,1.5,0.91,20.95987003249188,35.171103890694,52.850150795634434,62.99860368241274,66.75540114971258,15.51,15.36,0.0,1.0,0.52,6,2008,0.27846889952155607,145.4909090909091,240.06
2008-09-30,956.1499999999999,153.11,1.0397632067553475,1.0179665515957705,330.21999999999997,213.45,221.93999999999994,18.1,742.7,209.13,117.14,457.66,724.23,1413.56,901.56,2327.82,977.22,151.38,24.58,1376.14,138.22,1514.36,75.31,813.46,5.280000000000001,-110.69999999999999,39.129999999999995,8.490000000000002,4.352577558617988,1.68,1.86,2.67,2.5,0.94,26.309513950708347,48.94286135768243,75.28352926215123,89.50530915380115,86.07837424015057,15.72,15.61,0.0,1.03,0.5,9,2008,149.90034048348656,147.2546816479401,393.17
2008-12-31,928.9700000000003,9.769999999999982,0.06595125825184879,0.014935635067273897,256.4000000000001,57.59000000000003,78.82000000000005,14.7,871.3800000000001,144.78000000000003,180.17,396.71,964.24,1591.4,951.4,2553.45,1384.41,23.89,23.36,1596.48,131.92,1728.4,75.42,825.06,-269.41999999999996,-71.30000000000001,403.75000000000006,21.229999999999997,55.677482088024675,1.34,2.09,2.72,2.5,0.92,1.5304571400208438,2.820386161711416,4.7368521367945515,5.131589814860763,5.913306199434148,11.77,11.69,0.0,1.0,0.39,12,2008,2.2125605860321116,148.13970588235293,402.94
2009-03-31,755.33,107.18,0.71,0.25,206.67,150.12,167.74,9.0,605.21,132.72,78.32,435.1,1004.47,1547.19,948.7,2506.51,1087.02,178.32,33.71,1438.38,126.98,1565.35,75.95,941.16,226.37,-8.62,-319.6,17.62,3.17,0.73,1.66,0.71,0.25,0.35,17.12,28.040000000000003,45.56,53.52,56.2,14.6,14.19,0.0,1.08,0.38,3,2009,37.73943661971831,150.95774647887325,107.18
2009-06-30,702.2699999999999,84.32,0.554794778067885,0.00168830213657926,107.03,102.69,120.67000000000002,13.2,599.5799999999999,44.53,116.1,348.16,1202.42,1712.39,947.98,2669.32,126.92,83.31,73.53,1297.31,369.39,1666.7,75.95,1002.62,-147.05,-14.99,199.81,17.98,5.950308349146111,1.0,1.66,1.26,0.25,0.2,12.628185900783288,19.28572323759791,33.63993733681462,38.0078454308094,32.45989765013055,13.94,13.14,6.9,1.32,0.39,6,2009,0.2565951263134352,151.984126984127,191.5
2009-09-30,603.06,17.30000000000001,0.1135105363984675,0.0006965349996959198,119.18,37.71999999999997,56.26999999999998,13.6,565.3299999999999,37.879999999999995,97.88,313.64,1541.89,2014.88,963.05,2986.68,1190.71,85.55,73.48,1415.44,550.85,1966.29,75.98,1020.39,-290.84000000000003,-33.27,305.89,18.549999999999997,29.96219653179189,1.01,1.93,1.37,0.25,0.18,2.3166091954023007,3.622394636015328,6.780804597701153,7.5463793103448324,6.127911877394639,10.58,10.13,5.71,1.42,0.33,9,2009,0.10615803499015186,152.4087591240876,208.8
2009-12-31,582.56,-120.49000000000001,-0.7913509228852905,-0.0002465187746880423,111.91999999999996,-112.64999999999998,-93.59,20.6,695.2200000000003,25.0,88.33,341.6,1546.54,2076.53,963.63,3048.25,32.25,66.05,99.24,1546.12,606.75,2152.87,75.98,895.38,-175.52,-18.71999999999999,184.70000000000002,19.059999999999995,-6.508364179599966,1.75,2.4,0.58,0.25,0.43,-15.82701845770581,-34.655712829804095,-53.811862756199744,-56.049475710565055,-64.61789604801268,3.37,3.34,2.75,1.34,0.34,12,2009,-0.0375346086081052,152.25862068965517,88.31
2010-03-31,572.9,-9.59,-0.06,0.0,76.23,6.92,26.26,15.8,565.98,8.7,78.74,323.63,1684.61,2216.59,966.44,3193.12,1372.38,151.58,102.1,1714.99,592.27,2307.26,75.99,885.86,-37.8,-21.55,48.29,19.34,-65.8325,1.36,2.6,-0.06,0.0,0.0,-1.2,0.96,-4.32,-4.2,1.88,-1.68,-1.67,0.0,1.29,0.31,3,2010,0.0,159.83333333333334,-9.59
2010-06-30,588.92,49.31999999999999,0.32275862068965516,0.0,150.15999999999997,81.86,101.53,17.1,507.05999999999995,81.39,124.13,324.42,1777.07,2330.95,963.97,3301.29,538.74,86.42,227.94,1917.49,448.54,2366.03,75.99,935.26,-64.95,-14.66,125.12,19.669999999999998,13.245347222222222,1.39,2.53,0.26,0.0,0.0,5.958620689655172,14.747586206896552,21.103448275862068,20.35862068965517,31.878620689655172,3.43,3.42,0.0,1.22,0.29,6,2010,0.0,152.8076923076923,39.73
2010-09-30,953.7700000000002,31.479999999999997,0.20777418901839628,0.0,142.04000000000002,53.78,74.30999999999999,16.5,899.99,45.78999999999999,108.16,563.86,1731.74,2490.7,967.8,3463.33,503.0,137.28,308.1,2153.83,341.95,2495.78,76.04,967.55,-73.94,-15.68,77.24000000000001,20.53,19.85532957433291,1.3,2.58,0.47,0.0,0.0,3.64267939896082,7.815846089032439,13.01462154191827,12.660963347844405,19.256688667322006,3.39,3.37,0.0,1.16,0.35,9,2010,0.0,151.51063829787233,71.21
2010-12-31,-1310.0300000000002,-3.1299999999999955,-0.020229142185663896,0.0,-178.0,-32.040000000000006,-71.57999999999998,15.9,-1277.99,-29.409999999999997,33.56,501.24,1840.61,2468.13,973.83,3445.26,1562.0,115.26,310.19,2081.9,316.11,2398.01,76.73,1047.25,190.53,22.0,-309.29,-39.54,-196.51846645367442,1.16,2.29,0.44,0.0,0.0,-0.36412455934195015,-0.6252643948296113,-1.1953584018801393,-1.289148061104581,-1.4914394829612199,8.53,8.45,0.0,1.19,0.3,12,2010,0.0,154.72727272727272,68.08
2011-03-31,1487.89,66.32,0.43000000000000005,0.0,328.07,173.71,213.28,15.0,1314.18,166.94,34.45,451.58,1872.36,2438.26,967.94,3411.76,0.0,93.18,354.51,1625.45,740.82,2366.27,76.73,1045.48,57.15,-47.65,-83.19,39.57,8.72,1.1,2.26,0.43,0.0,0.0,7.76,21.04,25.36,27.48,38.879999999999995,4.5,4.46,0.0,1.5,0.35,3,2011,0.0,154.23255813953486,66.32
2011-06-30,921.1899999999998,9.960000000000008,0.06528578919769276,0.0,118.90000000000003,33.72999999999999,53.34,15.4,887.4599999999998,25.900000000000006,33.01,596.6,1879.74,2599.53,963.87,3571.07,1247.66,261.56,291.4,1889.76,625.86,2515.62,76.73,1055.45,10.449999999999996,-11.399999999999999,-0.519999999999996,19.61,58.97148594377505,1.12,2.38,0.5,0.0,0.0,1.1176927110645,3.1546093340325143,3.77613004719455,4.000713162034613,6.445013109596229,3.2,3.17,0.0,1.38,0.38,6,2011,0.0,152.56,76.28
2011-09-30,906.27,-15.759999999999998,-0.10155981493721082,0.0,114.45999999999992,-0.5900000000000034,18.75999999999999,9.6,906.8600000000001,-10.629999999999995,68.01,590.35,1854.15,2596.09,966.7,3569.68,1406.29,227.36,202.27,1942.15,587.84,2529.99,76.73,1039.69,12.480000000000004,-7.980000000000004,30.50999999999999,19.35,-23.63582487309645,0.71,2.43,0.39,0.0,0.0,-1.7707865168539323,-6.124838070059483,-6.062339722405815,-6.281083939193654,-13.239233311302046,1.85,1.83,0.0,1.34,0.38,9,2011,0.0,155.17948717948718,60.52
2011-12-31,-2762.13,-66.22,-0.4647017543859649,0.2,-485.34999999999997,-187.04999999999998,-245.55,13.1,-2575.09,-171.16,75.64,426.51,1783.99,2305.56,949.5,3260.07,1281.7,156.16,266.51,1755.72,470.36,2226.08,76.73,1033.99,114.26,52.06,-118.54,-58.5,-7.047530957414678,0.97,2.15,-0.04,0.2,-5.0,-7.899929824561404,27.417403508771926,-25.558596491228073,-25.558596491228073,61.34063157894737,-1.05,-1.03,0.0,1.31,0.3,12,2011,28.5,142.5,-5.7
2012-03-31,1603.1,-57.88,-0.38,0.0,181.87,-6.35,35.29,13.1,1609.45,-10.81,73.66,799.42,1673.24,2565.57,928.84,3498.93,151.0,245.57,265.83,2098.72,449.09,2547.81,76.73,951.12,-9.67,-13.04,28.36,41.64,-8.6175,1.06,2.68,-0.38,0.0,0.0,-6.6,-0.72,-24.36,-23.2,-1.8,-3.64,-3.61,0.0,1.22,0.43,3,2012,0.0,152.31578947368422,-57.88
2012-06-30,1022.06,-83.69,-0.5438638129547221,0.0,90.39999999999998,-53.449999999999996,-35.339999999999996,11.1,1075.4999999999998,-57.879999999999995,63.31,859.35,1321.12,2259.88,919.62,3183.38,160.0,172.49,265.54,1977.84,338.1,2315.95,76.73,867.43,154.54,-5.400000000000002,-159.5,18.11,-5.104402855777273,0.98,2.67,-0.92,0.0,0.0,-10.522582468037013,-4.185386734477643,-38.590684467048106,-34.80728402910221,-11.728541357632267,-5.44,-5.39,0.0,1.14,0.47,6,2012,0.0,153.8804347826087,-141.57
2012-09-30,838.9000000000001,-146.69,-0.956696038298758,0.0,-11.810000000000002,-121.99,-103.93,11.5,960.9000000000001,-128.2,81.48,639.22,1086.65,1822.13,912.79,2745.05,320.0,248.66,422.99,1976.21,48.11,2024.32,76.73,720.74,393.53999999999996,-12.79,-362.56,18.060000000000002,-3.006597586747563,1.22,2.81,-1.88,0.0,0.0,-21.372996600291405,-11.724615277874141,-81.42093942968154,-66.66339415805176,-48.11977520294179,-8.41,-8.32,0.0,0.92,0.37,9,2012,0.0,153.32978723404256,-288.26
2012-12-31,-2958.2,291.94,1.5866304347826088,0.0,-146.03999999999996,204.14999999999998,143.55,11.9,-3162.35,216.76,58.46,366.19,1012.49,1439.63,908.12,2356.78,1103.34,121.61,328.82,1597.12,35.24,1632.36,76.73,724.42,-286.13,17.89,231.74,-60.6,1.8750428170171953,1.26,2.25,0.02,0.0,0.0,50.772173913043474,253.86086956521737,161.8363043478261,133.27695652173912,932.9386956521739,0.73,0.73,0.0,0.9,0.27,12,2012,0.0,184.0,3.68
2013-03-31,918.13,-18.65,-0.12,0.0,195.29,15.86,49.6,10.8,902.27,23.87,45.24,315.25,1076.35,1447.17,902.09,2357.69,505.0,230.95,274.1,1633.43,22.17,1655.6,76.73,702.09,318.62,-24.99,-329.87,33.74,-22.5,1.18,2.36,-0.12,0.0,0.0,-3.1599999999999997,2.16,-10.64,-9.04,8.76,-2.04,-2.03,0.0,0.89,0.23,3,2013,0.0,155.41666666666666,-18.65
2013-06-30,416.58000000000004,-259.8,-1.6887699766564914,0.0,-154.95,-242.08999999999997,-225.98,7.5,658.6700000000001,-235.8,175.64,326.35,817.81,1328.98,893.78,2230.66,478.54,145.85,210.79,1769.08,19.29,1788.37,76.73,442.29,-76.74000000000001,-7.59,214.72,16.11,-1.1092984988452654,1.3,4.04,-1.81,0.0,0.0,-46.576462560603346,-31.200258574250313,-234.97228227688993,-158.68839648051716,-182.90964984736937,-20.94,-20.86,0.0,0.75,0.29,6,2013,0.0,153.83977900552486,-278.45
2013-09-30,601.3299999999999,-97.29000000000002,-0.6343761643689788,0.0,39.36,-79.16,-59.19,7.05,680.4899999999998,-95.44999999999999,47.78,458.49,846.4,1353.74,870.29,2260.93,1164.95,218.69,134.11,1908.91,7.02,1915.93,76.73,345.0,-167.89,-3.6700000000000017,39.33000000000001,19.96999999999999,-2.7806845513413503,1.57,5.55,-2.45,0.0,0.0,-17.213603023367227,-12.63573747804333,-112.79984989620485,-73.0283483259701,-89.84837919838188,-19.46,-19.41,0.0,0.71,0.27,9,2013,0.0,153.36326530612243,-375.74
2013-12-31,-1489.49,335.29,2.1551396786155745,0.0,-12.86,282.90999999999997,229.12,6.5,-1772.3999999999999,277.83,161.0,292.0,514.67,968.26,861.17,1865.99,1026.47,37.87,112.8,1554.31,7.13,1561.45,76.73,304.54,215.27999999999997,28.58,-92.55000000000001,-53.78999999999999,0.754011452772227,1.64,5.13,-0.26,0.0,0.0,71.94850927070458,35.14535475896169,440.3116143386897,260.60612113720646,239.05472435105065,-9.2,-9.06,0.0,0.62,0.29,12,2013,0.0,155.5769230769231,-40.45
2014-03-31,695.23,-80.08,-0.52,0.0,133.15,-44.83,-13.88,6.65,740.06,-52.15,181.55,217.63,409.29,808.95,847.34,1663.13,837.48,63.68,91.29,1390.97,7.24,1398.21,76.73,264.92,516.6,-8.93,-373.9,30.95,-3.1975,1.93,5.28,-0.52,0.0,0.0,-19.28,-8.92,-120.92,-66.24,-65.88,-11.64,-11.52,0.0,0.58,0.29,3,2014,0.0,154.0,-80.08
2014-06-30,237.94999999999993,-6.280000000000001,-0.04072255673923114,0.0,74.71000000000001,12.239999999999995,27.12,5.85,225.71000000000004,11.219999999999999,114.99,153.86,299.53,569.0,833.21,1408.24,339.99,31.09,186.93,927.62,221.99,1149.61,76.73,258.64,118.67999999999995,-0.9299999999999997,-184.30000000000007,14.879999999999999,-35.92603503184713,1.74,4.44,-0.56,0.0,0.0,-1.783066234367763,-0.520666975451598,-9.712329782306625,-7.167169986104679,-1.972135247799908,-9.34,-9.25,0.0,0.61,0.29,6,2014,0.0,154.2142857142857,-86.36
2014-09-30,108.25000000000011,-50.92,-0.3301194638694639,0.0,25.689999999999998,-35.489999999999995,-20.23,6.25,143.74,-24.229999999999997,111.97,60.59,307.97,481.65,805.22,1296.62,284.04,72.88,366.22,1085.05,3.86,1088.91,76.73,207.71,90.93000000000006,-2.42,-91.52999999999997,15.260000000000005,-4.7314689709348,2.31,5.24,-0.89,0.0,0.0,-15.712202797202796,-5.682505827505827,-98.0566083916084,-73.70937062937062,-47.744918414918416,-13.22,-13.18,0.0,0.44,0.16,9,2014,0.0,154.24719101123594,-137.28
2014-12-31,-928.3800000000001,115.17,0.7292537313432836,0.0,-199.99,60.339999999999996,14.06,5.65,-988.72,57.949999999999996,90.05,66.84,275.97,433.86,791.27,1234.55,253.95,103.67,327.25,1045.0,3.95,1048.94,76.73,185.61,-678.36,11.809999999999999,580.4300000000001,-46.28,1.9370487106017191,2.34,5.65,-0.14,0.0,0.0,37.29611940298508,10.417910447761194,248.15462686567164,187.93910447761192,85.01014925373136,-19.65,-19.56,0.0,0.42,0.15,12,2014,0.0,157.92857142857142,-22.11
2015-03-31,189.69,-10.68,-0.07,0.0,42.05,4.25,18.49,7.65,185.44,3.31,85.47,119.54,305.69,514.9,777.35,1301.36,188.04,35.95,408.29,1122.35,4.08,1126.44,76.73,174.92,-143.58,-0.88,139.88,14.24,-27.3225,3.36,6.44,-0.07,0.0,0.0,-3.28,1.16,-24.44,-19.44,9.48,-5.66,-5.63,0.0,0.46,0.19,3,2015,0.0,152.57142857142856,-10.68
2015-06-30,169.82999999999998,-27.25,-0.17960717110466648,0.0,26.070000000000007,-13.18,1.1400000000000006,10.2,183.01,-7.07,97.53,104.6,259.68,462.85,762.01,1233.66,135.0,25.43,358.75,1081.76,4.22,1085.98,76.73,147.68,36.530000000000015,1.1600000000000001,-25.629999999999995,14.319999999999999,-14.197651376146787,5.3,7.35,-0.25,0.0,0.0,-8.822304244661217,-1.9541260216187715,-73.79699446348536,-53.65225415238598,-16.897442657527023,-10.59,-10.55,0.0,0.43,0.19,6,2015,0.0,151.72,-37.93
2015-09-30,121.59000000000003,-59.63999999999999,-0.3912022137952239,0.0,2.4299999999999926,-46.31,-33.32,7.35,167.89000000000004,-59.85,72.38,62.91,285.42,421.0,734.49,1163.98,253.0,17.26,311.66,1071.42,4.52,1075.93,76.73,88.04,-20.159999999999997,5.609999999999999,-10.61,12.989999999999998,-4.6952699530516435,6.41,12.22,-0.64,0.0,0.0,-20.489215947524855,-10.978112124628472,-270.956433329917,-161.32201291380548,-145.91842574561852,-20.64,-20.28,0.0,0.39,0.13,9,2015,0.0,152.453125,-97.57
2015-12-31,104.10000000000002,-273.66,-1.7839538830374702,0.0,-10.899999999999999,-260.59,-247.28000000000003,6.95,364.69999999999993,-27.14,88.04,60.64,28.48,177.56,663.98,845.63,156.73,21.13,264.56,1028.15,2.08,1030.22,76.73,-184.59,54.379999999999995,0.41999999999999993,-39.14,13.310000000000002,-0.9733155192574727,-2.89,-5.58,-2.42,0.0,0.0,-129.44723217412385,-89.55153624437682,593.0098601944886,-214635.3056811141,510.2402973897583,-64.28,-63.44,0.0,0.17,0.14,12,2015,0.0,153.400826446281,-371.23
2016-03-31,121.37,-17.93,-0.07,0.0,22.97,-5.27,5.12,2.74,126.64,-6.04,252.26,65.3,20.71,338.72,654.08,996.68,167.93,18.4,8.65,846.88,2.39,849.27,251.69,147.41,-5.73,-0.28,170.23,10.39,-9.785,4.68,5.76,-0.07,0.0,0.0,-7.2,-1.84,-48.64,-44.52,-14.08,-14.87,-14.77,0.0,0.4,0.38,3,2016,0.0,256.1428571428571,-17.93
2016-06-30,80.59,-11.280000000000001,-0.030893529613146186,0.0,18.950000000000003,-2.5200000000000005,7.81,2.28,83.11,-3.95,200.05,54.32,9.19,263.78,651.42,918.91,125.03,24.19,0.08,780.06,2.72,782.78,251.69,136.12,26.31,-7.05,-71.46999999999998,10.329999999999998,-18.450465425531913,4.22,5.75,-0.08,0.0,0.0,-4.912071208490244,-1.1121670660732628,-33.14875727490586,-31.78944197192742,-8.665635056487504,-14.62,-14.46,0.0,0.34,0.33,6,2016,0.0,365.125,-29.21
2016-09-30,101.11999999999998,-8.240000000000002,-0.019802403204272366,0.0,23.760000000000005,0.5700000000000003,10.57,2.4,100.55000000000001,3.51,99.35,62.94,39.02,226.7,642.44,873.4,84.0,31.69,0.0,742.47,3.05,745.51,251.69,127.88,-31.5,-26.18,-43.02,10.0,-30.30314016990291,4.72,5.83,-0.09,0.0,0.0,-3.775658210947931,-0.624875834445928,-25.778328437917228,-30.530905206942595,-4.849388518024033,-12.49,-12.36,0.0,0.31,0.25,9,2016,0.0,416.11111111111114,-37.45
2016-12-31,182.96000000000004,-20.18,-0.04552142981086239,0.0,13.399999999999991,-11.8,-2.1999999999999993,2.68,194.76,-7.109999999999999,79.75,65.7,133.0,326.5,633.17,967.7,81.4,109.57,0.0,857.9,1.05,858.95,251.69,108.75,-40.089999999999996,-15.0,35.49,9.600000000000001,-14.721637760158574,6.2,7.9,-0.13,0.0,0.0,-8.347929897622766,-2.941384695471109,-74.22094048238765,212.8722123893805,-24.25942044074267,-11.93,-11.86,0.0,0.38,0.23,12,2016,0.0,443.3076923076923,-57.63
2017-03-31,185.24,-16.62,-0.030000000000000002,0.0,16.0,-7.04,2.14,2.34,192.29,-7.73,52.25,151.34,175.81,387.46,624.18,1019.49,79.0,21.33,0.0,926.15,1.21,927.36,251.69,92.13,-212.01,34.84,149.67,9.18,-19.5,6.39,10.07,-0.03,0.0,0.0,-6.52,-2.8,-72.16,-55.52,-30.16,-9.2,-8.97,-0.83,0.42,0.23,3,2017,0.0,554.0,-16.62
2017-06-30,160.5,-14.43,-0.02788405797101449,0.0,17.9,-4.71,4.75,2.02,165.20000000000002,-3.34,102.59,116.67,89.32,308.85,616.66,929.11,46.4,15.2,0.0,850.05,1.36,851.41,251.69,77.7,122.30999999999999,3.6999999999999957,-75.66999999999999,9.46,-18.1125,6.54,10.96,-0.06,0.0,0.0,-6.2088502415458935,-2.3608502415458936,-74.2831304347826,-53.98353623188405,-27.62380676328502,-9.13,-8.98,-0.68,0.36,0.26,6,2017,0.0,517.5,-31.05
2017-09-30,63.599999999999966,-35.82000000000001,-0.06963660834454914,0.0,-11.379999999999999,-27.46,-18.34,1.99,91.06,-25.450000000000003,63.75,36.89,32.67,134.73,609.55,747.71,42.0,13.61,0.0,704.32,1.51,705.84,251.69,41.87,112.79,-1.8800000000000026,-149.75,9.120000000000001,-7.145307788944723,11.96,16.86,-0.13,0.0,0.0,-19.15542395693136,-10.37049798115747,-342.2050067294752,-168.8205652759085,-193.6326244952894,-16.57,-16.34,-1.56,0.19,0.14,9,2017,0.0,514.3846153846154,-66.87
