,revenue,net_profit,eps,dps,gross_profit,ebit,ebitda,close_price,expense,operating_profit,cash,account_receivable,inventory,current_asset,property_plant_equipment,total_asset,short_term_loan,account_payable,current_portion_long_term_debt,current_liability,non_current_liability,total_liability,paid_in_capital,total_equity,cash_flow_operation,cash_flow_investment,cash_flow_financing,depreciation,P/E,P/BV,D/E,EPS,DPS,DPR%,ROA%,ROAA%,ROE%,ROAE%,ROCE%,NPM%,NPMA%,CurrentRatio,QuickRatio,month,year,dividend,number_of_shares,return_old
2000-03-31,136.87,12.91,1.72,0.0,21.49,18.61,25.42,24.0,118.26,15.78,50.93,81.66,66.11,200.81,135.75,345.21,0.15,54.89,0.0,90.58,0.0,90.58,75.0,254.64,19.09,-14.35,-3.34,6.81,3.4875,7.07,0.36,1.72,0.0,0.0,14.96,0.0,20.28,0.0,29.24,9.65,9.43,2.22,1.49,3,2000,0.0,7.5058139534883725,12.91
2000-06-30,138.04000000000002,12.32,1.6407134363852556,3.5,20.080000000000002,17.75,24.489999999999995,29.5,120.29,15.500000000000002,24.91,91.68,64.34,182.38,132.28,323.34,0.28,56.81,0.0,82.63,0.0,82.63,75.0,240.71,3.25,-3.139999999999999,-26.13,6.740000000000001,4.495117694805194,9.19,0.34,3.36,3.5,1.04,15.235196195005944,0.0,20.469853349187478,0.0,29.51330955212049,9.37,9.18,2.21,1.43,6,2000,26.281250000000004,7.508928571428572,25.23
2000-09-30,141.84999999999997,17.37,2.316,-0.004166666666666666,28.71,24.85,31.72,29.5,117.0,23.229999999999997,11.1,91.52,71.61,196.62,129.43,334.92,0.39,55.56,0.0,76.85,0.0,76.85,75.0,258.07,13.360000000000003,-24.000000000000004,-3.1700000000000017,6.870000000000001,3.1821243523316065,8.57,0.3,5.68,3.5,0.62,20.746140845070425,0.0,26.927577464788737,0.0,38.68698591549296,10.41,10.22,2.56,1.63,9,2000,-0.03125,7.500000000000001,42.6
2000-12-31,150.21000000000004,17.54,2.339055537080146,-0.0005819753907547764,28.379999999999995,24.499999999999993,31.47,33.0,125.70999999999998,21.57,29.36,89.65,74.85,215.28,126.54,352.24,0.85,45.26,0.0,76.62,0.0,76.62,75.0,275.62,22.919999999999995,-5.509999999999998,0.8399999999999999,6.969999999999999,3.523024515393387,8.98,0.28,8.02,3.5,0.44,19.914053874293316,0.0,25.45545726637845,0.0,36.28160957765215,10.81,10.61,2.81,1.83,12,2000,-0.0043640897755601316,7.4987531172069835,60.14
2001-03-31,147.95,16.22,2.16,4.0,26.28,25.82,31.98,34.0,122.12,20.48,56.05,88.07,66.02,232.94,132.63,374.62,2.14,50.32,0.0,82.78,0.0,82.78,75.0,291.83,40.69,-11.94,-2.06,6.16,3.935,8.74,0.28,2.16,4.0,1.85,17.32,28.68,22.24,23.76,35.4,11.4,10.96,2.81,2.02,3,2001,30.037037037037035,7.509259259259259,16.22
2001-06-30,139.7,14.23,1.897333333333333,-0.004938271604937464,22.519999999999996,20.29,26.63,35.0,119.41999999999999,16.679999999999996,43.62,90.48,61.96,218.77,129.94,357.79,1.17,56.56,0.0,81.72,0.0,81.72,75.0,276.07,22.22,-3.67,-30.98,6.34,4.6113668306394935,9.51,0.3,4.06,4.0,0.99,15.90769129720854,25.31023973727422,20.618311986863713,22.020282430213463,31.21720853858785,10.95,10.59,2.68,1.92,6,2001,-0.037037037037030984,7.500000000000001,30.45
2001-09-30,151.8,17.110000000000003,2.2808536585365857,0.0008410428931873105,27.159999999999997,24.320000000000007,30.739999999999995,35.0,127.47999999999999,21.310000000000002,18.36,100.14,69.66,234.88,129.74,373.76,0.34,59.28,0.0,80.57,0.0,80.57,75.0,293.18,6.829999999999998,-31.259999999999998,-0.8299999999999983,6.420000000000002,3.83593220338983,8.95,0.27,6.34,4.0,0.63,18.30439024390244,28.607804878048785,23.3409756097561,24.83756097560976,34.565365853658534,11.15,10.82,2.92,2.05,9,2001,0.0063091482649824115,7.5015772870662465,47.56
2001-12-31,151.57,17.299999999999997,2.307200123342584,-0.0017664836955312135,29.440000000000012,25.25,31.690000000000012,40.0,126.32,22.25,16.69,93.78,83.18,250.6,137.07,402.93,0.25,63.62,0.0,92.44,0.0,92.44,75.0,310.48,27.16000000000001,-28.750000000000007,-0.09000000000000341,6.439999999999998,4.330248554913296,9.66,0.3,8.65,4.0,0.46,17.177304964539005,27.035584335491823,22.287819919827317,23.610792476102368,32.8822695035461,11.28,10.97,2.71,1.81,12,2001,-0.013245564449960057,7.4982658959537565,64.86
2002-03-31,146.31,14.64,1.95,0.0,22.64,19.3,25.86,47.25,127.01,16.48,5.71,96.98,77.72,248.73,139.34,412.28,0.27,56.3,0.0,56.57,30.6,87.16,75.0,325.12,16.54,-27.54,0.02,6.56,6.0575,10.9,0.27,1.95,0.0,0.0,14.2,19.64,18.0,19.0,21.72,10.22,10.01,4.4,3.02,3,2002,0.0,7.5076923076923086,14.64
2002-06-30,164.82,18.89,2.5182910826125857,4.0,28.43,25.05,31.619999999999997,40.0,139.76999999999998,21.959999999999997,14.15,97.3,58.33,226.8,158.07,395.35,0.28,56.75,0.0,81.34,0.0,81.34,75.0,314.01,39.62,-1.1900000000000013,-29.99,6.570000000000001,3.9715921122286924,9.55,0.26,4.47,4.0,0.89,19.10971667163734,26.546280942439605,24.067426185505518,25.59980912615568,31.819481061735758,11.01,10.78,2.79,2.07,6,2002,30.00447427293065,7.501118568232663,33.53
2002-09-30,164.12,10.740000000000002,1.431353060763497,0.0012107926295271145,17.630000000000003,14.29,21.18,43.0,149.83000000000004,10.850000000000001,11.06,110.18,62.18,230.5,166.49,406.45,0.38,58.73,0.0,81.7,0.0,81.7,75.0,324.75,0.6600000000000037,-3.849999999999998,0.09999999999999787,6.889999999999999,7.512297486033519,9.93,0.25,5.9,4.0,0.68,10.567752428281004,14.585245086966342,13.226672690309467,13.905958888637906,17.525583916873728,9.52,9.32,2.82,2.06,9,2002,0.009085049103248366,7.503389830508475,44.27
2002-12-31,174.61,17.549999999999997,2.3392429634422514,-0.0005132451238973033,28.47,23.739999999999995,30.88000000000001,48.0,150.86,19.940000000000005,3.97,111.69,95.17,247.74,175.76,441.7,0.38,71.96,0.0,99.4,0.0,99.4,75.0,342.3,7.259999999999998,-14.36,0.0,7.140000000000001,5.134054131054132,10.52,0.29,8.24,4.0,0.49,15.897767712714328,22.15467486250404,20.508120349401484,21.50740860562924,27.332804917502422,9.73,9.51,2.49,1.53,12,2002,-0.003850584169821758,7.502427184466019,61.82
2003-03-31,177.96,9.39,1.25,3.0,15.29,12.41,20.11,46.0,165.55,9.1,28.07,110.14,87.82,238.1,192.25,450.05,2.39,61.24,0.0,98.36,0.0,98.36,75.0,351.69,22.27,-0.17,2.0,7.7,9.2,9.81,0.28,1.25,3.0,2.4,8.36,11.52,10.68,11.08,14.12,5.39,5.28,2.42,1.53,3,2003,22.536,7.5120000000000005,9.39
2003-06-30,193.76000000000002,9.54,1.269984152139461,-3.8034865293502156e-05,14.720000000000002,12.239999999999998,19.79,43.0,181.51999999999998,20.910000000000004,15.17,111.52,66.56,217.0,225.97,454.61,0.53,66.63,0.0,115.88,0.0,115.88,75.0,338.73,33.42,-43.26,-3.06,7.55,8.462940251572327,9.52,0.34,2.52,3.0,1.19,8.38592709984152,11.691917591125195,11.268589540412044,11.691917591125195,14.675372424722664,5.21,5.09,1.87,1.3,6,2003,-0.000285714285716665,7.511904761904762,18.93
2003-09-30,182.33999999999992,4.23,0.5643652849740933,-0.006707994078460411,7.080000000000002,5.720000000000002,14.04,45.0,176.60999999999996,7.080000000000002,9.61,116.84,73.75,207.42,230.41,448.07,0.38,65.41,15.45,105.12,0.0,105.12,75.0,342.96,-4.299999999999997,4.530000000000001,-5.779999999999999,8.32,19.92964539007092,9.84,0.31,3.09,3.0,0.97,3.7770466321243528,5.194352331606218,4.931347150259067,5.070155440414509,6.472849740932643,4.29,4.18,1.97,1.27,9,2003,-0.05027739251040231,7.495145631067961,23.16
2003-12-31,182.74,0.870000000000001,0.11585518102372047,0.005684641770602806,5.559999999999995,2.4700000000000024,13.060000000000002,44.0,180.2800000000001,5.559999999999995,0.06,135.06,107.86,244.65,224.7,479.95,33.67,60.76,15.66,133.31,34.75,168.06,75.0,311.88,-44.13,1.2899999999999991,33.29,10.589999999999996,94.94612068965507,10.58,0.54,3.2,3.0,0.94,0.7255430711610494,1.0325593008739087,1.1151061173533094,1.064419475655432,1.371435705368291,3.35,3.26,1.84,1.03,12,2003,0.04268810679612045,7.509375,24.03
2004-03-31,181.0,3.72,0.5,0.0,6.76,5.24,15.74,40.5,175.76,-0.07,9.62,127.92,95.84,234.38,219.92,467.15,15.37,65.74,15.79,113.93,34.84,148.77,75.0,318.38,33.03,-5.16,-18.31,10.5,20.25,9.54,0.47,0.5,0.0,0.0,3.2,4.56,4.68,4.44,5.92,2.12,2.06,2.06,1.22,3,2004,0.0,7.44,3.72
2004-06-30,178.79000000000002,2.98,0.3958507462686567,2.0,5.880000000000001,4.52,15.139999999999999,38.5,174.28000000000003,-1.42,11.71,109.39,88.9,212.18,211.46,436.54,6.49,69.38,0.0,93.76,36.42,130.18,75.0,306.37,43.56,-1.9399999999999995,-39.540000000000006,10.620000000000001,24.315604026845637,9.42,0.42,0.89,2.0,2.25,2.7220298507462686,3.896238805970149,3.896238805970149,3.7005373134328354,5.07044776119403,1.93,1.86,2.26,1.31,6,2004,15.0561797752809,7.52808988764045,6.7
2004-09-30,177.67000000000002,3.079999999999999,0.4094069529652351,-0.00133268996576396,6.509999999999998,4.59,15.190000000000001,37.0,173.07,20.639999999999997,0.05,126.7,126.94,255.46,204.45,472.76,32.52,72.05,0.0,125.83,37.49,163.31,75.0,309.44,-34.14,-3.5500000000000007,26.040000000000003,10.599999999999998,22.59243506493507,8.97,0.53,1.3,2.0,1.54,2.6076073619631894,3.9303067484662573,3.980695296523517,3.7791411042944776,5.215214723926379,1.88,1.82,2.03,1.02,9,2004,-0.010025929127055022,7.523076923076922,9.78
2004-12-31,206.14,13.9,1.8548986486486487,-0.007848232848232599,21.770000000000003,19.240000000000002,29.82,32.5,186.89999999999998,-7.329999999999998,0.05,124.47,163.09,289.35,196.99,496.5,37.78,72.61,0.0,137.34,38.42,175.76,75.0,320.74,-2.1600000000000037,-3.0999999999999996,5.25,10.579999999999998,4.378244604316547,7.6,0.55,3.16,2.0,0.63,11.199831081081081,16.154054054054054,17.32804054054054,17.58631756756757,21.9535472972973,3.29,3.18,2.11,0.92,12,2004,-0.05881207400194555,7.493670886075949,23.68
2005-03-31,196.26,6.29,0.84,0.0,11.23,8.74,19.1,30.0,187.52,3.1,2.21,132.68,127.32,263.4,189.08,462.61,10.16,64.06,0.0,97.07,38.5,135.57,75.0,327.04,32.23,-2.45,-27.62,10.36,8.9275,6.88,0.41,0.84,0.0,0.0,5.44,7.52,7.68,7.8,9.56,3.31,3.2,2.71,1.4,3,2005,0.0,7.488095238095238,6.29
2005-06-30,202.10000000000002,9.970000000000002,1.3305596555965562,2.5,15.759999999999998,13.44,23.740000000000002,30.5,188.66,7.41,38.03,126.43,86.6,254.14,183.61,446.96,0.03,66.33,0.0,90.87,38.9,129.77,75.0,317.19,69.18,-4.47,-28.88,10.3,5.732587763289869,7.21,0.41,2.17,2.5,1.15,8.927626076260765,12.312275522755227,12.582066420664207,12.802804428044283,15.279975399754,4.21,4.08,2.8,1.84,6,2005,18.73271889400922,7.493087557603688,16.26
2005-09-30,211.64999999999998,2.1199999999999974,0.2825897714907505,0.002983607708237574,4.59,3.1999999999999993,13.349999999999994,31.0,208.45,-3.38,25.27,134.93,93.45,257.52,179.9,447.71,0.17,66.04,0.0,88.27,39.95,128.22,75.0,319.49,-5.569999999999993,-7.34,0.14000000000000057,10.149999999999999,27.418278301886826,7.28,0.4,2.45,2.5,1.02,1.8962350380848727,2.5421545157780168,2.6528835690968413,2.6944069640914003,3.257279651795426,3.11,3.01,2.92,1.86,9,2005,0.022383146807104737,7.50204081632653,18.38
2005-12-31,209.51,6.52,0.8693333333333333,-0.0006802721088433828,10.18,9.180000000000003,17.72,31.5,200.33000000000004,1.6700000000000008,0.05,122.89,166.24,290.94,192.82,493.32,30.8,70.04,0.0,126.34,40.71,167.05,75.0,326.28,-35.410000000000004,-20.440000000000005,30.63,8.540000000000003,9.060621165644172,7.24,0.51,3.32,2.5,0.75,5.289317269076305,7.310779116465863,7.991582329317269,8.064899598393573,9.866409638554217,3.14,3.04,2.3,0.99,12,2005,-0.0051020408163253705,7.5,24.9
2006-03-31,234.27,6.54,0.87,0.0,8.42,9.31,19.04,35.0,224.96,0.44,0.05,164.07,190.4,356.37,185.79,552.51,69.84,87.23,0.0,178.67,41.03,219.7,75.0,332.82,-35.65,-3.39,39.04,9.73,10.0575,7.89,0.66,0.87,0.0,0.0,4.72,7.319999999999999,7.88,7.920000000000001,9.96,2.91,2.79,1.99,0.93,3,2006,0.0,7.517241379310345,6.54
2006-06-30,240.67,4.569999999999999,0.6087848784878488,2.5,6.710000000000001,7.409999999999998,18.18,30.0,233.27,-1.25,0.05,159.16,164.91,326.12,180.26,516.07,68.07,63.55,0.0,155.58,41.86,197.44,75.0,318.63,24.259999999999998,-3.73,-20.52,10.77,12.319458424507658,7.06,0.62,1.48,2.5,1.69,3.537533753375337,5.709414941494149,5.742322232223222,5.742322232223222,7.634491449144913,2.43,2.34,2.1,1.04,6,2006,18.76689189189189,7.506756756756756,11.11
2006-09-30,248.91000000000003,5.18,0.6900306936771025,5.1847427538059385e-05,7.139999999999999,8.0,19.1,31.0,240.89999999999998,-1.3900000000000001,0.05,172.46,167.44,343.52,177.09,530.29,65.39,70.51,0.0,164.28,42.19,206.47,75.0,323.82,11.16,-8.48,-2.6799999999999997,11.100000000000001,11.23475386100386,7.18,0.64,2.17,2.5,1.15,3.904874155923879,6.436046654389195,6.397888275015347,6.436046654389195,8.585635359116022,2.34,2.25,2.09,1.07,9,2006,0.0003892140988916992,7.506912442396313,16.29
2006-12-31,207.65999999999997,-1.6099999999999994,-0.21495912806539502,-0.005713281181330864,-1.6499999999999986,-0.9199999999999982,9.249999999999993,32.0,208.58000000000004,-10.02,0.05,137.45,249.16,390.44,174.43,577.5,99.51,85.84,0.0,209.31,43.0,252.31,75.0,325.18,-26.16,-7.970000000000001,34.120000000000005,10.170000000000002,-37.22428571428572,7.38,0.78,1.96,2.5,1.28,-1.1142779291553129,-1.952179836512261,-1.9785013623978196,-1.9785013623978196,-2.8339509536784733,1.64,1.58,1.87,0.67,12,2006,-0.04279131007241688,7.489795918367347,14.68
2007-03-31,254.12,11.94,1.59,0.0,27.28,18.54,29.09,28.0,235.58,8.49,0.05,141.19,214.35,359.09,178.15,549.76,71.4,76.09,0.0,170.14,42.69,212.83,75.0,336.93,39.57,-11.46,-28.11,10.55,4.4025,6.23,0.63,1.59,0.0,0.0,8.68,13.44,14.16,14.280000000000001,19.52,4.89,4.7,2.11,0.85,3,2007,0.0,7.509433962264151,11.94
2007-06-30,200.71999999999997,4.790000000000001,0.6384757919904365,1.9,10.969999999999999,6.949999999999999,15.709999999999997,31.0,193.77,-6.84,0.07,121.58,201.97,330.31,174.66,517.11,60.01,57.99,0.0,146.07,43.58,189.64,75.0,327.47,31.619999999999997,-5.960000000000001,-25.64,8.759999999999998,12.137108559498955,7.1,0.58,2.23,1.9,0.85,3.7106037059175145,5.646072922893007,5.8522175732217585,5.932384937238495,7.867854154213988,3.88,3.68,2.26,0.88,6,2007,14.254260089686099,7.502242152466368,16.73
2007-09-30,186.25000000000006,0.5700000000000003,0.0761098265895954,-0.0033144975245600738,10.850000000000001,2.0500000000000007,13.900000000000006,29.0,184.19999999999993,-6.140000000000001,0.15,119.71,173.22,301.88,166.98,481.01,37.02,51.19,0.0,108.66,44.31,152.98,75.0,328.04,25.549999999999997,-2.479999999999997,-22.989999999999995,11.850000000000001,95.22587719298241,6.63,0.47,2.31,1.9,0.82,0.4744508670520234,0.7182658959537576,0.6945433526011564,0.6998150289017344,0.9752601156069369,2.84,2.7,2.78,1.18,9,2007,-0.024822860248869816,7.489177489177489,17.3
2007-12-31,215.64,-0.1700000000000017,-0.02262697022767098,0.006064396782435403,8.79,-0.019999999999999574,10.0,27.25,215.67000000000007,-8.709999999999999,0.07,132.13,157.96,297.71,162.44,470.06,5.86,70.3,0.0,99.69,44.72,144.41,75.0,325.65,36.36,-5.280000000000001,-31.16000000000001,10.02,-301.0345588235263,6.28,0.44,2.28,1.9,0.83,-0.14449503794512697,-0.2084063047285485,-0.20880326911850766,-0.20880326911850766,-0.294944541739641,2.1,2.0,2.99,1.4,12,2007,0.04556277056277125,7.5131578947368425,17.13
2008-03-31,236.29,3.73,0.5,0.0,15.0,5.4,17.42,27.25,230.89,-4.41,1.59,136.24,154.0,301.82,154.96,466.64,1.44,72.47,0.0,91.43,45.87,137.3,75.0,329.34,8.4,-2.46,-4.42,12.02,13.625,6.21,0.42,0.5,0.0,0.0,3.2,4.24,4.52,4.48,5.76,1.65,1.58,3.3,1.62,3,2008,0.0,7.46,3.73
2008-06-30,235.35,0.25,0.03329145728643216,2.25,11.190000000000001,1.9099999999999993,14.949999999999996,26.5,233.44,-7.470000000000001,17.93,143.5,128.3,297.12,149.03,455.38,1.91,70.85,0.0,94.69,47.96,142.66,75.0,312.72,36.25,-3.51,-16.4,13.04,199.0,6.36,0.46,0.53,2.25,4.25,0.2185929648241206,0.3768844221105528,0.31909547738693467,0.31155778894472363,0.5100502512562813,0.88,0.84,3.14,1.78,6,2008,16.89622641509434,7.509433962264151,3.98
2008-09-30,244.78999999999996,-0.33999999999999986,-0.04576923076923075,-0.024492017416545598,8.469999999999995,-0.040000000000000036,9.89,21.6,244.82999999999998,-9.199999999999998,20.96,152.9,136.2,320.83,140.85,470.91,3.68,85.01,0.0,108.91,49.62,158.54,75.0,312.38,2.259999999999998,-1.0,1.7600000000000016,9.930000000000003,-117.97882352941181,5.19,0.51,0.49,2.25,4.59,-0.2876923076923076,-0.5716483516483514,-0.43714285714285694,-0.4259340659340657,-0.7509890109890106,0.53,0.51,2.95,1.7,9,2008,-0.18194070080862446,7.428571428571429,3.64
2008-12-31,265.88,14.8,1.9744034707158349,0.02022001859312057,41.38000000000001,21.28,33.199999999999996,16.4,244.59000000000003,23.849999999999998,0.05,172.8,211.78,393.7,133.82,535.54,60.25,69.07,0.0,158.08,51.65,209.74,75.0,325.81,-75.78999999999999,-1.6800000000000006,56.58,11.919999999999995,2.077614864864865,3.78,0.64,2.46,2.25,0.91,11.043817787418655,18.2351409978308,18.170932754880695,18.170932754880695,24.270715835140994,1.93,1.88,2.49,1.15,12,2008,0.15156794425087128,7.4959349593495945,18.44
2009-03-31,289.77,34.87,4.65,0.0,71.57,49.23,64.0,24.0,240.54,44.09,2.21,165.32,210.71,390.47,127.06,525.55,6.08,65.55,0.0,110.01,54.87,164.88,75.0,360.67,57.67,-1.34,-54.17,14.77,1.29,4.99,0.46,4.65,0.0,0.0,26.52,39.68,38.68,40.44,47.4,12.38,12.03,3.55,1.63,3,2009,0.0,7.498924731182795,34.87
2009-06-30,217.07,20.75,2.768158935634664,2.5,35.32000000000001,28.229999999999997,29.67,35.0,188.85,21.409999999999997,61.69,131.02,195.06,391.03,122.84,521.7,0.8,57.94,0.0,102.9,56.13,159.02,75.0,362.67,86.99,-3.4800000000000004,-24.03,1.4400000000000013,3.162968674698795,7.24,0.44,7.42,2.5,0.34,15.907587198849336,23.667385832434377,22.891405969075873,24.57766990291262,27.606975907946783,11.38,10.97,3.8,1.9,6,2009,18.739892183288408,7.495956873315364,55.62
2009-09-30,215.94,20.300000000000004,2.7059536354056903,0.0020059418482789326,41.83,29.64,37.749999999999986,44.0,186.28999999999996,25.260000000000005,49.25,134.56,172.3,409.62,127.52,537.38,1.41,52.92,0.0,95.48,57.64,153.12,75.0,384.26,49.70000000000002,-62.74999999999999,0.6099999999999994,8.11,4.067142857142856,8.59,0.4,10.12,2.5,0.25,15.11269757639621,22.717175974710223,21.134246575342473,23.316122233930457,25.925816649104323,10.91,10.5,4.29,2.49,9,2009,0.015048528174045117,7.501976284584981,75.92
2009-12-31,249.14999999999998,38.59,5.146007335603877,-0.0009863301373820078,59.25,52.71000000000001,61.150000000000006,61.0,196.44000000000005,45.57000000000001,111.73,132.81,213.98,465.68,121.84,587.82,0.05,59.75,0.0,106.05,58.92,164.97,75.0,422.85,13.079999999999984,50.75999999999999,-1.3599999999999994,8.439999999999998,2.9599306815237107,10.82,0.39,15.27,2.5,0.16,26.259128460396475,38.35072919395686,36.503962972666145,41.235458911885424,44.71331062789277,12.24,11.78,4.39,2.37,12,2009,-0.007396507140249753,7.499017681728881,114.51
2010-03-31,240.61,19.37,2.58,15.0,30.09,24.0,32.68,83.0,216.62,14.63,103.17,150.01,222.7,482.95,123.17,606.45,0.26,62.12,0.0,107.31,56.92,164.23,75.0,442.22,-4.33,-4.44,0.21,8.68,8.0425,14.08,0.37,2.58,15.0,5.81,12.76,16.96,17.52,19.32,19.24,8.5,8.05,4.5,2.43,3,2010,112.61627906976744,7.507751937984496,19.37
2010-06-30,252.03999999999996,17.02,2.268397911514152,-0.009314467940973506,31.95,23.78,32.660000000000004,74.0,228.26,14.199999999999998,27.52,157.38,191.98,390.65,118.04,509.0,0.0,69.69,0.0,104.32,57.94,162.26,75.0,346.74,49.44,-12.32,-112.75999999999999,8.879999999999999,8.156747943595771,16.01,0.47,4.85,15.0,3.09,13.37653201428964,17.342720527617477,19.625149766419344,19.194855729596043,22.094663369057436,7.79,7.39,3.74,1.9,6,2010,-0.06988731719010843,7.5030927835051555,36.39
2010-09-30,200.89,4.07,0.54219723183391,0.006795562372916704,13.119999999999997,4.439999999999998,13.469999999999999,76.0,196.44000000000005,-2.3099999999999987,11.27,142.15,197.8,356.32,135.09,491.76,0.0,49.03,0.0,82.07,58.88,140.95,75.0,350.8,2.990000000000002,-19.249999999999996,0.0,9.030000000000001,35.04213759213759,16.25,0.4,5.39,15.0,2.78,3.3115274345032133,4.084083044982699,4.63935739001483,4.430123578843302,5.130252100840337,6.15,5.83,4.34,1.93,9,2010,0.05101084482527085,7.506493506493507,40.46
2010-12-31,216.80000000000007,2.5799999999999983,0.3440799256505574,-0.01647516052720613,9.77000000000001,4.43,14.009999999999991,74.75,212.37,-4.879999999999999,0.05,161.8,242.13,406.19,138.79,545.31,22.4,82.27,0.0,131.66,60.26,191.92,75.0,353.39,-22.17,-11.440000000000005,22.39999999999999,9.580000000000002,54.300465116279106,15.86,0.54,5.74,15.0,2.61,1.8918401486988836,2.397769516728623,2.920483271375463,2.659126394052043,3.2849442379182134,4.99,4.73,3.09,1.25,12,2010,-0.1235350015837895,7.498257839721254,43.04
2011-03-31,224.01,9.77,1.3,0.0,22.04,15.12,24.94,76.75,208.88,4.99,2.48,172.92,231.48,423.92,138.68,562.91,48.19,63.18,0.0,136.26,45.25,181.51,75.0,381.4,-13.12,-10.24,25.78,9.82,14.76,15.09,0.48,1.3,0.0,0.0,6.959999999999999,10.36,10.24,9.48,14.16,4.57,4.36,3.11,1.41,3,2011,0.0,7.515384615384614,9.77
2011-06-30,213.90000000000003,7.949999999999999,1.058803611738149,5.7,19.42,14.12,23.999999999999996,68.0,199.8,2.37,2.13,161.51,225.56,392.77,136.53,529.59,57.0,49.09,0.0,137.16,45.82,182.98,75.0,346.61,41.0,-7.409999999999998,-33.93,9.879999999999999,16.053874213836476,14.71,0.53,2.36,5.7,2.42,6.011851015801354,10.103498871331828,9.170316027088036,9.170316027088036,13.369638826185101,4.26,4.05,2.86,1.22,6,2011,42.79830508474576,7.508474576271186,17.72
2011-09-30,200.14999999999992,5.170000000000002,0.6888816076889472,-0.0027012017682197338,13.469999999999999,7.970000000000002,18.230000000000004,65.0,192.17000000000002,-2.71,15.39,156.6,220.83,396.14,128.76,525.24,60.64,39.29,0.0,126.49,46.98,173.47,75.0,351.77,12.09,-2.4700000000000024,3.6400000000000006,10.260000000000002,23.58732591876208,13.86,0.49,3.05,5.7,1.87,3.9390476190476207,6.613263433813895,5.881467889908258,5.890502402795982,8.429200524246399,3.78,3.59,3.13,1.39,9,2011,-0.020272297860508104,7.504918032786886,22.89
2011-12-31,187.71000000000004,8.879999999999999,1.1851180358829083,-0.00912367064505818,17.839999999999996,12.75,22.939999999999998,60.0,174.95999999999992,5.469999999999999,0.67,138.82,289.82,431.48,130.83,562.63,58.0,92.2,0.0,155.46,46.51,201.97,75.0,360.65,-0.8299999999999983,-11.25,-2.6400000000000006,10.189999999999998,12.656123310810813,12.48,0.56,4.24,5.7,1.34,6.316902738432483,10.084683663833804,9.84989612842304,9.950519357884797,13.718300283286117,4.04,3.85,2.78,0.91,12,2011,-0.06836297556450432,7.492924528301886,31.77
2012-03-31,197.25,9.54,1.27,0.0,20.17,12.09,21.72,65.5,185.16,2.36,7.93,143.52,231.49,388.09,125.74,514.12,29.93,58.15,0.0,96.2,47.73,143.93,75.0,370.2,39.51,-4.17,-28.07,9.63,12.8925,13.27,0.39,1.27,0.0,0.0,7.440000000000001,9.0,10.32,10.16,11.56,5.09,4.84,4.03,1.63,3,2012,0.0,7.511811023622046,9.54
2012-06-30,174.82,6.210000000000001,0.8280000000000001,4.0,17.4,8.739999999999998,18.67,60.5,166.08,-0.3599999999999999,7.35,139.92,195.29,343.95,116.86,461.23,5.32,56.59,0.0,66.83,48.0,114.83,75.0,346.4,55.199999999999996,-1.17,-54.61000000000001,9.929999999999998,18.26721014492753,13.1,0.33,2.1,4.0,1.9,5.378057142857144,6.6240000000000006,7.176,7.176,8.327314285714287,4.46,4.23,5.15,2.22,6,2012,30.0,7.5,15.75
2012-09-30,188.13000000000005,10.239999999999998,1.3671719892266256,-0.005386687187380153,24.22,13.46,23.369999999999997,58.0,174.66999999999996,5.13,24.16,137.34,183.18,352.18,118.59,474.92,0.74,64.28,0.0,70.29,47.98,118.27,75.0,356.65,36.17,-14.79,-4.579999999999998,9.91,10.60285400390625,12.2,0.33,3.47,4.0,1.15,8.620669488264715,10.811296652558676,11.488972681800693,11.567772220084647,13.34864178530204,4.88,4.64,5.01,2.4,9,2012,-0.04034582132565134,7.489913544668587,25.99
2012-12-31,180.53999999999996,13.41,1.7868654822335026,0.00791410055735201,21.580000000000005,16.85,26.67000000000001,56.0,163.69000000000005,6.920000000000001,3.94,142.24,225.19,375.6,119.63,495.57,0.0,71.18,0.0,79.06,46.46,125.52,75.0,370.05,-12.61999999999999,-6.850000000000001,-0.7399999999999949,9.82,7.837397464578672,11.35,0.34,5.25,4.0,0.76,10.823299492385788,13.16494416243655,14.499137055837563,14.676121827411167,16.7182538071066,5.6,5.32,4.75,1.9,12,2012,0.05939344037327032,7.504761904761905,39.4
2013-03-31,197.58,7.98,1.06,0.0,20.77,10.18,19.6,73.75,187.4,-3.15,31.83,148.94,189.14,381.01,114.57,508.26,0.0,60.75,0.0,70.05,50.37,120.42,75.0,387.84,33.74,-5.85,0.0,9.42,17.395,14.26,0.31,1.06,0.0,0.0,6.28,7.96,8.24,8.44,9.28,4.33,4.04,5.44,2.74,3,2013,0.0,7.528301886792453,7.98
2013-06-30,156.30999999999997,6.059999999999999,0.8071367521367521,5.0,16.12,8.36,17.729999999999997,61.0,147.95000000000002,-0.56,16.41,128.8,195.0,341.78,121.36,473.82,0.0,61.69,0.0,66.69,50.73,117.42,75.0,356.4,36.38999999999999,-14.31,-37.5,9.37,18.893762376237625,12.84,0.33,1.87,5.0,2.67,5.11042735042735,6.8541880341880335,6.8023931623931615,6.9059829059829045,7.855555555555553,4.23,3.97,5.12,2.2,6,2013,37.54010695187165,7.5080213903743305,14.04
2013-09-30,169.28999999999996,3.5700000000000003,0.476405451448041,-0.009611092384917232,17.67,4.220000000000002,13.969999999999999,64.25,165.07,-0.20000000000000018,34.66,138.94,165.1,341.46,118.65,476.54,0.0,64.28,0.0,64.99,51.59,116.58,75.0,359.97,31.17,-12.930000000000003,0.0,9.75,33.71550420168067,13.39,0.32,2.35,5.0,2.13,3.000340715502556,3.8761158432708696,3.965315161839864,3.9815332197614994,4.484293015332199,3.55,3.37,5.25,2.71,9,2013,-0.07202184548867763,7.493617021276595,17.61
2013-12-31,171.1400000000001,4.640000000000001,0.6193617977528091,-0.0013578771216822745,23.230000000000004,7.569999999999997,16.67,59.0,163.57999999999998,3.7,46.45,138.95,174.98,364.58,110.86,492.59,0.0,68.4,0.0,76.16,51.82,127.98,75.0,364.61,13.430000000000007,-1.6299999999999955,0.0,9.100000000000001,23.82044719827586,12.14,0.35,2.97,5.0,1.68,3.7703910112359553,5.1217258426966294,5.088359550561798,5.054993258426967,6.072665168539327,3.35,3.2,4.79,2.49,12,2013,-0.010172648470515355,7.491582491582491,22.25
2014-03-31,169.66,7.78,1.04,0.0,20.81,8.62,17.39,57.0,161.04,2.99,52.6,145.35,156.3,358.57,110.13,485.53,0.0,60.49,0.0,63.84,49.31,113.14,75.0,372.38,10.5,-4.35,0.0,8.77,13.7025,11.48,0.3,1.04,0.0,0.0,6.4,6.92,8.36,8.2,8.16,4.74,4.59,5.62,3.17,3,2014,0.0,7.480769230769231,7.78
2014-06-30,145.42999999999998,3.6900000000000004,0.49221447253705325,2.8,16.099999999999998,3.860000000000001,12.870000000000001,55.5,141.57000000000002,-1.6500000000000001,59.57,133.62,145.98,342.92,108.39,467.63,0.0,62.78,0.0,63.24,49.31,112.55,75.0,355.08,34.88,-6.91,-21.0,9.010000000000002,28.185426829268295,11.72,0.32,1.53,2.8,1.83,3.152746294681779,3.4101133391455973,4.156477768090672,4.1436094158674805,3.976320836965998,3.77,3.64,5.42,3.11,6,2014,20.990849673202614,7.496732026143791,11.47
2014-09-30,152.81,4.09,0.5467352185089974,-0.005974763512946097,16.75,5.030000000000001,14.239999999999998,54.0,147.78999999999996,0.1299999999999999,57.32,149.35,148.55,357.8,103.28,477.59,0.0,67.5,0.0,68.5,49.92,118.42,75.0,359.17,4.239999999999995,-6.500000000000002,0.0,9.209999999999997,24.690562347188266,11.28,0.33,2.08,2.8,1.35,3.4276092544987145,3.858688946015424,4.552622107969151,4.552622107969151,4.500051413881748,3.44,3.33,5.22,3.05,9,2014,-0.04469582704876984,7.480769230769231,15.56
2014-12-31,157.81000000000006,9.58,1.276571201272872,0.008845847867327481,24.08,12.16,21.069999999999993,54.0,145.64,6.569999999999999,60.48,149.76,164.54,376.44,96.63,490.02,0.0,0.0,0.0,72.23,49.04,121.27,75.0,368.75,5.460000000000001,-2.289999999999999,0.0,8.91,10.575594989561589,10.98,0.33,3.35,2.8,0.84,7.819474940334128,9.206555290373906,10.395481304693716,10.456451869530628,10.822275258552107,4.16,4.02,5.21,2.93,12,2014,0.06638346727898892,7.504477611940298,25.14
2015-03-31,154.43,6.68,0.89,3.35,21.08,8.07,16.69,52.5,146.36,2.76,51.21,162.74,161.13,377.83,95.24,492.64,0.0,64.29,0.0,69.88,47.33,117.21,75.0,375.43,-3.68,-5.59,0.0,8.62,14.7475,10.49,0.31,0.89,3.35,3.76,5.44,6.6,7.119999999999999,7.16,7.64,4.48,4.33,5.41,3.1,3,2015,25.1438202247191,7.50561797752809,6.68
2015-06-30,142.79000000000002,4.0600000000000005,0.5405772811918064,0.0021729123511813526,19.200000000000003,5.890000000000001,14.389999999999997,52.0,136.89999999999998,0.75,66.6,131.38,144.02,345.29,95.2,456.66,0.0,52.2,0.0,55.0,47.29,102.3,75.0,354.37,48.46,-7.949999999999999,-25.12,8.500000000000002,24.045960591133,11.01,0.29,1.43,3.35,2.34,3.553445065176909,4.566554934823092,4.581675977653631,4.581675977653631,5.262122905027933,3.75,3.61,6.28,3.66,6,2015,0.016319635420760648,7.510489510489511,10.74
2015-09-30,151.75,11.35,1.5157311000452693,-0.01000056982401976,27.189999999999998,14.719999999999999,22.880000000000003,52.0,137.03000000000003,9.58,104.4,126.71,137.07,371.07,89.01,478.24,0.0,61.1,0.0,64.58,47.95,112.53,75.0,365.71,41.58,-3.7699999999999996,0.0,8.16,8.57812114537445,10.66,0.31,2.95,3.35,1.14,9.495156179266637,12.33137166138524,12.413580805794476,12.51634223630602,14.242734268899953,5.1,4.92,5.75,3.62,9,2015,-0.07488562285172762,7.488135593220338,22.09
2015-12-31,150.42999999999995,14.77,1.967463374932176,0.008475357973827029,29.08,17.54,25.300000000000004,54.0,132.88999999999993,12.620000000000001,106.77,118.86,151.98,379.34,88.99,485.25,0.0,50.33,0.0,57.28,48.09,105.36,75.0,379.88,7.859999999999999,-5.5,0.0,7.759999999999998,6.8628977657413675,10.66,0.28,4.91,3.35,0.68,12.181443298969072,15.194747693977211,15.54736842105263,15.7877916440586,17.310472056429735,6.37,6.15,6.62,3.97,12,2015,0.06362559977907623,7.507128309572301,36.86
2016-03-31,153.8,11.78,1.57,4.9,31.42,14.49,21.6,56.5,139.3,10.12,136.26,120.34,147.67,407.21,85.04,510.66,0.0,62.76,0.0,71.81,47.18,119.0,75.0,391.66,33.19,-3.7,0.0,7.11,8.9975,10.82,0.3,1.57,4.9,3.12,9.24,11.56,12.039999999999997,12.28,13.199999999999998,7.88,7.66,5.67,3.61,3,2016,36.7656050955414,7.503184713375796,11.78
2016-06-30,149.7,9.430000000000001,1.2582225365393684,-0.005547497424901947,28.36,11.680000000000001,18.549999999999997,58.25,138.03999999999996,7.08,102.92,128.64,131.98,367.87,84.59,468.37,0.0,54.58,0.0,58.72,45.31,104.03,75.0,364.34,7.350000000000001,-3.9399999999999995,-36.75,6.87,11.57215800636267,11.99,0.29,2.83,4.9,1.73,8.056181046676096,10.065780292314948,10.350325318246112,10.492597831211695,11.364016973125885,7.2,6.99,6.26,4.02,6,2016,-0.04157682699016618,7.4946996466431095,21.21
2016-09-30,152.41000000000003,12.57,1.6745115452930728,0.0078115095180418485,32.03999999999999,15.909999999999997,22.690000000000005,64.75,136.49,11.170000000000002,97.7,124.92,118.54,383.84,79.24,481.72,0.0,56.64,0.0,60.08,44.72,104.81,75.0,376.91,39.089999999999996,-44.31,0.0,6.780000000000001,9.6677446300716,12.88,0.28,4.5,4.9,1.09,10.434067495559502,13.05374777975133,13.336554174067496,13.5449378330373,14.854777975133215,7.64,7.41,6.39,4.42,9,2016,0.05863839811543414,7.506666666666667,33.78
2016-12-31,155.22999999999996,19.53,2.604732695554305,-0.0057355092853124245,32.66000000000001,23.85000000000001,30.78,68.0,131.37000000000006,17.830000000000002,98.09,125.84,134.8,402.18,88.84,508.14,0.0,61.62,0.0,68.96,42.74,111.7,75.0,396.44,14.280000000000001,-13.89,0.0,6.93,6.523855606758833,12.86,0.28,7.11,4.9,0.69,15.371952729319078,19.445740011254923,19.709510410804725,20.11981992121553,21.995520540236353,9.01,8.72,5.83,3.88,12,2016,-0.04300421940928345,7.4978902953586495,53.31
2017-03-31,153.52,9.13,1.22,7.1,25.24,10.46,17.83,80.25,143.06,5.02,121.25,123.32,144.12,401.02,84.67,504.6,0.0,49.04,0.0,57.44,41.59,99.03,75.0,405.57,-2.57,25.73,0.0,7.37,16.445,14.84,0.24,1.22,7.1,5.82,7.24,8.24,9.0,9.16,9.36,6.17,5.95,6.98,4.47,3,2017,53.13360655737706,7.48360655737705,9.13
2017-06-30,150.9,7.1,0.944916820702403,0.028614284415621846,23.7,9.21,15.899999999999999,81.0,141.7,4.9,51.13,125.4,147.08,361.64,81.65,462.66,0.0,58.9,0.0,62.21,41.04,103.24,75.0,359.42,10.34,-27.2,-53.25,6.69,21.430457746478876,16.9,0.29,2.16,7.1,3.29,6.141959334565619,7.40184842883549,7.909303758471965,7.839309919901417,8.591743684534812,5.51,5.33,5.81,3.45,6,2017,0.21500455373404748,7.513888888888888,16.23
2017-09-30,157.94,7.780000000000001,1.0369012911286966,-0.010185570826970134,23.760000000000005,10.029999999999998,16.490000000000002,80.5,147.90000000000003,5.710000000000001,50.67,138.74,149.28,375.95,79.17,475.25,0.0,64.14,0.0,66.58,41.47,108.05,75.0,367.2,5.360000000000001,-5.83,0.0,6.459999999999999,19.41168380462725,16.44,0.29,3.2,7.1,2.22,6.5454394002498955,8.048946272386505,8.476668054977093,8.360016659725115,9.422840483132028,5.36,5.19,5.65,3.4,9,2017,-0.07642361111111029,7.503125,24.01
