,revenue,net_profit,eps,dps,gross_profit,ebit,ebitda,close_price,allowance_doubtful_accounts,expense,operating_profit,cash,account_receivable,inventory,current_asset,property_plant_equipment,total_asset,short_term_loan,account_payable,current_portion_long_term_debt,current_liability,non_current_liability,total_liability,paid_in_capital,total_equity,cash_flow_operation,cash_flow_investment,cash_flow_financing,depreciation,P/E,P/BV,D/E,EPS,DPS,DPR%,ROA%,ROAA%,ROE%,ROAE%,ROCE%,NPM%,NPMA%,CurrentRatio,QuickRatio,month,year,dividend,number_of_shares,return_old
2000-03-31,792.87,25.53,0.45,1.4,60.86,37.18,78.87,10.25,0.0,755.69,21.91,213.87,315.91,613.97,1252.6,650.36,2018.86,31.53,573.61,0.0,720.29,0.0,720.29,600.0,1298.57,118.79,-32.1,24.15,41.69,5.695000000000001,4.74,0.55,0.45,1.4,3.11,5.04,0.0,7.88,0.0,11.44,3.31,3.22,1.74,0.89,3,2000,79.42666666666666,56.733333333333334,25.53
2000-06-30,819.7900000000001,37.19,0.6878252551020407,-0.06898809523809511,68.60000000000001,50.580000000000005,94.72999999999999,9.9,0.0,769.21,25.459999999999997,183.92,332.24,643.83,1268.79,631.18,2020.57,39.34,611.48,0.0,769.56,0.0,769.56,600.0,1251.01,72.17,-11.25,-90.88,44.150000000000006,3.5964076364614144,4.75,0.62,1.16,1.4,1.21,7.352614795918368,0.0,11.882774234693878,0.0,16.650114795918366,4.0,3.89,1.65,0.81,6,2000,-3.730114942528729,54.06896551724138,62.72
2000-09-30,818.4799999999998,24.960000000000008,0.4554744525547446,0.018676063428139884,62.26999999999998,35.83999999999999,80.4,10.0,0.0,782.6500000000001,18.949999999999996,171.2,346.78,682.79,1305.22,679.92,2105.71,87.88,618.14,0.0,829.99,0.0,829.99,600.0,1275.72,33.06,-46.74999999999999,0.9699999999999989,44.56,5.488782051282049,4.7,0.65,1.6,1.4,0.88,4.736934306569345,0.0,7.82277372262774,0.0,11.033868613138688,3.7,3.61,1.57,0.75,9,2000,1.0234482758620658,54.800000000000004,87.68
2000-12-31,827.75,30.129999999999995,0.5498641880994821,-0.00011883541295301224,62.96000000000001,39.30000000000001,86.80000000000001,11.25,0.0,788.4399999999996,7.230000000000004,50.85,379.95,698.22,1231.49,674.09,2035.62,46.17,547.05,0.0,729.75,0.0,729.75,600.0,1305.86,-37.75,-81.20000000000002,-1.3799999999999955,47.5,5.112398771988054,5.17,0.56,2.15,1.4,0.65,5.923188184364654,0.0,9.227488328664798,0.0,12.756849163907987,3.71,3.62,1.69,0.73,12,2000,-0.006511627906974127,54.7953488372093,117.81
2001-03-31,750.96,14.81,0.21,1.4,26.37,16.21,63.93,11.75,0.0,734.75,-16.19,21.27,351.92,781.5,1263.87,796.75,2200.72,171.09,616.26,0.0,881.76,0.0,881.76,600.0,1318.96,15.69,-23.58,-22.43,47.72,13.987499999999999,5.35,0.67,0.21,1.4,6.67,2.68,3.08,4.48,4.52,4.92,2.04,1.97,1.43,0.55,3,2001,98.73333333333333,70.52380952380953,14.81
2001-06-30,696.23,-6.5,0.039109506618531895,1.9940633774568792,3.469999999999999,-6.340000000000002,35.160000000000004,13.0,0.0,702.5699999999999,-39.25,30.77,281.3,801.9,1224.29,803.63,2190.78,191.46,636.51,0.0,956.62,0.0,956.62,600.0,1234.17,119.41,-30.5,-79.41,41.5,83.1,6.32,0.78,-0.05,1.4,-28.0,-1.1889290012033695,-1.470517448856799,-2.0962695547533094,-2.0962695547533094,-2.503008423586041,0.59,0.57,1.28,0.44,6,2001,-331.4133333333333,-166.2,8.31
2001-09-30,646.7599999999998,33.68,0.46521552750654915,4.613965229816622,-6.109999999999999,-35.38,14.39,10.75,0.0,682.1400000000001,-48.42,0.3,326.17,741.32,1164.92,765.89,2089.74,94.62,407.7,0.0,826.64,0.0,826.64,600.0,1263.09,-224.33999999999997,-65.4,259.25,49.77000000000001,5.77549510095012,5.11,0.65,0.58,1.4,2.41,6.448849726125267,-3.914227196951655,10.651831388425816,10.619747558942604,-6.480933555608478,2.06,2.01,1.41,0.51,9,2001,334.0351724137931,72.39655172413794,41.99
2001-12-31,653.0300000000002,-113.21000000000001,-3.2586422353271556,-1.5174122921689954,-94.07000000000001,-113.51,-63.730000000000004,13.2,0.0,766.5500000000002,-138.19,0.29,326.54,553.02,994.15,747.54,1912.25,122.69,383.42,0.0,757.96,0.0,757.96,600.0,1154.29,92.89,-44.63000000000001,-48.25999999999999,49.78,-1.0128451550216413,6.86,0.66,-2.05,1.4,-0.68,-23.652973883740525,-44.76261724234766,-39.23087335018254,-36.814709351305815,-76.55424880651502,-2.66,-2.59,1.31,0.58,12,2001,-52.7171236333053,34.74146341463415,-71.22
2002-03-31,676.21,-12.64,-0.4,0.5,28.02,-10.33,39.35,11.4,0.0,686.54,-12.9,2.86,0.0,520.79,966.2,708.61,1844.06,107.98,390.78,0.0,700.79,0.0,700.79,600.0,1143.27,48.68,-6.68,-39.44,49.68,-7.125,5.98,0.61,-0.4,0.5,-1.25,-2.76,-2.04,-4.44,-4.12,-3.6000000000000005,-1.92,-1.87,1.38,0.64,3,2002,15.8,31.6,-12.64
2002-06-30,727.3899999999999,-2.2799999999999994,-0.0855764075067024,-0.09302949061662211,27.16,-0.07000000000000028,48.85,11.0,0.0,727.46,-14.94,16.86,337.52,592.93,1052.05,678.26,1901.0,27.08,468.97,50.0,649.2,150.0,799.2,600.0,1101.8,62.82,-12.61,-36.22,48.919999999999995,-32.13035087719299,5.99,0.73,-0.56,0.5,-0.89,-0.4767828418230562,-0.31174262734584446,-0.8252010723860588,-0.7824128686327075,-0.5073458445040213,-1.09,-1.06,1.62,0.71,6,2002,-2.4785714285714313,26.64285714285714,-14.92
2002-09-30,716.3499999999999,6.4,0.4056338028169015,-0.34431589537223334,32.690000000000005,10.6,60.32000000000001,10.0,0.0,705.75,-7.080000000000002,4.18,336.44,682.46,1118.97,648.56,1937.77,23.38,390.58,50.0,581.78,250.0,831.78,600.0,1105.98,-89.82,-26.950000000000003,104.09,49.72,6.163687499999999,5.43,0.75,-0.54,0.5,-0.93,1.3220657276995307,-0.030046948356807514,2.3136150234741786,2.163380281690141,-0.030046948356807514,-0.41,-0.4,1.92,0.75,9,2002,-5.432539682539681,15.777777777777777,-8.52
2002-12-31,714.2400000000002,17.07,-0.5590175438596492,0.7583495776478233,41.56999999999999,20.29,70.03,10.4,0.0,693.9499999999998,1.8200000000000003,44.89,354.29,713.52,1233.72,674.51,2071.81,62.42,441.29,100.0,737.55,200.0,937.55,600.0,1134.27,76.47999999999999,-40.24999999999999,4.479999999999997,49.74000000000001,-4.650659050966609,5.5,0.83,-0.28,0.5,-1.79,3.2742456140350873,8.225543859649122,5.989473684210526,5.989473684210526,12.298385964912281,0.31,0.3,1.67,0.71,12,2002,-23.15674603174603,-30.535714285714285,8.55
2003-03-31,691.1,9.06,0.08,0.0,12.84,13.35,64.81,10.1,0.0,677.75,-28.92,37.34,323.07,755.9,1242.92,772.2,2196.18,177.26,490.24,100.0,855.87,200.0,1055.87,600.0,1140.31,19.19,-28.92,2.18,51.46,31.5625,5.31,0.93,0.08,0.0,0.0,1.64,2.64,3.16,3.16,4.0,1.36,1.31,1.45,0.57,3,2003,0.0,113.25,9.06
2003-06-30,702.7800000000001,-4.66,0.14827272727272728,0.5,0.2699999999999996,-0.7199999999999989,51.83,10.7,0.0,703.5,-42.34,0.48,316.71,837.68,1275.52,863.16,2351.57,309.37,574.97,100.0,1085.64,150.0,1235.64,600.0,1115.94,55.3,-48.39999999999999,-43.76,52.550000000000004,18.041416309012877,5.75,1.11,-0.14,0.5,-3.57,-0.8049090909090908,-2.499454545454545,-1.6521818181818182,-1.6945454545454546,-4.236363636363636,0.33,0.32,1.17,0.4,6,2003,-15.714285714285714,-31.428571428571427,4.4
2003-09-30,681.7599999999998,-19.65,-0.8890819672131146,1.211007025761124,3.150000000000002,-14.620000000000001,35.040000000000006,11.8,0.0,696.3800000000001,-39.25999999999999,5.39,360.36,806.91,1288.7,867.54,2385.2,316.94,511.02,100.0,1124.15,150.0,1274.15,600.0,1111.06,-43.91,-91.56,140.39,49.65999999999998,-3.317748091603054,6.37,1.15,-0.69,0.5,-0.72,-3.298622950819672,-0.4638688524590164,-7.0611147540983605,-7.112655737704917,-0.824655737704918,-0.76,-0.73,1.15,0.43,9,2003,26.765010351966872,22.10144927536232,-15.25
2003-12-31,746.6400000000003,-28.909999999999997,-0.9492640398550725,0.13714785496744375,3.9599999999999973,-22.05,30.189999999999998,11.0,0.0,768.69,-43.31000000000002,0.82,403.99,785.36,1239.29,831.31,2296.59,353.93,370.16,100.0,1164.13,214.71,1378.84,600.0,917.75,-102.48,-173.25,271.15,52.24000000000001,-2.8984296091317887,7.19,1.5,-1.45,0.5,-0.34,-5.027826086956521,-2.8805253623188407,-12.595751811594202,-11.260235507246376,-5.551557971014493,-1.64,-1.56,1.06,0.39,12,2003,4.17686156921539,30.4551724137931,-44.16
2004-03-31,597.23,-21.26,-0.59,0.0,-1.93,-13.32,38.99,11.0,0.0,610.55,-40.36,1.32,321.95,734.12,1183.71,786.83,2188.22,270.4,433.22,100.0,1084.28,216.32,1300.6,600.0,887.62,99.53,-4.31,-94.72,52.31,-4.66,7.44,1.47,-0.59,0.0,0.0,-3.88,-2.44,-9.6,-8.4,-4.84,-3.73,-3.56,1.09,0.41,3,2004,0.0,36.03389830508475,-21.26
2004-06-30,590.3,2.0,0.06853582554517133,0.0,17.830000000000002,7.9,59.51,9.0,0.0,582.4000000000001,-17.950000000000003,3.01,297.92,809.71,1237.21,827.12,2231.29,258.04,520.9,100.0,1183.01,161.68,1344.69,600.0,886.6,84.41999999999999,39.370000000000005,-122.09,51.61,32.838300000000004,6.09,1.52,-0.66,0.0,0.0,0.35721703011422634,0.0996884735202492,0.90134994807892,0.7975077881619936,0.21599169262720663,-1.7,-1.62,1.05,0.36,6,2004,0.0,29.181818181818183,-19.26
2004-09-30,621.8500000000001,-33.31,-0.9631196499904889,0.0,-19.35,-27.04,24.489999999999995,8.8,0.0,648.8899999999999,-54.72,10.38,323.53,831.81,1298.98,850.71,2309.49,380.61,519.95,100.0,1299.6,162.4,1462.0,600.0,847.5,-25.319999999999993,-49.82,82.5,51.52999999999999,-2.284451365956169,6.23,1.73,-1.52,0.0,0.0,-5.778717899942933,-3.4976450447023013,-15.714057447213241,-13.610401369602435,-8.13582651702492,-3.05,-2.91,1.0,0.36,9,2004,0.0,34.58552631578947,-52.57
2004-12-31,682.7999999999997,-52.79,-1.4079337509491268,0.0,-42.01,-46.21,9.049999999999997,6.1,0.0,729.01,-77.60999999999999,0.43,345.68,727.06,1210.1,854.32,2222.78,434.86,483.36,100.0,1315.85,112.74,1428.59,600.0,794.18,45.33000000000001,-64.63,9.36,55.26000000000002,-1.0827391551430194,4.61,1.8,-2.81,0.0,0.0,-9.499794988610478,-6.974533029612757,-26.59541761579347,-24.671408504176156,-17.37620728929385,-4.44,-4.23,0.92,0.37,12,2004,0.0,37.494661921708186,-105.36
2005-03-31,592.19,-19.0,-0.54,0.0,-9.91,-12.31,41.44,6.5,0.0,604.5,-40.39,13.35,321.55,791.7,1233.72,817.77,2238.36,319.59,648.9,100.0,1349.63,112.99,1462.63,600.0,775.73,140.02,-8.31,-118.8,53.75,-3.01,5.03,1.89,-0.54,0.0,0.0,-3.4,-2.24,-9.8,-9.12,-5.56,-3.37,-3.21,0.91,0.33,3,2005,0.0,35.18518518518518,-19.0
2005-06-30,562.4299999999998,-71.69,-1.778613959642739,0.0,-25.09,-60.89,-8.869999999999997,6.0,0.0,623.3199999999999,-78.09,1.18,327.76,783.2,1205.01,775.22,2155.17,296.56,714.47,260.0,1348.88,111.77,1460.65,600.0,694.52,73.04999999999998,-8.31,-76.89,52.019999999999996,-0.8444075184823545,5.18,2.1,-2.25,0.0,0.0,-13.311937369059434,-10.561014444811997,-41.295463667438526,-36.26791487484839,-28.71078178409968,-8.23,-7.85,0.89,0.31,6,2005,0.0,40.306666666666665,-90.69
2005-09-30,570.8900000000001,-37.69,-0.9394609752297866,0.0,-18.270000000000003,-28.17,23.35,5.35,0.0,599.0700000000002,-49.67999999999999,40.32,346.26,687.67,1169.12,745.25,2073.4,338.99,454.65,50.0,1303.78,111.06,1414.84,600.0,658.56,-150.32,-11.849999999999998,201.3,51.519999999999996,-1.4220920668612365,4.87,2.15,-3.2,0.0,0.0,-7.2690792958404735,-5.43713039414239,-22.887618009035673,-20.022262034584827,-15.465876304720362,-7.77,-7.44,0.9,0.37,9,2005,0.0,40.11875,-128.38
2005-12-31,592.0000000000002,-16.060000000000002,-0.40917197452229304,0.0,-16.759999999999998,-4.890000000000001,43.230000000000004,5.25,0.0,596.8799999999999,-44.44,0.74,350.65,632.53,1079.97,700.85,1954.29,312.38,430.13,0.0,1206.96,102.11,1309.07,600.0,645.22,18.409999999999997,19.31,-77.3,48.120000000000005,-3.215273972602739,4.88,2.03,-3.68,0.0,0.0,-3.286718360564941,-2.2637884242592086,-9.958000553863197,-8.926175574633067,-6.324375519246747,-6.54,-6.23,0.89,0.37,12,2005,0.0,39.25,-144.44
2006-03-31,546.26,-18.84,-0.54,0.0,-2.32,-7.71,39.86,4.98,0.0,553.97,-40.64,0.88,329.81,692.81,1070.87,668.67,1906.62,281.51,480.83,0.0,1174.89,102.27,1277.16,600.0,629.46,37.37,5.0,-42.24,47.57,-2.305,4.75,2.03,-0.54,0.0,0.0,-3.96,-1.48,-11.96,-10.719999999999999,-4.2,-3.68,-3.45,0.91,0.32,3,2006,0.0,34.888888888888886,-18.84
2006-06-30,499.0,-29.330000000000002,-0.791550757733029,0.0,3.03,-17.669999999999998,28.189999999999998,5.6,0.0,516.6700000000001,-34.980000000000004,1.86,289.78,699.43,1021.81,627.08,1835.28,290.03,411.82,0.0,1114.97,101.39,1216.36,600.0,618.92,-8.779999999999998,2.5999999999999996,7.160000000000004,45.86000000000001,-1.7696275144902829,5.43,1.97,-1.3,0.0,0.0,-6.381116877724725,-3.0931368071413745,-18.9485073697322,-17.85251401287108,-8.573103591446959,-4.85,-4.61,0.92,0.29,6,2006,0.0,37.05384615384615,-48.17
2006-09-30,511.1400000000001,-9.549999999999997,-0.2696898821898821,0.0,9.879999999999999,2.1400000000000006,38.75,4.8,0.0,509.0,-8.909999999999997,0.39,317.02,670.07,1010.35,592.4,1784.02,306.82,351.66,0.0,1081.78,98.33,1180.11,600.0,603.92,-16.39,-14.66,29.589999999999996,36.609999999999985,-4.442324607329844,4.77,1.95,-1.63,0.0,0.0,-2.144282744282744,-0.794178794178794,-6.326957726957726,-6.0489951489951475,-2.19060984060984,-3.86,-3.71,0.93,0.31,9,2006,0.0,35.41104294478528,-57.72
2006-12-31,505.65999999999985,83.52,0.35609302325581393,0.0,81.81,95.05999999999999,26.700000000000003,4.08,0.0,410.5999999999999,49.83,1.68,307.59,549.02,878.12,664.88,1735.42,256.38,255.67,0.0,940.81,96.23,1037.04,600.0,698.37,21.73,29.74,-50.18,-68.35999999999999,2.8643498563218395,3.51,1.48,0.11,0.0,0.0,19.293767441860464,50.370976744186045,47.78120930232558,49.72353488372093,117.057488372093,1.32,1.25,0.93,0.35,12,2006,0.0,234.54545454545456,25.8
2007-03-31,442.28,-13.85,-0.42,0.0,23.76,-3.41,12.09,5.0,0.0,445.69,-19.7,6.98,273.95,545.7,853.77,657.06,1703.25,278.56,269.66,0.0,920.95,98.12,1019.07,600.0,684.18,20.29,-1.9,-13.1,15.5,-2.975,4.38,1.49,-0.42,0.0,0.0,-3.24,-0.76,-8.08,-8.44,-1.76,-3.25,-3.13,0.93,0.33,3,2007,0.0,32.976190476190474,-13.85
2007-06-30,391.27,-6.4300000000000015,-0.21560157790927026,0.0,29.889999999999997,2.93,18.43,4.4,0.0,388.34999999999997,-19.709999999999997,0.72,259.25,556.07,839.37,642.09,1661.54,284.15,281.14,0.0,894.15,100.91,995.06,600.0,666.48,30.189999999999998,-1.4700000000000002,-34.97,15.5,-5.1015396578538095,3.96,1.49,-0.68,0.0,0.0,-1.5472583826429982,-0.03804733727810652,-3.8554635108481268,-4.007652859960553,-0.07609467455621303,-2.55,-2.43,0.94,0.32,6,2007,0.0,29.823529411764707,-20.28
2007-09-30,390.6100000000001,-1.6400000000000006,-0.06284671532846717,0.0,40.26,6.800000000000001,22.3,5.6,0.0,383.79999999999995,-14.660000000000004,4.86,243.57,548.61,819.28,609.96,1618.77,253.11,272.63,0.0,863.08,99.06,962.13,600.0,656.63,34.36000000000001,1.0,-31.220000000000006,15.5,-22.28756097560975,5.12,1.47,-0.84,0.0,0.0,-0.40401459854014615,0.1107299270072993,-0.9995620437956207,-1.041459854014599,0.25138686131386867,-1.88,-1.79,0.95,0.31,9,2007,0.0,26.0952380952381,-21.92
2007-12-31,444.29999999999995,38.3,-0.23382173382173382,0.0,37.83000000000001,46.55,62.88999999999999,5.45,0.0,397.75,-20.139999999999993,15.5,238.59,354.63,657.61,595.46,1423.91,206.64,132.02,0.0,672.2,58.82,731.03,600.0,692.88,7.530000000000001,49.55,-46.44,16.340000000000003,-5.827088772845953,4.72,1.06,-0.1,0.0,0.0,10.755799755799755,31.332112332112334,22.07277167277167,21.97924297924298,65.75067155067156,1.06,0.98,0.98,0.45,12,2007,-0.0,-163.79999999999998,16.38
2008-03-31,254.77,-3.19,-0.18999999999999997,0.0,18.55,3.46,16.57,6.0,0.0,251.3,-11.2,5.9,168.86,331.84,524.74,580.18,1284.61,188.06,129.41,0.0,531.67,57.1,588.76,600.0,695.84,85.57,22.77,-117.94,13.11,-7.895,5.17,0.85,-0.19,0.0,0.0,-1.0,0.92,-1.84,-1.84,1.84,-1.33,-1.25,0.99,0.36,3,2008,0.0,16.789473684210527,-3.19
2008-06-30,269.09000000000003,3.33,-5.470714285714285,0.0,33.67,8.46,21.58,4.78,0.0,260.64,-4.91,22.04,150.37,332.2,526.94,567.49,1270.49,176.96,166.42,0.0,519.51,58.35,577.86,600.0,692.63,65.6,2.8500000000000014,-52.31,13.120000000000001,-0.21840840840840842,4.14,0.83,-0.23,0.0,0.0,0.9514285714285714,77.06571428571428,1.9028571428571428,1.9028571428571428,151.27714285714285,0.03,0.03,1.01,0.37,6,2008,-0.0,-0.6086956521739131,0.14
2008-09-30,290.05999999999995,25.48,0.2187978142076503,0.0,24.150000000000006,30.08,42.46,4.46,0.0,259.97999999999996,-13.920000000000002,9.19,174.88,323.76,526.94,500.6,1344.53,164.98,180.0,0.0,521.79,110.29,632.08,600.0,712.45,-2.369999999999976,1.3399999999999999,-11.810000000000002,12.379999999999999,5.095343406593407,3.76,0.89,0.22,0.0,0.0,7.598251366120219,11.258142076502732,14.321311475409836,14.87825136612022,20.28852459016393,3.47,3.15,1.01,0.39,9,2008,0.0,116.45454545454545,25.62
2008-12-31,179.74,-43.6,-2.109677419354839,0.0,-5.280000000000001,-38.33,-20.759999999999998,1.78,0.0,218.08000000000004,-20.54,26.21,115.28,245.09,401.07,481.48,1162.55,103.21,109.27,0.0,392.08,109.36,501.44,600.0,661.11,75.86999999999998,2.5199999999999996,-61.389999999999986,17.57,-0.21134747706422014,1.62,0.76,-0.87,0.0,0.0,-15.03448275862069,2.715906562847609,-26.38309232480534,-25.80111234705228,4.655839822024472,-1.96,-1.81,1.02,0.4,12,2008,0.0,20.666666666666668,-17.98
2009-03-31,107.17,-25.76,-0.69,0.0,-11.37,-21.99,-9.09,2.1,0.0,129.17,-21.86,9.79,62.88,231.48,317.95,469.58,1049.95,95.58,46.51,0.0,310.92,108.66,419.58,600.0,630.37,-11.31,2.5,-7.61,12.9,-0.76,2.0,0.67,-0.69,0.0,0.0,-9.8,-7.519999999999999,-16.36,-15.52,-11.92,-27.43,-24.04,1.02,0.28,3,2009,0.0,37.333333333333336,-25.76
2009-06-30,163.14999999999998,-22.319999999999997,-0.6034941763727121,0.0,0.8099999999999987,-18.930000000000003,-5.98,3.08,0.0,182.07000000000002,-20.0,5.52,125.85,184.53,333.02,455.58,1041.67,97.84,65.25,150.0,323.34,106.38,429.72,600.0,611.95,-2.49,5.890000000000001,-7.669999999999999,12.950000000000001,-1.2763172043010755,3.02,0.7,-1.3,0.0,0.0,-8.578901830282861,-6.573444259567387,-14.595274542429284,-13.685391014975039,-10.584359400998336,-19.97,-17.79,1.03,0.46,6,2009,0.0,36.98461538461538,-48.08
2009-09-30,187.76,8.21,0.25533985452721353,0.0,9.030000000000001,10.8,23.08,7.7,0.0,176.95999999999998,-9.590000000000003,8.98,118.95,165.05,309.79,425.7,991.79,120.26,91.08,0.0,254.14,104.89,359.03,600.0,632.76,68.55,32.58,-97.66,12.280000000000001,7.5393635809987805,7.3,0.57,-1.24,0.0,0.0,3.3111813393528973,2.1250865312264864,5.189164785553048,4.884404314020567,3.3606019563581646,-10.11,-8.7,1.22,0.57,9,2009,0.0,32.15322580645161,-39.87
2009-12-31,210.05,10.359999999999996,0.3931955269400202,0.0,21.76,11.760000000000002,23.18,8.5,0.0,198.29000000000002,0.6300000000000026,27.52,132.25,187.36,361.6,413.06,1024.05,0.29,93.16,0.0,272.45,99.23,371.68,600.0,652.37,-0.8900000000000006,169.39000000000001,-149.97000000000003,11.419999999999995,5.404944498069501,7.82,0.57,-1.12,0.0,0.0,4.044296848525922,2.359173161640121,6.347299220603182,6.305171128431038,3.4264181633344615,-5.09,-4.42,1.33,0.64,12,2009,0.0,26.348214285714285,-29.51
2010-03-31,768.81,430.32,9.45,0.0,17.26,540.04,16.05,8.9,0.0,228.76,-7.35,278.0,150.29,242.37,805.5,402.22,1460.69,0.06,155.4,0.0,268.28,98.93,367.2,600.0,1093.49,-15.11,265.82,-0.23,-523.99,0.235,4.88,0.34,9.45,0.0,0.0,117.84000000000002,172.08,157.4,199.72,181.16,203.46,55.97,3.0,2.1,3,2010,0.0,45.53650793650794,430.32
2010-06-30,262.51,10.220000000000027,0.22178054206201542,0.0,-2.3400000000000016,8.290000000000077,555.0200000000001,14.8,0.0,254.23000000000002,-22.369999999999997,211.01,168.21,200.99,836.6,392.17,1517.21,0.22,170.99,0.0,282.56,98.37,380.93,600.0,1136.28,54.33,-121.47,0.15000000000000002,546.73,16.703449119373733,7.81,0.34,9.56,0.0,0.0,2.6947727788623124,3.9772025241748867,3.597670132110601,4.676878376537897,4.121035093294603,100.2,42.72,2.96,2.25,6,2010,0.0,46.08158995815899,440.54
2010-09-30,314.6200000000001,15.25,0.32722306325281375,1.0,13.01,22.519999999999982,33.93999999999994,16.1,0.0,292.1,-11.829999999999998,181.1,186.37,251.5,642.03,383.76,1337.28,0.48,247.19,0.0,271.77,97.76,369.53,600.0,967.75,-66.16,242.98,-206.73,11.419999999999998,12.328745901639344,9.98,0.38,9.78,1.0,0.1,4.561047850984005,6.560521292700586,6.303560850391628,7.623159788499089,7.17080234318436,63.55,33.86,2.36,1.44,9,2010,46.60429447852761,46.60429447852761,455.79
2010-12-31,329.95000000000005,20.029999999999973,0.4255880374931691,0.00977382796453664,11.880000000000003,26.899999999999977,38.440000000000055,15.5,0.0,303.05000000000007,-9.25,188.3,172.32,210.36,658.08,399.52,1368.14,0.54,245.99,0.0,281.48,97.97,379.45,600.0,988.7,88.45,-81.31,0.060000000000002274,11.540000000000006,9.086427858212692,9.41,0.38,10.11,1.0,0.1,5.856360808709168,8.415782438737326,8.104273885082584,9.764530284561376,9.262748938674276,47.13,28.39,2.34,1.59,12,2010,0.45999830089869675,47.06429277942631,475.82
2011-03-31,355.62,45.3,0.89,0.0,57.66,67.07,79.42,17.4,0.0,288.55,34.25,196.13,205.94,267.77,714.01,336.3,1418.16,0.33,240.99,0.0,294.62,94.74,389.36,600.0,1028.8,-36.08,44.13,-0.22,12.35,4.8875,10.15,0.38,0.89,0.0,0.0,12.760000000000002,18.64,17.6,17.08,23.88,14.03,12.74,2.42,1.51,3,2011,0.0,50.89887640449438,45.3
2011-06-30,439.49,81.29,1.6567517181451934,1.7,83.22999999999999,110.22,123.04,14.4,0.0,329.27000000000004,61.480000000000004,255.13,212.17,453.56,944.24,334.43,1634.24,0.75,491.19,0.0,555.05,94.27,649.32,600.0,984.92,144.89999999999998,15.68,-101.58,12.820000000000002,2.1723834419977854,8.77,0.66,2.58,1.7,0.66,19.90670669089186,28.896832293230116,33.00660399715617,30.66917134054823,42.202218184690736,17.74,15.92,1.7,0.88,6,2011,83.41201550387596,49.065891472868216,126.59
2011-09-30,296.06000000000006,30.439999999999998,0.6086836910144559,0.032078401056036626,18.30000000000001,32.44,45.19,17.0,0.0,263.62,-1.9500000000000028,21.46,156.82,442.63,703.41,359.33,1414.17,0.0,301.36,0.0,315.93,94.02,409.95,600.0,1004.22,-141.5,-91.43,-0.7400000000000091,12.75,6.977104960578187,10.16,0.41,3.14,1.7,0.54,8.6068649302681,11.824746863656625,12.12715022607145,12.352014264790165,14.810010825956825,16.1,14.39,2.23,0.83,9,2011,1.604226534340583,50.009554140127385,157.03
2011-12-31,115.87999999999988,-134.21,-0.23524978089395268,1.5509794179873506,2.5999999999999943,-132.39999999999998,-118.23000000000002,17.4,0.0,248.26999999999998,4.069999999999993,10.72,38.47,366.43,430.29,352.42,1143.47,0.01,145.16,0.0,175.49,92.82,268.31,600.0,875.16,-67.72999999999999,56.980000000000004,0.0,14.170000000000002,-18.49098427836972,11.93,0.31,0.04,1.7,42.5,-47.04995617879054,-144.91386503067486,-61.40019281332165,-57.63619631901841,-187.9645749342682,2.1,1.89,2.45,0.36,12,2011,884.8337579617835,570.5,22.82
2012-03-31,295.83,47.46,0.9399999999999998,0.2,-80.99,47.76,62.23,13.1,0.0,248.07,-100.79,1.94,77.35,353.59,452.93,362.53,1234.22,35.12,174.38,0.0,219.68,91.82,311.51,600.0,922.72,-25.89,-18.0,35.12,14.47,3.485,8.52,0.34,0.94,0.2,0.21,15.400000000000002,14.4,20.56,19.44,18.84,32.22,16.04,2.06,0.45,3,2012,10.097872340425534,50.48936170212767,47.46
2012-06-30,131.83000000000004,-55.91,-2.7789585798816567,-0.30190608082588455,24.389999999999993,-55.08,-39.78999999999999,13.3,0.0,186.90000000000003,0.5200000000000102,12.89,149.78,274.92,440.69,351.18,1199.01,95.38,156.82,0.06,252.26,90.96,343.22,600.0,855.79,-37.87,0.5500000000000007,48.25000000000001,15.290000000000001,-1.1966173314255053,9.32,0.4,-0.42,0.2,-0.48,-18.52639053254438,-13.76246153846154,-26.201609467455622,-24.348970414201183,-20.37902958579882,-2.52,-1.98,1.75,0.66,6,2012,-6.07406281661601,20.119047619047617,-8.45
2012-09-30,213.01999999999992,-41.019999999999996,-1.2023246411966848,0.08205935295080233,-27.199999999999996,-40.39,-24.540000000000003,14.1,0.0,253.42999999999995,-51.63000000000001,3.46,171.96,248.54,426.42,339.38,1203.14,101.0,159.47,0.0,260.47,89.71,350.18,600.0,852.96,-12.93,-2.120000000000001,5.61999999999999,15.849999999999998,-2.9305728912725506,9.92,0.41,-1.45,0.2,-0.14,-13.631873862947241,-12.106165352739033,-19.237194259146957,-17.678318172629876,-16.782793612290273,-9.22,-7.72,1.64,0.68,9,2012,2.7996387520525454,34.11724137931034,-49.47
2012-12-31,170.7600000000001,-42.870000000000005,-1.1699415204678363,0.01378503730590846,0.23000000000000398,-41.449999999999996,-25.33,13.3,0.0,212.20000000000005,-20.099999999999994,36.12,121.37,215.08,376.82,333.1,1102.69,60.0,143.16,0.0,203.25,89.29,292.54,600.0,810.15,81.11,-7.440000000000001,-40.99999999999999,16.119999999999997,-2.843219034289713,9.85,0.36,-2.52,0.2,-0.08,-15.543508771929826,-14.744977257959716,-21.17037037037037,-20.353268356075375,-18.403365821962314,-12.98,-11.38,1.85,0.8,12,2012,0.50512315270936,36.642857142857146,-92.34
2013-03-31,234.13,2.9,-0.05,0.0,4.04,2.72,18.58,12.7,37.12,231.4,-23.78,15.38,79.87,227.12,326.62,318.88,1060.98,86.0,90.88,0.0,177.03,49.89,226.92,600.0,834.06,-46.52,-0.23,26.0,15.86,-63.50000000000001,9.14,0.27,-0.05,0.0,0.0,1.08,0.96,1.4,1.32,1.24,1.7,1.24,1.84,0.56,3,2013,-0.0,-57.99999999999999,2.9
2013-06-30,216.06,10.32,0.046838124054462936,0.0,14.2,10.1,26.440000000000005,11.5,38.77,205.96,-10.119999999999997,13.94,88.35,232.26,338.65,314.55,1047.9,52.0,107.57,0.0,177.04,49.51,226.55,600.0,821.35,41.620000000000005,-9.059999999999999,-34.0,16.340000000000003,61.38268895348837,8.4,0.28,0.06,0.0,0.0,3.934402420574887,3.559697428139182,5.027291981845688,4.9336157337367625,4.590136157337367,3.62,2.94,1.91,0.6,6,2013,0.0,220.33333333333334,13.22
2013-09-30,230.94,2.0199999999999996,-0.0013254593175853016,0.0,22.140000000000004,2.119999999999999,17.139999999999993,11.5,39.0,228.83000000000004,-3.0700000000000003,2.75,93.89,265.72,367.34,300.9,1066.8,19.63,154.58,0.0,189.33,50.31,239.64,600.0,827.16,21.08,0.10999999999999943,-32.37,15.019999999999996,-2169.0594059405944,8.34,0.29,-0.01,0.0,0.0,0.7581627296587925,0.6998425196850392,0.9755380577427819,0.9596325459317584,0.901312335958005,2.58,2.24,1.94,0.54,9,2013,-0.0,-1524.0,15.24
2013-12-31,222.73000000000002,1.17,-0.007129798903107861,-0.0,19.15,1.209999999999999,15.620000000000005,12.2,39.0,221.51999999999998,-10.840000000000003,8.97,107.83,267.86,388.87,294.32,1054.05,28.9,137.48,0.0,202.54,50.81,253.35,600.0,800.7,2.4499999999999993,-5.5,9.269999999999996,14.410000000000004,-427.7820512820513,9.14,0.32,-0.1,0.0,0.0,0.4448994515539305,0.42778793418647165,0.5846435100548445,0.5817915904936014,0.5418647166361974,2.05,1.82,1.92,0.6,12,2013,0.0,-164.1,16.41
2014-03-31,230.87,-0.13,-0.11999999999999998,0.0,15.85,0.49,14.88,11.1,0.0,230.38,-10.18,11.48,83.52,292.13,394.72,287.5,1064.68,40.2,161.31,0.0,252.6,0.0,252.6,600.0,812.08,-2.06,-6.73,11.31,14.39,-23.125,8.2,0.31,-0.12,0.0,0.0,-0.04,0.2,-0.08,-0.08,0.24,-0.06,-0.06,1.56,0.41,3,2014,0.0,1.0833333333333335,-0.13
2014-06-30,253.02999999999997,10.950000000000001,0.01012014787430684,0.0,11.03,11.17,25.36,12.0,0.0,241.87,-11.010000000000002,4.34,101.73,307.71,419.62,285.71,1111.04,17.85,200.43,0.0,219.22,50.4,269.62,600.0,841.42,24.68,-9.469999999999999,-22.36,14.189999999999998,296.43835616438355,8.56,0.32,0.01,0.0,0.0,3.926617375231054,4.371903881700555,5.22199630314233,5.262476894639557,5.302957486136784,2.4,2.24,1.91,0.51,6,2014,0.0,1082.0,10.82
2014-09-30,261.96000000000004,1.6600000000000001,-0.009310897435897436,0.0,6.23,2.5700000000000003,17.309999999999995,13.0,0.0,259.38,-18.56,4.83,96.62,279.02,385.51,272.25,1054.31,12.63,156.94,0.0,170.54,49.07,219.61,600.0,834.7,6.309999999999999,-0.6000000000000014,-5.219999999999999,14.740000000000002,-349.0453012048193,9.34,0.26,-0.07,0.0,0.0,0.6278205128205129,0.7129487179487181,0.7980769230769231,0.7980769230769231,0.8566025641025643,1.8,1.67,2.26,0.62,9,2014,-0.0,-178.28571428571428,12.48
2014-12-31,243.37,-34.46,-1.5050773430391264,0.0,-22.740000000000002,-34.39,-19.489999999999995,12.5,0.0,277.76,-44.269999999999996,23.57,112.14,146.77,287.95,260.12,936.88,14.02,79.64,0.0,94.57,49.74,144.32,600.0,792.56,19.009999999999998,-1.6600000000000001,1.3899999999999988,14.899999999999999,-2.0761723737666857,9.46,0.18,-0.96,0.0,0.0,-14.737215650591448,-12.73044585987261,-17.371101000909917,-17.308389444949952,-14.988061874431303,-2.38,-2.22,3.04,1.49,12,2014,0.0,22.895833333333336,-21.98
2015-03-31,179.78,1.1,-0.09,0.0,8.43,2.66,16.55,12.5,0.0,177.11,-10.98,3.46,124.84,177.51,311.47,247.34,941.17,9.09,95.93,0.0,105.82,46.3,152.12,600.0,789.05,-14.11,-1.07,-4.93,13.89,-34.7225,9.51,0.19,-0.09,0.0,0.0,0.4799999999999999,1.08,0.5600000000000002,0.5600000000000002,1.28,0.66,0.61,2.94,1.27,3,2015,-0.0,-12.222222222222223,1.1
2015-06-30,197.17,9.780000000000001,0.008988970588235294,0.0,10.190000000000001,8.87,22.779999999999998,12.5,0.0,188.31,-9.879999999999999,48.06,147.48,198.97,399.34,234.82,1020.4,1.0,175.52,0.0,176.78,46.35,223.13,600.0,797.27,50.43,2.25,-8.09,13.91,347.6482617586912,9.41,0.28,0.01,0.0,0.0,3.8472794117647062,3.883235294117647,4.890000000000001,4.782132352941177,4.925955882352942,3.16,2.89,2.26,1.13,6,2015,0.0,1088.0,10.88
2015-09-30,206.38000000000005,11.28,0.07126353790613718,0.0,25.669999999999998,11.13,24.83,12.5,0.0,195.25999999999993,3.789999999999999,75.37,125.92,191.39,395.74,222.36,1001.92,0.0,148.1,0.0,148.43,47.27,195.7,600.0,806.22,29.119999999999997,-0.7999999999999999,-1.0,13.7,43.85342198581561,9.3,0.24,0.14,0.0,0.0,4.499783393501805,4.479422382671481,5.59927797833935,5.497472924187726,5.3956678700361005,4.08,3.8,2.67,1.38,9,2015,0.0,158.28571428571428,22.16
2015-12-31,196.99,6.859999999999999,0.0425499655410062,0.0,14.170000000000002,7.620000000000001,20.950000000000003,13.5,0.0,189.36,-4.169999999999998,11.6,165.15,156.12,335.5,219.29,937.2,0.0,80.04,0.0,80.08,42.7,122.77,600.0,814.43,-53.959999999999994,-9.81,0.0,13.329999999999998,79.31851311953353,9.95,0.15,0.18,0.0,0.0,2.9312198483804273,3.054141971054445,3.3661750516884905,3.413452791178497,3.337808407994486,3.98,3.72,4.19,2.24,12,2015,0.0,161.22222222222223,29.02
2016-03-31,201.28,9.74,0.1,0.0,15.38,10.04,22.05,13.8,0.0,191.24,-3.67,34.23,176.3,136.65,350.26,212.77,946.8,0.0,78.19,0.0,78.28,42.76,121.04,600.0,825.76,27.38,-4.75,0.0,12.01,34.5,10.03,0.15,0.1,0.0,0.0,4.12,4.24,4.72,4.84,4.64,5.19,4.84,4.47,2.73,3,2016,0.0,97.39999999999999,9.74
2016-06-30,205.73,12.88,0.1537400530503979,0.0,10.65,13.150000000000002,24.849999999999998,13.1,0.0,192.57999999999998,-8.93,89.88,169.14,177.76,441.4,186.38,1030.32,0.0,151.04,0.0,194.02,0.0,194.02,600.0,836.3,51.81,3.85,0.0,11.700000000000001,21.302841614906832,9.4,0.23,0.27,0.0,0.0,5.01078691423519,5.1474447391688765,6.149602122015916,6.3090362511052165,6.3090362511052165,6.09,5.56,2.28,1.36,6,2016,0.0,83.77777777777777,22.62
2016-09-30,187.87,4.079999999999998,0.03667415730337077,0.0,12.019999999999996,4.119999999999997,15.920000000000002,13.0,0.0,183.75000000000006,-8.13,119.02,134.59,151.44,408.49,177.97,986.16,0.0,105.28,0.0,105.67,42.4,148.07,600.0,838.09,31.010000000000005,-1.87,0.0,11.799999999999997,88.62371323529415,9.31,0.18,0.24,0.0,0.0,1.6564494382022465,1.6808988764044936,1.9498426966292126,1.9865168539325835,1.8948314606741565,4.88,4.49,3.87,2.43,9,2016,0.0,111.25,26.7
2016-12-31,200.74,9.52,0.08936499171728328,0.0,13.910000000000004,6.790000000000003,16.720000000000006,13.2,0.0,193.95999999999992,-6.829999999999998,105.4,164.52,130.72,402.33,169.34,992.4,0.0,93.92,0.0,94.18,42.94,137.12,600.0,855.28,-1.8900000000000006,-11.74,0.0,9.93,36.92385504201681,9.26,0.16,0.34,0.0,0.0,3.8374378796245168,3.7112755383765874,4.447222528989509,4.56287134180011,3.9951408061844282,4.93,4.55,4.27,2.88,12,2016,0.0,106.52941176470587,36.22
2017-03-31,195.93,5.84,0.01,0.0,13.39,6.26,15.9,13.3,0.0,189.67,-7.6,112.33,158.45,147.4,421.71,160.8,1003.36,0.0,98.72,0.0,99.28,42.16,141.43,600.0,861.93,7.47,-0.53,0.0,9.64,332.5,9.26,0.16,0.01,0.0,0.0,2.32,2.56,2.72,2.76,2.76,3.21,2.98,4.25,2.76,3,2017,0.0,584.0,5.84
2017-06-30,202.58999999999997,11.77,0.10693923906871096,0.0,11.39,10.88,19.490000000000002,12.9,0.0,191.72,-9.08,94.02,147.03,214.73,460.22,153.71,1044.79,0.0,124.56,0.0,125.0,42.2,167.19,600.0,877.6,-19.83,1.52,0.0,8.61,30.159182242990653,8.82,0.19,0.16,0.0,0.0,4.518182850653038,4.411243611584327,5.373696763202725,5.480636002271436,4.97267461669506,4.83,4.42,3.68,1.96,6,2017,0.0,110.0625,17.61
2017-09-30,215.74,14.379999999999999,0.16182557049077836,0.0,19.990000000000002,15.14,23.08,13.3,0.0,200.59000000000003,0.379999999999999,49.48,156.27,199.68,408.96,148.05,989.2,0.0,0.0,0.0,53.11,41.81,94.92,600.0,894.29,-43.01,-1.54,0.0,7.940000000000001,20.54434283727399,8.92,0.11,0.36,0.0,0.0,5.807739918724602,5.87966239449828,6.437061581744295,6.634848390121913,6.203313535479837,5.66,5.21,7.7,3.94,9,2017,0.0,88.86111111111111,31.99
