,revenue,net_profit,eps,dps,gross_profit,ebit,ebitda,close_price,allowance_doubtful_accounts,expense,operating_profit,cash,account_receivable,inventory,current_asset,property_plant_equipment,total_asset,short_term_loan,account_payable,current_portion_long_term_debt,current_liability,non_current_liability,total_liability,paid_in_capital,total_equity,cash_flow_operation,cash_flow_investment,cash_flow_financing,depreciation,P/E,P/BV,D/E,EPS,DPS,DPR%,ROA%,ROAA%,ROE%,ROAE%,ROCE%,NPM%,NPMA%,TIE,CurrentRatio,QuickRatio,month,year,dividend,number_of_shares,return_old
2000-03-31,1724.12,259.06,0.43,0.0,655.62,259.06,349.98,11.5,0.0,1465.06,294.5,82.54,1316.76,583.08,2039.01,9332.14,12032.71,0.0,371.15,962.6,1952.92,8177.89,10130.81,6022.97,1901.9,236.15,-6.02,-259.95,90.92,6.685,36.42,5.33,0.43,0.0,0.0,8.6,0.0,54.48,0.0,10.28,15.05,15.03,0.0,1.04,0.75,3,2000,0.0,602.4651162790698,259.06
2000-06-30,1363.13,-69.47999999999999,-0.10261841966452157,0.0,511.9799999999999,-69.47999999999999,21.45999999999998,8.9,0.0,1432.6100000000001,159.11,636.62,1228.48,728.63,2872.02,9260.93,12794.51,0.0,310.73,995.9,1688.24,6266.72,7954.96,9030.1,4839.55,-304.36,-19.73,878.1800000000001,90.94000000000001,-21.685190702360394,16.61,1.64,0.28,0.0,0.0,-2.1696465871927413,-0.0,-5.746631501213207,-0.0,-2.5068213946618836,6.16,6.14,0.0,1.7,1.27,6,2000,0.0,677.0714285714286,189.58
2000-09-30,1720.2399999999998,-216.07000000000002,-0.3262665156662892,0.0,573.3200000000002,-216.07000000000002,-58.71999999999997,6.5,0.0,1936.3099999999995,227.03999999999996,733.15,1295.64,650.48,2949.85,9198.26,12810.0,0.0,372.52,1074.24,1704.66,6481.85,8186.52,9030.1,4623.48,375.47999999999996,-29.740000000000002,-249.22000000000003,157.34999999999997,-4.9805907807654926,12.7,1.77,-0.04,0.0,0.0,-6.851596828992073,0.0,-18.597191392978484,0.0,-7.830396375990941,-0.55,-0.55,0.0,1.73,1.35,9,2000,0.0,662.25,-26.49
2000-12-31,1372.9400000000005,-108.84000000000002,-0.13672356461981824,0.0,360.5799999999999,747.21,861.31,5.1,0.0,625.7300000000005,896.5100000000001,928.71,1171.67,646.15,2981.23,9171.86,12807.98,0.0,419.64,1042.0,1874.54,6418.8,8293.34,9030.1,4514.64,525.77,-50.73,-279.48,114.10000000000002,-9.325385887541344,10.2,1.84,-0.17,0.0,0.0,-3.4100465528707606,0.0,-9.651075149634227,0.0,21.20019507869652,-2.2,-2.19,0.0,1.59,1.25,12,2000,0.0,796.0588235294118,-135.33
2001-03-31,1451.07,1.08,0.0,,378.08,174.66,290.36,5.0,0.0,1276.41,131.73,546.89,1245.58,639.76,2656.0,9108.02,12518.54,0.0,423.89,1272.8,1831.72,6171.11,8002.83,9030.1,4515.72,-252.3,-13.88,-115.64,115.7,0.0,10.0,1.77,0.0,0.0,0.0,0.04,5.68,0.08,0.12,6.52,0.07,0.07,0.0,1.45,1.1,3,2001,,inf,1.08
2001-06-30,1458.4199999999998,91.52,0.09883369330453565,,405.88000000000005,256.5,377.21000000000004,5.1,0.0,1201.9199999999998,249.14000000000001,820.36,1240.6,733.47,2974.78,9037.23,12768.02,0.0,386.57,1272.8,1988.62,6172.16,8160.78,9030.1,4607.24,303.72,-22.93,-481.05000000000007,120.71,12.900458916083915,10.0,1.77,0.1,0.0,0.0,2.88594384449244,13.322781857451405,7.946228941684665,7.748561555075593,15.813390928725703,3.2,3.18,0.0,1.5,1.13,6,2001,,925.9999999999999,92.6
2001-09-30,1374.83,-44.14999999999999,-0.04556243550051599,0.0,256.74,111.48999999999995,233.53999999999996,3.2,0.0,1263.3400000000001,110.63999999999999,366.69,1117.8,631.18,2263.51,8959.44,11974.57,0.0,374.9,1361.6,1917.92,5493.56,7411.48,9030.1,4563.09,156.79000000000002,-17.989999999999995,-255.01999999999998,122.04999999999998,-17.558323895809743,6.33,1.62,0.05,0.0,0.0,-1.4579979360165114,-15.9650773993808,-3.8636945304437553,-3.827244582043343,-19.682972136222904,1.14,1.13,0.0,1.18,0.85,9,2001,0.0,969.0,48.45
2001-12-31,1254.96,39.97,0.0452047048179145,0.0,358.5799999999999,143.73000000000002,267.05000000000007,3.12,0.0,1111.2299999999996,166.11,672.48,1104.74,658.65,2555.46,8877.4,12152.99,0.0,355.26,1361.6,2053.65,5496.29,7549.93,9030.1,4603.05,320.65,-14.870000000000005,-408.8599999999999,123.32,17.25484113084814,6.12,1.64,0.1,0.0,0.0,1.3199773806831032,9.945035059941189,3.471721330015833,3.507885093870165,12.295679710472744,1.59,1.6,0.0,1.24,0.92,12,2001,0.0,884.1999999999999,88.42
2002-03-31,1351.0,100.88,0.11,0.0,364.05,226.59,327.15,10.9,0.0,1124.41,227.0,43.7,1112.57,608.82,1980.9,8792.01,11487.52,0.0,416.62,1361.6,1967.52,4816.07,6783.59,9030.1,4703.93,198.97,-10.28,-272.32,100.56,24.772499999999997,20.92,1.44,0.11,0.0,0.0,3.52,7.56,8.56,8.76,9.52,7.47,7.47,0.0,1.01,0.7,3,2002,0.0,917.090909090909,100.88
2002-06-30,1476.8600000000001,258.46,0.28770523737964043,0.0,539.9100000000001,377.13,522.89,7.5,0.0,1099.7299999999998,378.66999999999996,98.34,1152.81,710.9,2552.09,8675.63,11936.15,0.0,521.47,1361.6,2155.88,4817.87,6973.76,9030.1,4962.4,468.61,-5.07,-408.90000000000003,145.76,6.517086783254662,13.65,1.41,0.4,0.0,0.0,8.659927645127176,14.068786107864417,20.829859186285972,21.606663327211,17.751413146323817,12.71,12.71,0.0,1.18,0.85,6,2002,0.0,898.3499999999999,359.34
2002-09-30,1664.4500000000003,268.28000000000003,0.2992192728083873,0.0,540.3699999999999,378.75,489.43000000000006,7.25,0.0,1285.7000000000003,384.2800000000001,178.31,1030.88,620.12,2021.95,8563.71,11292.96,0.0,358.7,1361.6,1923.09,4139.19,6062.28,9030.1,5230.68,362.64,-10.35,-272.31999999999994,110.68,6.059101684806917,12.52,1.16,0.7,0.0,0.0,9.506623753226476,14.430918071444506,20.517892992575128,21.919949013734428,17.936058124342754,14.04,13.97,0.0,1.05,0.73,9,2002,0.0,896.6,627.62
2002-12-31,1381.96,174.12,0.19328809838601044,0.0,416.5600000000002,270.22,373.53999999999996,9.65,0.0,1111.7399999999998,261.21000000000004,80.38,1054.56,651.8,2378.82,8492.4,11573.5,0.0,321.33,1361.6,2027.02,4141.68,6168.71,9030.1,5404.79,348.5899999999999,-24.63,-421.8900000000001,103.32,12.47826441534574,16.12,1.14,0.89,0.0,0.0,6.020164142988999,9.173583455983238,12.88297752388555,13.91674308379275,11.397482475615535,13.72,13.65,0.0,1.17,0.85,12,2002,0.0,900.8314606741573,801.74
2003-03-31,1494.29,268.75,0.3,0.0,487.67,357.24,458.81,10.5,0.0,1137.04,353.58,36.74,1020.38,769.48,2020.99,8404.99,11122.5,0.0,398.09,1361.6,1988.88,3460.08,5448.96,9030.1,5673.54,238.05,-9.36,-272.32,101.57,8.75,16.71,0.96,0.3,0.0,0.0,9.680000000000001,12.64,18.96,20.72,15.64,18.06,17.99,0.0,1.02,0.63,3,2003,0.0,895.8333333333334,268.75
2003-06-30,1416.44,161.01999999999998,0.1798394490076087,0.0,378.58,241.39,344.19,12.0,0.0,1175.06,234.94,45.72,1004.69,734.62,2386.12,8317.11,11398.18,0.0,423.69,1361.6,2105.18,3458.43,5563.62,9030.1,5834.56,428.3,-10.420000000000002,-408.91,102.80000000000001,16.681545770711715,18.57,0.95,0.48,0.0,0.0,5.64995602298904,7.688136445075273,11.0451394932173,11.929350117504711,9.651383763408335,14.83,14.77,0.0,1.13,0.78,6,2003,0.0,895.3541666666666,429.77
2003-09-30,1584.19,201.71000000000004,0.2235969468550073,0.0,434.03,274.37,378.8699999999999,13.9,0.0,1309.8200000000002,269.61,112.57,958.45,644.93,1907.16,8245.35,10843.55,0.0,391.52,1361.6,2030.41,2776.87,4807.28,9030.1,6036.27,354.84000000000003,-15.670000000000002,-272.31999999999994,104.5,15.543593277477564,20.79,0.8,0.7,0.0,0.0,7.436195603977958,10.0810280610629,13.364708937733582,14.322981567112183,12.661975676189272,14.11,14.05,0.0,0.94,0.62,9,2003,0.0,902.1142857142858,631.48
2003-12-31,1672.5299999999997,239.77999999999997,0.2642021899318229,0.0,439.60000000000014,299.23,403.95000000000005,17.7,0.0,1373.3000000000002,282.44999999999993,68.53,1066.85,525.29,2295.52,8192.59,12353.56,0.0,416.52,1361.6,2122.87,2776.66,4899.53,5418.06,7454.03,411.99,-47.129999999999995,-408.9000000000001,104.71999999999997,16.75080740678956,12.87,0.66,0.96,0.0,0.0,7.760939329247297,10.788256088882768,12.86884833459587,14.9164153065675,12.615654569244542,14.21,14.13,0.0,1.08,0.83,12,2003,0.0,907.5625,871.26
2004-03-31,1697.83,288.31,0.3,0.0,469.07,343.24,446.83,14.4,0.0,1354.59,329.02,65.64,1159.76,590.82,2048.6,8120.93,11640.56,135.0,437.8,1361.6,2195.92,2094.96,4290.88,5418.06,7349.68,162.49,-28.06,-137.32,103.59,12.0,10.62,0.58,0.3,0.0,0.0,9.92,12.08,15.680000000000001,17.72,14.52,17.14,16.98,0.0,0.93,0.66,3,2004,0.0,961.0333333333334,288.31
2004-06-30,1824.7600000000002,312.95,0.3279088913282107,0.0,531.1500000000001,362.39,462.31,12.1,0.0,1462.3700000000001,367.28,20.93,976.64,683.73,2304.47,8049.94,11884.19,0.0,415.2,1361.6,2073.24,2092.23,4165.47,5688.93,7718.72,530.29,-31.099999999999998,-543.9000000000001,99.91999999999999,9.226876977152902,8.92,0.54,0.63,0.0,0.0,10.534723746798388,12.616684961580681,16.218477863154042,18.466995975118916,14.969301134284668,17.15,17.07,0.0,1.11,0.78,6,2004,0.0,954.3809523809524,601.26
2004-09-30,1936.7600000000002,297.52,0.31447517746278286,0.0,514.74,343.15999999999997,445.9699999999999,9.8,0.0,1593.5900000000001,353.05999999999995,17.54,1173.05,660.42,2068.17,7969.57,11681.85,22.38,529.3,1361.6,2131.32,1410.88,3542.2,5688.93,8139.65,270.98,-24.430000000000007,-249.94999999999993,102.81,7.793937886528638,6.85,0.44,0.95,0.0,0.0,10.182375219742317,12.327426956541089,14.618130354480517,16.78966421148668,14.53868399385834,16.52,16.46,0.0,0.97,0.66,9,2004,0.0,946.0842105263158,898.78
2004-12-31,2111.6799999999994,459.80999999999995,0.48397846296528013,0.0,665.5,499.84000000000015,603.72,11.2,0.0,1611.8499999999995,496.1500000000001,32.4,1346.33,769.4,2792.19,7910.13,12427.27,0.0,723.36,1361.6,2326.93,1411.13,3738.06,5688.93,8689.21,483.26,-37.129999999999995,-431.2700000000001,103.88,5.78378009395185,7.33,0.43,1.43,0.0,0.0,14.796880000588843,16.9223238799049,21.173211638537012,22.784216871903954,20.75353800631537,18.01,17.94,0.0,1.2,0.87,12,2004,0.0,950.0629370629371,1358.59
2005-03-31,2375.53,420.32,0.44,0.0,629.55,455.56,560.89,11.3,0.0,1919.97,444.67,40.23,1558.82,702.17,2532.02,7889.3,12188.4,0.0,803.17,1361.6,2338.73,728.92,3067.65,5688.93,9120.75,393.19,-113.02,-272.33,105.33,6.42,7.05,0.34,0.44,0.0,0.0,13.8,15.28,18.44,20.4,18.52,17.79,17.69,0.0,1.08,0.78,3,2005,0.0,955.2727272727273,420.32
2005-06-30,1915.7400000000002,361.71999999999997,0.37927778630249087,0.35,495.0,393.17,474.7600000000001,9.3,0.0,1522.57,348.06,144.59,1296.4,772.21,3167.3,7877.38,12613.72,0.0,916.93,1361.6,2470.6,1228.1,3698.7,5688.93,8915.02,784.48,-107.3,-572.8199999999999,81.58999999999999,6.129280659073316,5.93,0.41,0.82,0.35,0.43,11.470840366221678,12.821439312567131,16.225688711574854,17.39127410362641,15.485634494399262,18.58,18.22,0.0,1.28,0.97,6,2005,333.79756097560977,953.7073170731708,782.04
2005-09-30,3070.5699999999997,1270.1100000000001,1.3182926686645713,0.0035395536982925934,600.03,1298.8400000000001,1416.9299999999998,9.6,0.0,1771.7200000000003,416.24,2043.91,1498.24,798.69,4926.41,8118.29,13464.17,0.0,659.23,1361.6,2201.54,546.92,2748.46,6400.04,10715.71,-36.25,844.9000000000001,1090.6599999999999,118.09,1.821731287053877,5.73,0.26,2.13,0.35,0.16,37.72916482713252,42.284392076602586,47.40902273225642,53.89527022878445,47.21096937358381,32.15,27.88,0.0,2.24,1.87,9,2005,3.410185503263449,963.4507042253522,2052.15
2005-12-31,2084.3199999999997,338.25999999999976,0.3382019820867548,0.012850090953222626,540.5799999999999,358.39999999999964,466.7800000000002,9.85,0.0,1725.9299999999994,348.70000000000005,2841.83,1616.18,953.1,6429.91,8586.86,15435.35,0.0,829.86,1361.6,2472.84,547.22,3020.06,7111.16,12415.29,418.98,-574.1,953.05,108.38,7.278786436468994,5.64,0.24,2.39,0.35,0.15,8.767780255270011,10.182851310026306,10.89604712162348,12.820543756092041,10.94132939537568,28.33,25.31,0.0,2.6,2.21,12,2005,12.852295362130917,1000.1715481171547,2390.41
2006-03-31,1873.61,102.94,0.09,0.0,282.46,119.38,226.03,9.65,0.0,1754.23,136.99,1817.96,1466.72,859.9,5025.27,9111.23,14557.51,0.0,663.27,680.8,1496.89,545.29,2042.18,7111.16,12515.33,109.78,-625.69,-507.96,106.65,26.805,5.48,0.16,0.09,0.0,0.0,2.84,3.5599999999999996,3.2800000000000002,3.8,3.64,5.61,5.49,0.0,3.36,2.78,3,2006,0.0,1143.7777777777778,102.94
2006-06-30,1966.3500000000001,220.10000000000002,0.18396173848439826,0.58,310.17,232.69,339.78,8.9,0.0,1733.6599999999999,144.68,2092.99,1572.21,910.83,5494.69,9820.82,15733.6,0.0,741.75,680.8,1648.07,2044.66,3692.73,7111.16,12040.87,282.82000000000005,-811.8299999999999,804.04,107.09,12.093819173103135,5.26,0.31,0.27,0.58,2.15,5.58698613174839,6.758890539871223,7.303962357602774,8.394105993065875,6.813397721644378,8.6,8.41,0.0,3.33,2.78,6,2006,693.9377777777777,1196.4444444444443,323.04
2006-09-30,2046.8199999999997,55.599999999999966,0.04698922459328119,-0.006467591614432888,231.51,64.09000000000003,167.30000000000007,8.3,0.0,1982.73,51.19,1493.02,1696.84,559.87,4017.59,10884.95,15314.9,0.0,1018.83,0.0,1173.26,2043.84,3217.1,7111.16,12097.81,510.94999999999993,-1160.4299999999998,49.50999999999999,103.20999999999998,44.163316546762616,4.88,0.27,0.32,0.58,1.81,1.4507923093175568,1.697485738432283,1.8384534122121265,1.9500528206211691,1.7268540038030835,6.54,6.43,0.0,3.42,2.95,9,2006,-7.652777777777715,1183.25,378.64
2006-12-31,2101.58,86.17000000000002,0.07230115531077216,0.004170844000774408,247.7800000000001,87.73999999999995,188.19999999999993,7.9,0.0,2013.8400000000001,63.06999999999999,628.58,1716.27,555.12,3170.14,11984.69,15571.12,0.0,916.16,125.0,1460.26,1918.14,3378.4,7111.16,12192.72,343.56999999999994,-1208.0100000000002,0.0,100.46000000000004,27.32114018800046,4.61,0.28,0.39,0.58,1.49,2.2172354295303465,2.410038510359072,2.825306684451712,2.8030601751253204,2.6473346098405806,5.9,5.82,0.0,2.17,1.79,12,2006,4.970897435897314,1191.8205128205127,464.81
2007-03-31,2701.09,-28.4,-0.02,0.0,141.1,-8.09,181.21,8.05,0.0,2709.18,-28.88,122.5,2056.57,715.95,3179.22,12032.98,15619.49,200.0,931.14,125.0,1531.36,1917.69,3449.04,7111.16,12170.45,-473.65,-232.44,200.0,189.3,-100.625,4.7,0.28,-0.02,0.0,0.0,-0.72,-0.2,-0.9200000000000002,-0.9200000000000002,-0.24000000000000002,-1.06,-1.05,0.0,2.08,1.61,3,2007,0.0,1420.0,-28.4
2007-06-30,2840.45,131.95,0.11468372766779332,0.11999999999999998,344.95000000000005,155.3,350.17999999999995,8.25,0.0,2685.14,144.54,142.75,2414.7,738.92,3533.24,11939.73,15876.59,0.0,1504.64,250.0,1928.45,1792.02,3720.47,7111.16,12156.12,465.33,-102.83999999999997,-342.22,194.88,17.984896741189846,4.83,0.31,0.09,0.12,1.33,3.313085465958474,4.740260743602125,4.332496378561082,4.383466924191212,5.402877836793819,1.88,1.87,0.0,1.83,1.45,6,2007,138.06666666666666,1150.5555555555557,103.55
2007-09-30,3485.62,195.51999999999998,0.16343999732504094,0.004586663100054607,675.6800000000001,225.01000000000002,422.85,7.8,150.0,3260.630000000001,430.7900000000001,123.42,2554.88,852.58,3808.98,11856.32,16057.81,300.0,1172.81,250.0,1911.5,1791.07,3702.57,7111.16,12355.24,-141.6,-177.74,300.0,197.83999999999997,11.930984042553193,4.49,0.3,0.25,0.12,0.48,4.863974320393218,6.197644698565553,6.328396696425586,6.406847895141606,6.877555087437723,3.33,3.31,0.0,1.99,1.55,9,2007,5.486933333333326,1196.28,299.07
2007-12-31,3652.9300000000003,355.41,0.29867299229922994,-0.000636963696369629,576.01,382.69999999999993,580.2,7.85,150.0,3270.2199999999993,360.6099999999999,282.52,2923.19,710.91,4199.28,11956.17,16548.49,0.0,1730.12,250.0,2161.83,1666.02,3827.85,7111.16,12720.64,880.15,-296.03999999999996,-425.0,197.5,6.569475816662445,4.39,0.3,0.55,0.12,0.22,8.580060506050605,10.20918591859186,11.186661166116613,11.403877887788779,11.403877887788779,5.19,5.16,0.0,1.94,1.61,12,2007,-0.7579636363636268,1189.9636363636364,654.48
2008-03-31,3017.75,115.74,0.1,0.0,435.42,141.77,339.03,7.8,150.0,2875.99,263.41,249.25,1844.53,977.77,3337.15,11945.78,15678.48,180.0,693.2,250.0,1210.68,1625.0,2835.68,7111.16,12842.8,-25.1,-188.17,180.0,197.26,19.5,4.32,0.22,0.1,0.0,0.0,2.96,3.64,3.6,3.72,3.92,3.87,3.84,0.0,2.76,1.95,3,2008,0.0,1157.3999999999999,115.74
2008-06-30,4253.99,617.13,0.5220852265749724,0.17,806.48,642.83,842.1700000000001,6.95,150.0,3611.1500000000005,614.26,378.01,2644.69,787.13,4064.14,11963.43,16427.16,0.0,1286.94,250.0,1691.58,1500.0,3191.58,7111.16,13235.58,851.6700000000001,-216.43000000000004,-506.47,199.34000000000003,3.3280964707598075,3.73,0.24,0.62,0.17,0.27,15.022581358221785,16.36989807196365,18.66033648532482,19.435043595726388,17.919312292766794,10.16,10.08,0.0,2.4,1.94,6,2008,200.94822580645163,1182.0483870967741,732.87
2008-09-30,4097.800000000001,679.9,0.5726912377810967,0.0007379200367523504,932.6999999999998,705.2599999999999,918.9100000000001,6.1,150.0,3392.54,696.37,729.38,2729.92,1053.59,4773.28,11880.01,17055.66,0.0,1201.67,250.0,1634.28,1500.0,3134.28,7111.16,13921.39,488.86,-137.5,0.0,213.64999999999998,2.6649176717164287,3.12,0.23,1.19,0.17,0.14,15.939104029672203,17.325113075730656,19.53887752429624,20.693885062678284,18.595621367950905,12.51,12.43,0.0,2.92,2.28,9,2008,0.8760599078341329,1187.201680672269,1412.77
2008-12-31,1950.949999999999,-377.96000000000004,-0.31776384070505703,0.0003194513278489761,-18.980000000000018,-353.15999999999985,-131.73000000000002,3.68,150.0,2304.1100000000006,-245.94000000000005,1376.69,1421.11,661.11,3720.86,11709.84,15830.47,0.0,449.13,250.0,916.66,1375.0,2291.66,7111.16,13538.82,861.8599999999999,-89.54999999999995,-125.0,221.42999999999995,-2.8953105487353157,1.93,0.17,0.87,0.17,0.2,-9.554829968786542,-10.25610189310115,-11.16191146200752,-11.512547424164824,-11.132691798494411,7.82,7.77,0.0,4.06,3.34,12,2008,0.37996715927747005,1189.4367816091954,1034.81
2009-03-31,2671.43,329.57,0.28,0.0,440.71,349.41,568.75,3.84,0.0,2322.02,269.98,2230.47,1577.3,580.62,4497.79,11495.62,16395.35,0.0,765.04,250.0,1149.34,1375.0,2524.34,7111.16,13871.01,858.51,-4.73,0.0,219.34,3.4275,1.97,0.18,0.28,0.0,0.0,8.04,8.72,9.52,9.88,9.16,12.4,12.34,0.0,3.91,3.41,3,2009,0.0,1177.0357142857142,329.57
2009-06-30,3019.5000000000005,196.09999999999997,0.16414100100823711,0.35,568.3399999999999,220.76999999999992,443.15,6.0,184.59,2798.73,406.03999999999996,1875.46,1774.8,638.17,4393.22,11282.66,16081.9,0.0,883.73,125.0,1171.23,1250.0,2421.23,7111.16,13660.67,317.93000000000006,-8.129999999999999,-664.82,222.38000000000002,9.140921468638451,3.12,0.18,0.44,0.35,0.8,4.879464302699412,5.23759012308102,5.744935035288298,5.8344664903837,5.700169307740596,9.43,9.24,0.0,3.75,3.21,6,2009,418.14659090909083,1194.7045454545453,525.67
2009-09-30,3122.33,371.18000000000006,0.314541785136868,-0.004341761822945946,565.5699999999999,393.84000000000003,622.9,6.85,184.59,2728.4799999999996,381.95000000000005,1662.73,1971.39,679.59,4462.66,11079.87,15944.25,0.0,1025.11,0.0,1163.46,750.0,1913.46,7111.16,14030.79,439.78,-27.5,-624.9999999999999,229.05999999999995,5.442520138477287,3.47,0.14,0.76,0.35,0.46,9.303814907732622,9.668021185259521,10.57853687907677,10.628201371466803,10.793749679433574,10.24,10.18,0.0,3.84,3.25,9,2009,-5.12356459330141,1180.0657894736842,896.85
2009-12-31,3104.8500000000004,88.39999999999998,0.07447043897487945,0.002058754791062945,311.5100000000002,110.27999999999997,343.71000000000004,6.3,184.59,2994.58,112.8599999999999,1255.3,1952.62,635.34,3988.2,10920.15,15290.94,0.0,1049.37,0.0,1177.26,0.0,1177.26,7111.16,14113.68,408.3399999999999,-65.77,-750.0,233.43000000000006,21.148324377828057,3.17,0.08,0.83,0.35,0.42,2.311275310834813,2.476366404465871,2.505077899010403,2.5589119512814,2.731180918548591,8.32,8.27,0.0,3.39,2.85,12,2009,2.44384115409008,1187.0481927710844,985.25
2010-03-31,3038.06,166.01,0.14,0.0,325.18,168.38,388.67,6.8,0.0,2869.68,151.14,1159.39,1980.1,735.4,4061.92,11282.19,15734.68,0.0,1154.52,0.0,1481.14,0.0,1481.14,7111.16,14253.54,502.8,-648.49,0.0,220.29,12.1425,3.39,0.1,0.14,0.0,0.0,4.24,4.2,4.64,4.72,4.72,5.53,5.46,0.0,2.74,2.25,3,2010,0.0,1185.7857142857142,166.01
2010-06-30,3388.1299999999997,400.35,0.33930362313722723,0.35,578.22,403.53,626.4100000000001,7.2,0.0,2984.6,360.01,652.68,1950.02,743.42,3602.48,11384.75,15379.74,0.0,893.69,0.0,1135.6,0.0,1135.6,7111.16,14244.14,110.94999999999999,-202.85000000000002,-414.82,222.88000000000002,5.304983139752716,3.59,0.08,0.48,0.35,0.73,10.405311109541636,10.292209901829226,11.253570167384702,11.47977258280952,11.366671375097111,8.95,8.81,0.0,3.17,2.52,6,2010,412.97083333333336,1179.9166666666667,566.36
2010-09-30,3349.3100000000004,525.9799999999999,0.44299540436127943,0.002184149013432821,716.0200000000001,528.7700000000001,754.35,9.85,0.0,2820.55,523.34,1192.72,1893.18,657.24,3972.94,11724.19,16100.94,0.0,876.01,0.0,1208.5,100.0,1308.5,7111.16,14792.44,985.1099999999999,-532.2099999999999,87.13999999999999,225.57999999999998,5.560554298642535,4.74,0.09,0.92,0.35,0.38,13.058734093780325,13.232080121573867,14.214374279070617,14.599587674167383,14.233634948825456,11.31,11.17,0.0,3.29,2.74,9,2010,2.5932971014491386,1187.3260869565215,1092.34
2010-12-31,3244.3999999999996,416.24,0.3504121756883957,0.00015680596841151365,627.9899999999998,418.90999999999985,644.8700000000001,14.6,0.0,2825.4799999999996,423.1700000000001,879.0,2095.12,605.57,3813.74,12756.82,16969.09,0.0,1058.03,0.0,1698.12,100.0,1798.12,7111.16,15170.97,750.6200000000001,-1064.34,0.0,225.96000000000004,10.419871948875647,6.84,0.12,1.27,0.35,0.28,9.81154091927508,10.39648092908563,10.97038433493749,11.36770207745032,10.98142093889618,11.72,11.59,0.0,2.25,1.89,12,2010,0.18626326600491439,1187.8582677165355,1508.58
2011-03-31,2810.34,187.28,0.16,0.0,399.75,189.75,410.71,14.4,0.0,2620.59,199.14,660.63,1914.82,579.25,3430.36,12869.74,16704.77,0.0,1014.9,0.0,1129.2,248.37,1377.56,7111.16,15327.2,387.26,-705.63,100.0,220.96,22.5,6.68,0.09,0.16,0.0,0.0,4.48,4.68,4.88,5.08,4.88,6.73,6.66,0.0,3.04,2.52,3,2011,0.0,1170.5,187.28
2011-06-30,4099.62,784.03,0.6618943488690531,0.7,1018.7,788.05,1012.1700000000001,16.5,0.0,3311.5699999999997,780.4,682.35,2536.19,790.29,4267.45,13488.54,18163.04,0.0,1120.31,0.0,1423.67,1450.36,2874.03,7111.16,15289.01,445.99,-794.63,370.36,224.11999999999998,6.231508105557186,7.67,0.19,0.82,0.7,0.85,17.27382812902163,18.82362953125161,20.502581050334083,21.24519422223595,18.855917060464733,14.17,14.06,0.0,3.0,2.44,6,2011,829.1670731707317,1184.5243902439024,971.31
2011-09-30,4030.669999999999,823.96,0.6930320230383175,0.0025883123497830183,1072.64,827.74,1054.6399999999999,12.3,0.0,3202.9300000000003,827.0799999999999,700.25,2729.7,719.84,4434.08,14072.19,18923.13,0.0,1030.24,0.0,1371.74,1452.12,2823.85,7111.16,16099.28,874.4000000000001,-856.5000000000002,0.0,226.90000000000003,4.439369174474489,5.43,0.18,1.51,0.7,0.46,17.422182512936775,18.927576576225306,20.469687567886726,21.332535384649663,18.890859647852412,16.52,16.41,0.0,3.23,2.71,9,2011,3.077297690195337,1188.9205298013244,1795.27
2011-12-31,3253.17,193.98000000000002,0.1638237526706045,-0.002863161013626962,404.8699999999999,196.76,422.9499999999998,16.7,0.0,3056.3999999999996,179.12000000000012,1172.53,2032.23,653.9,4127.43,15083.59,19624.5,0.0,1752.15,0.0,1873.29,1465.98,3339.26,7111.16,16285.23,1430.3899999999999,-958.1099999999997,0.0,226.18999999999994,25.48348412207444,7.29,0.21,1.68,0.7,0.42,3.9551734573331663,4.2672187005152695,4.766491089606637,4.9342154078170175,4.3998379288676635,14.11,14.01,0.0,2.2,1.85,12,2011,-3.3902041942603773,1184.077380952381,1989.25
2012-03-31,4147.2,509.26,0.43,0.0,742.33,524.73,812.22,18.3,0.0,3622.47,483.31,542.6,2688.75,770.88,4196.89,15230.44,19846.72,0.0,1504.15,0.0,1583.85,1467.84,3051.7,7111.16,16795.02,127.69,-757.63,0.0,287.49,10.639999999999999,7.75,0.18,0.43,0.0,0.0,10.28,11.48,12.12,12.68,11.48,12.4,12.28,0.0,2.65,2.16,3,2012,0.0,1184.3255813953488,509.26
2012-06-30,4056.6600000000008,525.1400000000001,0.4416780742459397,1.0,782.7299999999999,554.99,850.3,18.1,0.0,3501.6700000000005,514.22,971.5,2742.58,718.05,4584.52,15288.21,20591.22,0.0,1226.8,214.3,1597.89,2855.41,4453.3,7111.16,16137.92,777.03,-762.9399999999999,414.81,295.30999999999995,10.242754313135546,7.98,0.28,0.87,1.0,1.15,10.194133023975251,11.311020108275331,13.016811291569994,13.3620309358082,11.534397525135343,12.74,12.61,0.0,2.87,2.42,6,2012,1188.9655172413795,1188.9655172413795,1034.4
2012-09-30,4642.859999999999,597.5799999999999,0.5053128102060074,-0.0053875744758536985,956.29,636.54,946.3000000000002,18.5,0.0,4006.329999999999,647.1100000000001,1826.26,3202.99,854.12,6059.14,15296.1,22065.54,0.0,2090.26,214.3,2462.91,2859.29,5322.2,7111.16,16743.34,1150.3799999999999,-295.6100000000001,0.0,309.76,9.155615900799894,7.86,0.32,1.38,1.0,0.72,10.838593610215812,12.259328178041395,14.280579418865425,14.558867633181777,12.830551354796013,12.8,12.7,0.0,2.46,2.11,9,2012,-6.371314342828782,1182.5942028985507,1631.98
2012-12-31,4246.289999999999,50.91000000000008,0.04295717485991366,0.002142880333270873,396.8800000000001,100.07999999999993,464.6099999999997,18.0,0.0,4146.200000000001,40.1099999999999,1991.1,2223.03,773.97,5170.23,15424.43,21484.79,0.0,1474.33,428.6,2046.14,2641.5,4687.63,7111.16,16797.16,919.3600000000001,-747.8300000000002,0.0,364.53,104.78808289137677,7.62,0.28,1.42,1.0,0.7,0.9474779694454198,1.0696941570750333,1.212481386186859,1.230632305141752,1.1301972202580104,9.94,9.85,0.0,2.53,2.15,12,2012,2.5395999183508593,1185.1338028169016,1682.89
2013-03-31,4582.77,137.69,0.12,0.0,497.66,157.06,497.21,18.2,0.0,4425.71,105.62,2134.19,2568.08,940.01,5871.84,15242.24,22066.86,0.0,1947.29,428.6,2476.69,2643.52,5120.22,7111.16,16946.64,346.47,-168.4,0.0,340.15,37.9175,7.64,0.3,0.12,0.0,0.0,2.48,3.0,3.24,3.28,3.2,3.05,3.0,0.0,2.37,1.99,3,2013,0.0,1147.4166666666667,137.69
2013-06-30,4308.029999999999,24.97,0.02149145456781016,0.86,264.08,91.07,440.06,11.7,0.0,4216.97,56.51999999999998,2817.59,2766.3,934.92,6729.76,15138.36,23137.57,0.0,2687.84,642.9,3490.99,3617.11,7108.1,7111.16,16029.46,999.3499999999999,-543.9200000000001,164.02,348.99,136.0982799359231,5.19,0.44,0.14,0.86,6.11,0.4298290913562031,0.6938669617607278,0.620181974671093,0.620181974671093,0.7736923644411656,1.85,1.83,0.0,1.93,1.66,6,2013,999.1971428571427,1161.8571428571427,162.66
2013-09-30,4153.43,48.05000000000001,0.041046936547862,0.006431181651152321,371.3900000000001,62.10000000000002,416.02,10.9,0.0,4091.3199999999997,37.68000000000001,2675.94,2225.81,896.59,6015.4,14943.08,22376.71,0.0,1850.07,642.9,2676.76,3619.36,6296.12,7111.16,16080.58,87.75,-243.67999999999995,0.0,353.91999999999996,66.39228720083246,4.82,0.39,0.18,0.86,4.76,0.8574248967775617,1.2770158037112622,1.194921930615538,1.1675573062502969,1.4320820084476298,1.63,1.62,0.0,2.25,1.91,9,2013,7.528412698412808,1170.611111111111,210.71
2013-12-31,4468.549999999999,-12.54000000000002,-0.010757430488974132,-0.0036188345584319314,259.75,-14.319999999999993,340.80999999999995,10.5,0.0,4482.869999999999,-65.72999999999999,1512.68,2659.65,904.68,5347.51,14841.07,21783.41,0.0,1942.58,333.33,2458.05,3180.38,5638.43,7111.16,16144.98,-97.47000000000003,-359.97,-750.29,355.1300000000001,-243.99878787878745,4.62,0.35,0.17,0.86,5.04,-0.23033557046979908,-0.346768935762225,-0.3113326941514866,-0.3037392138063284,-0.3872674976030688,1.14,1.13,0.0,2.18,1.81,12,2013,-4.21849673202621,1165.705882352941,198.17
2014-03-31,4595.67,96.47,0.08,0.0,373.24,114.77,466.29,10.7,0.0,4480.9,102.0,1669.93,2713.1,1025.62,5650.42,14592.67,21839.94,0.0,1650.84,333.33,2089.52,3551.89,5641.41,7111.16,16198.53,-80.38,-116.64,336.46,351.52,33.4375,4.7,0.35,0.08,0.0,0.0,1.76,2.08,2.4,2.32,2.32,2.1,2.1,0.0,2.7,2.21,3,2014,0.0,1205.875,96.47
2014-06-30,4338.23,177.57000000000002,0.1490333527952124,0.060000000000000005,270.06999999999994,-32.28999999999999,371.11999999999995,11.0,0.0,4370.52,-60.23,1660.45,2327.52,986.15,5255.11,14311.9,21409.68,0.0,1108.95,300.0,1551.92,3555.86,5107.79,7111.16,16301.89,288.29999999999995,-81.98,-146.42999999999998,403.40999999999997,18.453755138818494,4.8,0.31,0.23,0.06,0.28,3.3176120274412497,0.9589972266822362,4.35436578601664,4.40620347394541,1.08859144650416,3.08,3.07,1.08,3.39,2.75,6,2014,71.48869565217392,1191.4782608695652,274.04
2014-09-30,4453.3099999999995,3.7099999999999795,0.003072187218721856,0.0008014401440143889,296.56000000000006,48.63000000000001,366.63,11.2,0.0,4404.6900000000005,7.809999999999995,1257.7,2946.31,1097.34,5588.31,14113.18,21539.94,0.0,1820.09,126.67,2135.37,3083.59,5218.96,7111.16,16320.97,360.19000000000005,-87.06,-694.91,318.0000000000001,911.4841644204903,4.88,0.32,0.23,0.06,0.28,0.06892385238523814,0.032057605760575876,0.09082988298829832,0.09136417641764126,0.03633195319531934,2.09,2.07,1.08,2.62,2.1,9,2014,0.9678260869565065,1207.6086956521738,277.75
2014-12-31,4460.630000000001,-1241.47,-1.0434469555472543,-0.0008992057949359147,425.61,-1207.9900000000002,-846.18,9.85,0.0,5668.610000000001,132.89,2149.1,2059.46,862.29,5325.6,13305.73,19772.72,0.0,1416.66,0.0,1604.57,3096.54,4701.11,7111.16,15071.61,1322.3899999999999,-298.76000000000005,-161.01,361.80999999999995,-2.359870798327789,4.65,0.31,-0.81,0.06,-0.08,-25.09425517785249,-26.69163076412236,-32.92654837504669,-31.79292699124227,-30.556249118001077,-5.43,-5.4,-6.92,3.32,2.78,12,2014,-1.0698550724637528,1189.7777777777778,-963.72
2015-03-31,3978.25,189.94,0.16,0.0,463.17,229.76,585.68,10.0,0.0,3748.49,200.66,2081.88,2142.78,1042.42,5585.43,13006.33,19721.16,0.0,2004.47,0.0,2076.46,2380.79,4457.26,7111.16,15263.9,741.78,-57.98,-753.24,355.92,15.625,4.66,0.29,0.16,0.0,0.0,3.84,4.44,4.96,4.84,5.2,4.81,4.77,6.48,2.69,2.19,3,2015,0.0,1187.125,189.94
2015-06-30,3970.4399999999996,-46.19999999999999,-0.03856963962710448,0.1,190.27000000000004,-32.129999999999995,331.57000000000005,10.1,0.0,4002.5700000000006,-102.52,1577.34,1947.3,972.85,5150.89,13067.66,19084.46,0.0,1496.78,0.0,1577.49,2425.0,4002.49,7111.16,15081.98,31.83000000000004,-370.58,-141.60000000000002,363.7,-65.46859199134201,4.76,0.27,0.12,0.1,0.83,-0.9642409906776122,-1.2599415611520797,-1.2213719215249752,-1.182802281897871,-1.4527897592876022,1.83,1.81,3.38,3.27,2.65,6,2015,119.78333333333336,1197.8333333333335,143.74
2015-09-30,4369.31,385.26,0.32772589792060497,-0.0018950850661626044,667.0799999999999,416.52,790.0899999999999,9.4,0.0,3952.79,360.25,1536.38,1845.7,1221.92,5281.97,12498.76,18979.33,0.0,1282.15,114.35,1660.62,1851.0,3511.62,7111.16,15467.7,573.7199999999999,-86.97999999999996,-523.83,373.57000000000005,7.171007890775061,4.32,0.23,0.45,0.1,0.22,8.127602268431001,8.826750850661625,9.962867296786388,9.700686578449906,10.341572778827977,4.35,4.29,7.46,3.18,2.44,9,2015,-2.227777777777817,1175.5555555555554,529.0
2015-12-31,4336.810000000001,37.01999999999998,0.03139394367690186,0.0003097652615337618,465.22,45.64999999999998,420.29999999999995,9.25,0.0,4291.16,155.76,2504.74,1783.78,1028.17,5658.64,12224.1,19047.96,0.0,1518.91,112.46,1719.86,1832.14,3552.0,7111.16,15495.97,849.46,135.05999999999995,-16.559999999999945,374.64999999999986,73.65751890869802,4.24,0.23,0.48,0.1,0.21,0.7770001060033211,0.8894950708455527,0.9548991201724316,0.9679799300378075,0.9967577117416341,3.42,3.4,6.67,3.29,2.69,12,2015,0.36527777777779136,1179.2083333333333,566.02
2016-03-31,3908.25,99.37,0.08,0.0,410.73,132.79,501.44,10.7,0.0,3775.46,129.49,2446.64,1879.31,897.66,5563.45,11901.1,18593.55,0.0,1475.89,217.74,1774.22,1212.32,2986.54,7111.16,15607.01,497.12,-50.37,-517.79,368.65,33.4375,4.88,0.19,0.08,0.0,0.0,2.12,2.76,2.56,2.56,3.16,2.55,2.54,7.46,3.14,2.63,3,2016,0.0,1242.125,99.37
2016-06-30,3952.6099999999997,135.34,0.1153252950449491,0.4,430.77,140.53,509.21999999999997,9.9,0.0,3812.08,146.57999999999998,1827.04,1785.15,1028.19,4958.26,11580.42,17652.51,0.0,1425.03,211.55,1698.36,678.42,2376.79,7111.16,15275.73,440.13,-40.339999999999996,-1035.56,368.69000000000005,21.4610333234816,4.61,0.16,0.2,0.4,2.0,3.067652848195646,3.436693792339483,3.5520190873844317,3.5750841463934218,3.9441250905372587,3.0,2.99,8.5,2.92,2.31,6,2016,469.42,1173.55,234.71
2016-09-30,3412.2699999999995,89.34,0.07443851257521987,0.008877025150439782,341.51,93.57999999999998,467.55000000000007,9.9,0.0,3318.6899999999996,81.51999999999998,2142.48,1773.88,935.42,5171.28,11264.49,17536.13,0.0,1268.27,207.8,1601.15,567.96,2169.11,7111.16,15367.02,501.22,-85.10000000000001,-110.45000000000005,373.9699999999999,33.25194062010298,4.58,0.14,0.27,0.4,1.48,2.0401666409504706,2.216613485573214,2.3268927634624283,2.315864835673507,2.5364233914519363,2.89,2.87,9.27,3.23,2.65,9,2016,10.654074074074117,1200.1851851851852,324.05
2016-12-31,4613.880000000001,799.6500000000001,0.6760412031681055,-0.00586488419539946,937.4799999999998,808.91,1190.5700000000002,16.5,0.0,3804.9799999999996,655.5899999999999,3207.23,2103.17,962.43,6537.23,10953.28,18579.0,0.0,1528.16,618.35,2259.54,155.19,2414.73,7111.16,16164.27,1106.51,-30.189999999999998,-14.779999999999973,381.6600000000001,6.10225379853686,7.26,0.15,0.95,0.4,0.42,17.22126012280858,17.790557978108037,19.783100471656137,20.21007386313073,20.49472279078046,7.18,7.07,23.84,2.89,2.47,12,2016,-6.93723196881092,1182.842105263158,1123.7
2017-03-31,4758.6,769.77,0.65,0.0,1062.11,773.37,1094.64,18.3,0.0,3985.23,754.65,3721.31,2573.89,949.3,7529.23,10378.96,19291.19,0.0,1549.9,495.82,2189.15,158.73,2347.88,7111.16,16943.31,668.8,-58.18,-113.73,321.27,7.0375,7.68,0.14,0.65,0.0,0.0,15.959999999999999,16.32,18.16,18.92,18.08,16.25,16.18,97.77,3.44,3.01,3,2017,0.0,1184.2615384615383,769.77
2017-06-30,4580.5,384.03,0.32285413416536657,0.45000000000000007,924.6700000000001,393.83000000000004,709.3399999999999,19.1,83.77,4186.67,582.62,4049.93,2399.45,1087.2,7752.96,10108.53,19118.37,0.0,1572.92,501.07,2166.66,163.7,2330.35,7111.16,16788.01,901.3600000000001,-28.740000000000002,-540.41,315.51,14.78941879540661,8.09,0.14,0.97,0.45,0.46,8.041397815912637,8.454118564742588,9.146424336973478,9.585772230889235,9.173051482059282,12.42,12.35,77.92,3.58,3.08,6,2017,535.2680412371135,1189.4845360824743,1153.8
2017-09-30,4803.09,355.28,0.29899382405174013,-0.00046678265640931525,845.5000000000002,408.26,728.96,20.0,100.51,4394.83,542.55,4540.42,2314.93,1095.96,8268.23,9886.14,19196.27,0.0,1775.64,0.0,1874.86,166.96,2041.82,7111.16,17154.45,1066.7,-65.14,-521.4,320.70000000000005,16.724843785183516,8.29,0.12,1.27,0.45,0.35,7.401862856839928,8.079896095634426,8.287072918599412,8.739095077795742,8.56958676809712,10.73,10.67,78.15,4.41,3.83,9,2017,-0.5546554103418657,1188.251968503937,1509.08
